1888 3194
562 121 983 165 EDITIONUM
1029 123 1220 166 LIVII.
1503 132 1588 170 453

307 212 481 270 Isagoge
509 213 671 254 auctior
697 212 915 268 prodierit,
938 221 981 254 et
1009 212 1181 268 insuper
1207 213 1388 255 addatur
1408 218 1590 258 vocabu-

307 270 444 311 lorum
479 269 754 311 Livianorum
790 269 1105 325 compendiaria
1139 269 1393 326 explanatio.
1462 273 1591 315 Prae-

306 336 432 376 terea,
481 335 727 368 contextum
780 325 1007 367 Livianum
1057 341 1154 367 cum
1204 326 1351 368 decem
1402 328 1588 372 diversae

305 392 497 425 monetae
529 393 601 425 aut
629 383 856 439 scripturae
886 383 1102 425 codicibus
1130 382 1329 425 collatum
1355 399 1457 434 esse,
1482 401 1590 428 nova

305 440 499 482 Ascensii
533 440 745 482 Praefatio
777 440 906 496 priori
942 440 1128 481 subiecta
1160 440 1298 490 docet,
1334 456 1442 496 quae
1479 443 1588 485 hanc

303 507 445 538 notam
485 497 839 553 Chronologicam
881 497 1169 553 praeferebat:
1220 504 1231 522 ‘
1251 498 1396 539 Pridie
1438 501 1588 541 natalis

305 559 317 578 ‘
332 554 551 596 Dominici
574 555 860 596 M.D.X111.’
919 553 971 595 In
993 554 1104 596 calce
1127 569 1225 596 vero
1254 554 1351 596 libri
1380 555 1483 598 haec
1504 557 1588 598 for-

302 611 417 653 mula
459 612 637 668 ascripta
678 612 911 668 reperitur:
963 611 1059 652 ‘Ex
1102 612 1278 653 aedibus
1315 613 1588 656 Ascensianis

304 668 456 726 ‘longe
493 669 761 718 accuratiore,
796 684 923 725 quam
960 668 1138 725 pridem,
1172 669 1401 725 vigilantia,
1436 671 1588 713 collato

304 732 318 750 ‘
332 726 531 768 videlicet
552 726 782 782 exemplari
803 741 899 767 cum
922 726 1069 768 decem
1086 727 1351 768 venerandae
1368 729 1588 770 vetustatis

304 783 561 834 ‘codicibus,
584 793 626 825 et
657 799 743 825 non
775 784 989 825 oscitantis
1021 783 1179 825 iudicio
1205 785 1434 840 recognito,
1458 795 1585 842 atque

305 847 317 865 ‘
333 841 426 898 plus
448 856 574 897 quam
600 841 810 882 sexcentis
839 841 940 881 locis
968 840 1185 890 illustrato,
1209 842 1252 882 in
1274 841 1424 883 illustri
1448 842 1588 883 Parri-

304 899 487 940 ‘siorum
540 898 786 947 Academia,
839 898 1039 954 impensis
1101 897 1303 939 Iohannis
1354 899 1492 949 Parvi,
1544 908 1587 941 et

305 956 475 1011 ‘ipsius,
513 956 586 1011 qui
627 956 849 1012 impressit,
891 955 1097 1005 Ascensii,
1135 971 1246 997 anno
1282 956 1587 1014 redemptionis

302 1017 315 1036 ‘
330 1012 537 1053 humanae
562 1013 827 1054 M.D.X111.
851 1012 903 1053 ad
929 1012 1075 1054 Nonas
1098 1012 1385 1054 Decembres?

190 1071 313 1111 1516.
347 1069 517 1110 Parisiis
539 1084 591 1110 ex
613 1069 787 1110 aedibus
810 1070 1093 1118 Ascensiauis,
1116 1070 1160 1110 in
1181 1071 1314 1111 forma
1335 1071 1505 1113 maiore.

361 1125 481 1168 Haec
507 1126 650 1175 editio,
675 1141 800 1182 quam
831 1126 978 1167 itidem
1002 1126 1217 1168 Maittaire
1246 1127 1289 1167 in
1315 1128 1472 1170 Annal.
1497 1128 1589 1185 Ty-

298 1183 566 1240 pographicis
587 1198 672 1224 non
698 1184 922 1233 recensuit,
941 1183 1089 1224 eadem
1112 1184 1254 1225 onmia
1271 1184 1456 1234 exhibet,
1475 1201 1584 1241 quae

298 1241 491 1297 proxime
522 1240 791 1297 praecedens,
815 1241 939 1295 eique
971 1256 1098 1296 quam
1133 1241 1344 1282 simillima
1376 1251 1451 1291 est,
1478 1243 1585 1284 adeo

299 1307 346 1339 ut
388 1307 565 1354 utraque
609 1298 787 1339 totidem
828 1298 938 1339 foliis
981 1298 1228 1340 absolvatur.
1293 1298 1396 1340 Non
1443 1309 1583 1341 tamen

298 1364 521 1411 propterea
551 1355 878 1397 existimandum
911 1364 986 1405 est,
1017 1370 1109 1396 eam
1142 1364 1306 1397 tantum
1337 1356 1497 1406 fraude,
1520 1357 1585 1398 bi-

301 1412 495 1469 bliopolis
516 1413 669 1454 nostris
694 1412 820 1454 hodie
847 1412 1075 1454 admodum
1097 1413 1322 1469 frequenti,
1345 1428 1388 1455 se
1411 1429 1435 1455 a
1455 1414 1583 1470 priori

299 1469 506 1511 diversam
539 1485 627 1511 esse
659 1470 840 1510 mentiri.
905 1470 1033 1511 Plura
1066 1471 1179 1511 enim
1213 1480 1379 1512 exstant
1411 1471 1581 1521 indicia,

301 1527 414 1568 unde
432 1527 570 1582 colligi
593 1537 743 1583 potest,
762 1542 852 1568 eam
876 1527 955 1568 hoe
977 1543 1088 1569 anno
1110 1543 1254 1569 revera
1275 1537 1405 1569 totam
1429 1529 1581 1569 iterum

301 1599 498 1625 excusam
535 1600 636 1625 esse.
700 1584 870 1625 Titulus
906 1585 1019 1626 0111111
1056 1585 1348 1641 praecedentis
1384 1586 1583 1627 editionis

301 1641 474 1683 exhibet
515 1642 695 1697 signum,
733 1657 818 1696 quo
860 1641 1070 1682 Iohannes
1112 1642 1283 1691 Parvus,
1325 1643 1410 1684 sive
1453 1642 1581 1692 Petit,

301 1714 428 1755 quem
459 1699 688 1740 Ascensius
721 1699 820 1739 artis
853 1715 951 1740 suae
986 1700 1146 1740 socium
1179 1699 1483 1755 adsumpserat,
1519 1701 1581 1741 uti

300 1756 445 1798 solitus
486 1766 600 1805 erat3
646 1771 798 1811 nempe
840 1756 946 1797 duos
983 1756 1164 1806 Leones,
1202 1766 1367 1797 scutum
1409 1757 1496 1798 lilio
1539 1766 1582 1798 et

300 1813 431 1854 literis
472 1813 506 1855 I.
547 1815 596 1856 P,
637 1814 882 1869 inscriptum
923 1814 1190 1863 sustinentes,
1232 1814 1396 1855 adiecto
1436 1814 1582 1855 subtus

300 1871 470 1912 nomine
492 1871 594 1919 eius,
619 1870 830 1912 JEHAN
854 1870 1052 1912 PETIT.
1108 1871 1248 1912 Huius
1269 1881 1414 1912 contra
1436 1871 1583 1912 titulus

298 1928 478 1984 praefert
500 1929 619 1969 binos
643 1928 822 1977 Leones,
844 1937 1010 1969 scutum
1039 1928 1283 1984 bipartitum
1312 1929 1581 1979 sustinentes,

298 1985 418 2026 cuius
468 1985 672 2041 superiori
719 1995 836 2040 parte
887 1985 1204 2040 conspiciuntur
1256 1995 1337 2027 tres
1386 2001 1580 2036 coronae,

298 2042 463 2099 aequali
495 2042 643 2083 ordine
674 2041 778 2083 aliae
807 2042 860 2083 ad
892 2041 998 2083 latus
1029 2042 1203 2084 aliarum
1225 2042 1465 2099 dispositae,
1487 2058 1582 2099 pars

297 2109 439 2142 autern
491 2100 662 2141 inferior
703 2099 824 2156 pellis
875 2100 1064 2141 murinae
1109 2100 1334 2156 imaginem
1379 2100 1580 2151 imitatur,

298 2157 444 2199 addito
469 2158 616 2199 subtus
647 2157 817 2199 nomine
847 2155 1214 2200 LODOVICUS
1243 2157 1579 2200 HORNKEN.

299 2214 470 2257 Deinde
506 2215 550 2256 in
584 2215 711 2271 priori
748 2215 935 2256 editione
970 2214 1073 2256 haec
1104 2216 1231 2257 verba
1262 2216 1339 2256 sub
1371 2215 1583 2272 descripto

298 2273 330 2314 si
364 2288 419 2314 no
452 2273 676 2329 leguntur:
713 2278 724 2296 ‘
741 2272 1065 2314 vaenundantur
1092 2273 1144 2314 ab
1167 2272 1356 2315 Iohanne
1380 2273 1515 2314 Parvo
1541 2283 1583 2314 et

300 2335 312 2354 ‘
329 2288 485 2372 fodoco
514 2330 647 2371 Badio
670 2330 875 2371 Asceusio
892 2331 922 2379 ;'
959 2331 1003 2371 in
1031 2331 1250 2386 posteriori
1279 2339 1420 2372 autem
1449 2331 1578 2372 hacc:

299 2387 623 2429 ‘vaenfidantur
657 2389 708 2430 ab
745 2387 943 2429 Gotfrido
980 2387 1227 2444 Hittorpio.'
1288 2387 1468 2453 Insuper
1500 2389 1582 2430 for-

299 2445 413 2487 mula
445 2445 499 2487 ad
531 2446 659 2486 {inem
694 2446 817 2486 huius
849 2445 1047 2487 editionis
1078 2445 1224 2487 addita
1253 2445 1297 2486 111
1328 2446 1581 2502 quibusdam

297 2502 438 2545 differt
465 2503 517 2544 ab
551 2503 634 2552 illa,
657 2518 784 2558 quam
811 2502 1081 2559 praecedenti
1109 2503 1316 2544 adiectam
1342 2518 1432 2545 esse
1455 2503 1580 2544 modo

297 2560 491 2602 vidimus.
555 2559 606 2602 Ι11
643 2560 720 2601 hac
754 2561 868 2601 euim
906 2560 1054 2602 ultima
1089 2560 1180 2602 eius
1215 2576 1310 2617 pars
1346 2560 1410 2601 his
1444 2560 1580 2602 verbis

297 2618 559 2674 coneipitur:
595 2623 606 2641 ‘
624 2618 667 2659 in
690 2618 838 2660 illustri
862 2617 1168 2659 Parrhisiorum
1189 2618 1417 2668 academia,
1442 2633 1582 2659 rursus

300 2680 455 2732 ‘opera
482 2685 525 2717 01
552 2676 818 2718 accuratione
843 2675 1115 2725 Ascensiana,
1136 2691 1248 2717 anno
1277 2675 1580 2731 redemptionis

300 2737 310 2756 ‘
328 2731 535 2774 humanae
558 2734 823 2775 M.1).XV1.
842 2732 894 2774 ad
919 2732 1064 2774 Nonas
1087 2732 1258 2774 Iunias.’
1304 2733 1503 2788 Denique
1527 2747 1577 2772 cx

300 2798 387 2831 toto
418 2790 566 2845 passim
596 2799 799 2831 contextu
825 2791 1003 2833 Liviano
1031 2790 1135 2832 duas
1162 2790 1345 2832 diversas
1372 2789 1581 2831 editiones

300 2860 387 2888 esse
427 2847 651 2889 clarissime
693 2848 844 2890 elucet.
925 2848 1129 2896 Quamvis
1179 2847 1292 2889 enim
1341 2845 1579 2904 posterioris
