1888 3194
395 200 472 239 116
902 194 1050 238 ΤΙΤΙ
1092 194 1271 237 LIVII

189 293 232 324 U·
249 293 287 325 C.
309 292 381 332 583·
395 287 555 331 tabellis
575 287 763 344 publicis,
785 286 1008 342 clausoque
1031 285 1245 336 tabulario,
1267 296 1310 328 et
1330 286 1507 328 dimissis
1527 286 1654 328 servis
1673 285 1811 342 pub-9
1840 331 1845 336 ᾗ

188 336 228 367 Α·
252 336 290 367 C·
317 335 384 377 ¹69·
397 347 498 396 licis,
520 355 740 402 negarunt,
763 359 805 386 se
826 345 941 401 prius
961 344 1187 400 quicquam
1215 344 1373 400 publici
1392 344 1551 399 negotii
1577 352 1778 399 gesturos,

397 419 522 461 quam
543 403 746 446 iudicium
773 401 919 458 populi
939 401 992 442 de
1013 417 1056 442 se
1077 401 1232 442 factum
1254 410 1370 443 esset.
1433 401 1554 442 Prior
1576 400 1780 443 Claudius

397 477 562 504 causam
594 461 725 502 dixit:
769 469 823 510 et,
855 474 986 516 quum
1017 474 1070 500 ex
1102 458 1326 500 duodecim
1361 459 1560 500 centuriis
1589 458 1809 514 equitum1

397 528 491 562 octo
531 533 745 560 censorem
787 517 1148 565 condemnassent,
1189 516 1429 573 multaeque
1471 516 1574 558 aliae
1620 516 1778 572 primae
1794 532 1812 553 2

397 577 548 626 classis,
584 575 795 631 extemplo
827 574 1035 630 principes
1071 574 1247 615 civitatis
1282 574 1323 615 in
1359 582 1586 630 conspectu
1619 573 1778 630 populi,

398 634 562 676 annulis
590 634 724 674 aureis
754 633 910 688 positis,
942 640 1099 672 vestem
1128 640 1354 682 mutarunt,
1384 633 1432 673 ut
1455 632 1662 688 supplices
1691 630 1781 686 ple-

397 693 493 734 bem
514 691 791 732 circumirent.
853 688 1042 730 Maxime
1060 697 1200 729 tamen
1221 690 1471 730 sententiam
1486 689 1655 737 vertisse
1676 688 1780 729 dici-

398 759 466 791 tur
486 749 537 790 T.
560 747 788 796 Gracchus,
810 746 936 802 quod,
960 761 1091 802 quum
1118 745 1273 787 clamor
1296 747 1484 802 undique
1505 747 1637 802 plebis
1657 753 1779 795 esset,

397 806 632 864 periculum
665 803 857 845 Graccho
892 818 978 844 non
1013 817 1113 852 esse,
1146 803 1358 859 conceptis
1387 803 1522 844 verbis
1551 803 1715 853 iuravit,
1746 803 1781 844 si

397 864 556 920 collega
575 862 796 903 damnatus
816 869 934 910 esset,
957 875 1043 901 non
1064 868 1304 916 exspectato
1325 860 1377 901 de
1398 875 1441 901 se
1462 860 1631 910 iudicio,
1652 860 1782 902 comi·
1802 880 1804 882 v

399 930 483 963 tem
504 919 640 962 exsilii
661 919 749 960 eius
775 918 975 959 futurum.
1043 917 1163 959 Adeo
1191 926 1333 959 tamen
1357 918 1411 959 ad
1431 926 1667 960 extremum
1694 917 1782 974 spei

396 978 512 1020 venit
541 992 648 1027 reus,
680 985 728 1017 ut
758 984 851 1017 octo
887 975 1099 1017 centuriae
1131 975 1184 1017 ad
1214 975 1526 1017 damnationem
1556 975 1778 1031 defuerint.

397 1035 605 1078 Absoluto
641 1033 835 1083 Claudio,
871 1033 1061 1075 tribunus
1095 1032 1229 1090 plebis
1260 1033 1428 1090 negavit
1462 1048 1505 1075 se
1541 1032 1780 1075 Gracchum

396 1093 558 1136 morari.

456 1151 520 1193 Eo
541 1165 664 1200 anno,
686 1148 992 1206 postulantibus
1013 1147 1351 1204 Aquileiensium
1377 1148 1537 1205 legatis,
1559 1156 1606 1190 ut
1632 1162 1782 1189 nume-

397 1224 467 1250 rus
497 1208 740 1250 colonorum
770 1215 1004 1263 augeretur,
1027 1205 1140 1246 mille
1171 1214 1213 1247 et
1241 1207 1495 1262 quingentae
1520 1205 1700 1247 familiae
1726 1219 1781 1246 ex

396 1265 754 1308 senatusconsulto
782 1265 972 1320 scriptae,
994 1263 1296 1319 triumvirique,
1319 1264 1393 1320 qui
1420 1279 1488 1305 eas
1509 1263 1780 1313 deducerent,

397 1324 510 1366 missi
537 1332 646 1372 sunt,
676 1322 726 1364 T.
747 1322 916 1363 Annius
941 1321 1114 1371 Luscus,
1137 1321 1184 1362 P.
1204 1321 1363 1362 Decius
1391 1321 1564 1371 Subulo,
1594 1320 1656 1362 M.
1675 1319 1781 1362 Cor-

396 1381 531 1423 nelius
562 1380 788 1436 Cethegus.
852 1379 1015 1420 Eodem
1043 1394 1153 1419 anno
1182 1378 1231 1420 C.
1250 1379 1455 1435 Popillius
1482 1387 1525 1420 et
1551 1377 1631 1420 Cn.
1653 1378 1782 1420 Oeta-

396 1439 487 1480 vius
507 1438 645 1495 legati,
668 1438 740 1493 qui
765 1437 809 1478 in
834 1436 1054 1478 Graeciam
1075 1436 1188 1477 missi
1209 1445 1340 1487 erant,
1362 1435 1781 1485 senatusconsultum,

397 1496 556 1538 Thebis
586 1496 768 1552 primum
798 1495 1030 1544 recitatum,
1062 1509 1137 1550 per
1169 1509 1313 1536 omnes
1345 1494 1628 1550 Peloponnesi
1660 1494 1783 1536 urbes

396 1553 754 1603 circumtulerunt,
779 1557 790 1576 ‘
808 1551 876 1593 Ne
898 1551 991 1608 quis
1018 1551 1145 1592 ullam
1172 1567 1261 1593 rem
1285 1551 1328 1592 in
1349 1551 1505 1594 bellum
1533 1551 1783 1608 magistrati-

398 1617 410 1635 ‘
425 1612 502 1653 bus
532 1610 734 1652 Romanis
756 1610 974 1659 conferret,
996 1618 1288 1665 praeterquam
1309 1609 1424 1665 quod
1444 1618 1613 1650 senatus
1633 1624 1782 1650 censu—

398 1669 545 1710 ‘isset.’
604 1667 701 1709 Hoc
722 1667 918 1708 fiduciam
939 1667 984 1707 in
1011 1675 1221 1722 posterum
1245 1682 1413 1722 quoque
1440 1667 1700 1723 praebuerat,
1721 1666 1782 1708 le·
1816 1667 1821 1673 ’

395 1735 510 1768 vatos
538 1742 580 1767 se
602 1725 883 1780 oneribusque
912 1724 1207 1780 impensisque,
1230 1724 1394 1780 quibus,
1424 1724 1503 1766 alia
1529 1724 1619 1765 aliis
1648 1724 1782 1780 impe-

396 1784 595 1833 rantibus,
617 1782 982 1824 exhauriebantur.
1045 1781 1234 1823 Achaico
1261 1781 1438 1823 concilio
1463 1781 1591 1838 Aegii
1611 1781 1780 1837 agitato,
1794 1796 1813 1827 3

396 1842 576 1898 benigne
597 1841 725 1882 locuti
747 1840 977 1895 auditique,
1000 1839 1166 1895 egregia
1185 1855 1257 1895 spe
1284 1839 1414 1880 futuri
1434 1847 1563 1880 status
1583 1839 1814 1880 fidissima4

394 1910 519 1955 gente
547 1898 703 1948 relicta,
733 1898 777 1938 in
808 1897 1017 1938 Aetoliam
1048 1897 1311 1937 traiecerunt.
1373 1896 1439 1937 Ibi
1468 1896 1656 1937 nondum
1688 1896 1782 1952 qui-

395 1957 492 1997 dem
522 1956 672 1997 seditio
702 1963 802 2003 erat,
831 1954 904 1995 sed
934 1953 1074 1995 omnia
1104 1962 1306 2009 suspecta,
1335 1953 1641 2010 criminumque
1672 1953 1814 1995 inter6

194 703 370 733 Absolvun-

191 749 251 775 tur.

254 1157 317 1198 17.

191 1388 303 1427 Legati

189 1430 286 1462 Rom.
303 1431 334 1461 in

192 1472 336 1505 Graecia.

439 2111 459 2141 9
481 2102 588 2131 Servis
601 2100 755 2139 puhlicis]
785 2098 853 2134 Qui
869 2098 909 2127 ad
926 2097 1065 2127 ministe-

398 2143 445 2173 ria
456 2143 606 2173 tabularii
619 2141 801 2172 censoribus
814 2144 938 2180 praesto
951 2143 1065 2170 essent.

445 2195 455 2214 1
482 2187 537 2215 Em
556 2186 717 2215 duodecim
738 2184 910 2220 centuriis]
936 2192 977 2212 sc.
993 2182 1065 2212 Plc-

398 2227 540 2258 beiorum
569 2227 724 2266 equitum,
752 2225 805 2265 qui
832 2228 904 2264 post
928 2236 984 2256 seoe
1010 2224 1066 2254 illa

397 2271 558 2310 suff'rnyia
579 2269 783 2309 patriciorum
803 2267 946 2307 equitum
962 2278 982 2297 a
997 2267 1065 2297 Ser-

401 2312 449 2342 vio
466 2311 633 2351 conscripti
649 2314 751 2348 erant,
763 2310 816 2349 qui
833 2314 940 2341 tamen
957 2309 989 2339 iu
1005 2309 1065 2348 pri-

397 2365 452 2386 ma
477 2356 578 2385 classe
603 2358 678 2384 ante
708 2353 857 2393 patricios
883 2352 1006 2391 equites
1034 2351 1066 2381 in

399 2397 583 2436 suffragium
599 2397 818 2427 mittebantur.
841 2395 879 2426 cf.
890 2405 974 2434 supr.
985 2394 1005 2425 i.
1016 2403 1067 2433 43.

400 2441 575 2471 Octodecim
590 2450 647 2479 pro
663 2439 824 2470 duodecim
846 2437 1066 2477 reponendum

399 2483 534 2513 suadent
550 2482 691 2513 Gronov.
708 2485 740 2512 et
757 2480 896 2511 Crevier.

443 2534 459 2555 2
475 2526 608 2555 Primae
622 2525 747 2563 classis]
769 2533 812 2554 sc.
827 2523 923 2559 Quae
937 2532 978 2553 ex
994 2532 1066 2553 cen-

400 2567 489 2597 turiis
503 2567 696 2597 urbanarum
712 2566 853 2596 tribuum
868 2569 965 2604 atque
981 2564 1066 2604 equi-

398 2614 467 2640 tum
481 2609 679 2649 plebeiorum
693 2609 867 2639 constabat.
884 2607 1065 2639 cflNiebhr.

399 2652 441 2683 iii.
458 2663 489 2683 11.
507 2660 578 2691 570.
593 2662 678 2691 supr.
694 2651 736 2682 ix.
753 2649 803 2689 46.

443 2704 460 2734 3
482 2696 577 2733 Aeyit'
592 2696 727 2734 agitato]
766 2693 860 2732 Aeyii
883 2691 1066 2723 emendavit

402 2737 538 2768 Ursinus
563 2747 618 2776 pro
640 2737 724 2775 vulg.
740 2737 850 2774 Ανμὶε,
870 2736 955 2774 quod
980 2735 1064 2765 Bek-

400 2780 466 2810 ker.
476 2783 592 2810 tuetur.
622 2780 716 2817 Aeyz'i
730 2777 883 2817 Polybius
893 2778 1003 2816 Legat.
1017 2784 1064 2815 74.

399 2822 540 2859 exhibet,
556 2825 588 2852 ct
605 2821 730 2851 Livium
747 2831 786 2850 ex
806 2820 941 2859 Polybio
959 2829 1065 2850 ernen-

399 2865 539 2895 dandum
557 2874 624 2894 esse
645 2863 927 2893 Drakenborchius
943 2866 975 2892 et
991 2863 1064 2893 Cre-

400 2907 514 2937 vierius
530 2910 673 2937 monent.

442 2962 460 2988 4
485 2951 629 2989 Beniyne
655 2949 767 2986 locuti]
809 2948 872 2979 Sed
901 2947 1001 2987 magis
1032 2951 1066 2977 ut

1110 2097 1263 2127 servirent
1278 2097 1485 2136 temporibus,
1495 2107 1590 2136 quam
1607 2107 1647 2128 ex
1661 2097 1780 2130 animo.

1112 2139 1241 2169 Etenim
1269 2139 1525 2179 “dicebantur‚''
1552 2139 1656 2179 inquit
1683 2141 1780 2181 Poly-

1110 2182 1191 2219 bius,
1215 2182 1427 2212 “accusaturi
1455 2183 1639 2222 Lycortam,
1665 2186 1698 2213 et
1722 2183 1780 2214 Ar-

1110 2224 1258 2261 chonem,
1274 2228 1307 2255 et
1324 2225 1509 2264 Polybium,
1527 2229 1680 2265 tanquam
1703 2226 1779 2257 alie-

1110 2277 1168 2297 nos
1188 2277 1208 2297 a
1231 2267 1342 2306 populi
1360 2267 1500 2298 Romani
1523 2268 1625 2299 rebus.
1670 2268 1712 2299 Id.
1734 2272 1780 2300 ta-

1110 2319 1183 2340 men
1204 2309 1308 2340 facere
1331 2321 1394 2340 non
1420 2314 1494 2341 sunt
1513 2311 1594 2348 ausi,
1608 2311 1694 2350 quod
1709 2312 1780 2342 nul-

1111 2353 1175 2382 lam
1203 2362 1331 2383 causam
1358 2353 1434 2383 satis
1459 2353 1657 2393 probabilem
1683 2353 1778 2385 habe-

1110 2398 1192 2432 rent,
1208 2405 1263 2424 cur
1278 2405 1332 2425 eos
1347 2406 1416 2426 reos
1429 2398 1592 2436 agerent.''
1615 2397 1722 2428 ΟΜΝ.

1153 2445 1170 2476 5
1194 2439 1337 2477 Eyreyia
1350 2440 1423 2478 spe]
1456 2439 1497 2469 Id
1518 2441 1577 2476 est,
1598 2438 1632 2469 in
1654 2439 1779 2479 egregia

1111 2489 1168 2518 spe
1196 2480 1294 2510 futuri
1320 2484 1431 2512 status.
1474 2481 1639 2519 Ceterum,
1665 2481 1690 2511 si
1716 2481 1778 2513 hoc

1110 2521 1219 2552 durius
1250 2522 1385 2561 videtur,
1415 2524 1485 2563 lege
1520 2533 1594 2554 cum
1623 2524 1776 2556 Mureto:

1109 2565 1253 2604 Eyreyia
1267 2576 1323 2605 spe
1338 2589 1346 2596 .
1363 2589 1372 2597 .
1388 2589 1396 2597 .
1413 2589 1420 2597 .
1434 2567 1613 2605 fidissimae
1624 2567 1714 2606 yenti
1728 2577 1778 2598 ‘te-

1110 2607 1194 2637 licta.
1221 2607 1327 2638 CREV.

1151 2648 1171 2679 6
1187 2651 1303 2680 Omnia
1317 2654 1474 2690 suspecta,
1482 2651 1715 2692 criminumque
1728 2652 1777 2682 in-

1110 2695 1156 2721 ter
1172 2693 1255 2731 ipsos
1273 2694 1390 2732 plena]
1428 2693 1512 2723 Rem
1528 2693 1629 2724 fusius
1643 2693 1778 2733 exponit

1111 2734 1276 2773 Polybius,
1299 2735 1456 2774 docetque
1480 2734 1717 2766 criminationes
1739 2735 1777 2766 il-

1110 2776 1156 2806 las
1182 2777 1255 2806 inde
1282 2782 1365 2807 ortas
1391 2787 1469 2814 esse,
1492 2778 1578 2816 quod
1600 2777 1633 2807 hi
1657 2781 1778 2808 ceteros

1110 2820 1338 2849 contenderent
1365 2819 1450 2849 haud
1465 2819 1595 2850 ‘sincera
1616 2819 1680 2850 fide
1703 2830 1776 2851 cum

1111 2861 1266 2891 Romanis
1278 2861 1394 2891 sentire
1407 2875 1414 2899 3
1434 2861 1482 2891 illi
1494 2865 1692 2893 accusatores
1704 2872 1778 2893 suos

1111 2904 1277 2934 calumniis
1297 2904 1328 2933 in
1348 2914 1381 2934 se
1399 2905 1529 2943 grassari
1545 2905 1698 2942 dicerent,
1713 2915 1777 2944 quo

1112 2946 1341 2986 potentioribus
1356 2947 1570 2977 adularentur.
1593 2947 1700 2979 ΟΜΝ.
