1888 3194
674 184 967 232 INDEX.

123 270 186 303 cn.
201 270 348 303 Manlius
381 270 497 308 Vulso,
527 268 641 300 aedilis
674 267 796 300 curulis

166 322 220 353 33,
236 321 286 353 25.
309 315 577 361 creaturpraetor
591 321 643 351 42.
665 311 796 342 sortitur

165 355 310 388 Siciliam
335 355 533 403 provinciam
563 363 615 394 43.
649 353 796 385 coloniae

164 398 374 430 deducendae
391 397 540 428 triumvir
553 406 606 436 34,
623 405 672 437 53.
696 404 749 436 35,
764 405 793 437 9.

164 450 229 472 ons.
260 448 313 480 37,
338 448 391 480 47.
420 439 555 480 suscipit
584 440 708 470 bellum
737 440 793 470 ad-

163 493 273 514 versus
302 483 532 524 Gallograecos
561 483 614 522 38,
647 492 694 513 12.
725 482 794 513 eius

162 525 225 557 iter
238 526 280 557 ab
301 525 434 566 Epheso
455 526 498 556 ad
519 525 793 556 Tolistoboiorum

162 567 244 600 fines
262 576 395 608 12—15.
418 569 487 599 eius
501 569 543 599 ad
557 568 678 599 milites
692 568 793 599 oratio

127 638 132 642 .
166 618 215 650 17.
236 611 419 652 aggreditur
436 611 664 649 Tolistoboios,
679 611 792 651 Olym-

162 663 243 694 pum
265 658 409 685 montem
430 654 605 685 insidentes
628 663 677 685 20.
705 654 792 694 capit

163 706 275 728 eorum
301 701 405 728 castra
433 706 482 737 23.
512 707 562 728 res
588 697 658 729 eius
684 703 792 737 gestae

126 767 131 771 .
161 739 314 771 adversus
342 740 537 780 Tectosagos
570 745 602 770 et
638 740 794 770 Trocmos

164 790 298 822 24—27.
328 783 370 814 ad
397 793 471 814 eum
497 783 671 823 legationes
697 782 794 813 Asiae

163 832 214 864 37.
235 825 429 866 itinPamp
431 826 566 866 hpliam,
581 825 658 857 ibid.
680 825 794 856 foedus

160 867 239 899 facit
259 878 332 899 cum
354 836 517 899 Antiocho
537 849 588 907 38.
614 878 665 899 res
681 878 791 908 regum

161 914 195 941 et
215 911 341 942 urbium
363 911 528 952 componit
550 920 600 952 39.
623 910 743 942 traiicit
758 911 791 941 in

162 953 335 985 Thraciam
353 964 402 992 40.
426 964 500 985 eum
515 964 570 984 1111
572 954 674 984 adunt
690 954 791 984 Thra-

160 1006 226 1033 ces,
255 1002 289 1028 et
319 1002 442 1036 partem
479 997 618 1036 praedae
647 997 791 1036 abigunt,

160 1038 238 1071 ibid.
264 1040 298 1070 in
318 1039 520 1070 Thessaliam
542 1039 681 1070 traducit
702 1049 790 1070 exer-

160 1081 274 1120 citum,
297 1087 330 1113 et
353 1083 549 1122 Apolloniae
569 1082 716 1112 hibernat
738 1091 789 1121 41.

160 1124 244 1164 petit
268 1124 469 1164 triumphum
491 1136 542 1164 44.
572 1125 669 1164 legati
691 1124 791 1164 ipsius

159 1167 398 1205 contradicunt,
416 1167 493 1199 ibid.
517 1172 549 1198 et
570 1177 609 1206 45
631 1172 664 1198 et
682 1166 734 1206 46.
758 1177 791 1198 se

159 1209 303 1241 defendit
324 1218 374 1249 47.
396 1210 582 1250 triumphus
599 1209 629 1240 ei
648 1209 790 1240 decerni-

159 1255 214 1284 tur
235 1262 287 1293 50.
316 1253 357 1284 de
381 1252 488 1284 Gallis
510 1252 660 1284 Asiaticis
679 1252 790 1283 trium-

160 1295 242 1336 phat
256 1305 309 1337 39,
323 1297 353 1328 6.
377 1295 459 1336 petit
474 1305 641 1327 censuram
657 1305 708 1333 40.

118 1338 158 1371 L.
174 1338 320 1370 Manlius
343 1338 551 1378 Imperiosus,
565 1338 649 1370 clavi
672 1337 788 1378 figendi

160 1391 257 1413 eausa
268 1381 408 1412 dictator
416 1381 522 1413 dictus
534 1390 563 1421 7,
573 1390 602 1420 3.
626 1381 790 1412 delectum

161 1423 280 1456 habere
310 1428 455 1462 conatur,
479 1425 608 1462 frustm,
633 1424 711 1455 ibid.
749 1424 791 1454 ob

160 1467 323 1498 delectum
339 1467 485 1498 acerbius
505 1467 654 1498 habitum
675 1466 704 1498 ei
724 1467 792 1498 dies

121 1538 123 1542 ⁴
159 1520 181 1540 a
199 1510 248 1542 M.
266 1510 448 1550 Pomponio
474 1510 547 1541 trib.
574 1510 618 1550 pl.
644 1509 732 1540 dicta
761 1521 790 1548 4.

161 1552 231 1584 eius
259 1553 434 1584 crudelitas
460 1552 493 1583 in
524 1553 640 1590 filium,
669 1557 702 1583 et
731 1552 790 1583 filii

159 1605 351 1636 generosum
391 1596 527 1634 factum,
563 1595 640 1626 ibid.
691 1599 724 1626 et
761 1603 790 1635 5.

161 1638 290 1670 Manlio
303 1638 434 1669 remissa
449 1649 565 1670 causae
579 1637 690 1675 dictio,
704 1637 780 1669 ibid.

119 1681 328 1720 LManlius,
342 1686 482 1730 praetor,
499 1681 530 1712 in
551 1681 695 1712 Gralliam
717 1680 790 1711 mit-

161 1724 241 1756 titur
262 1732 384 1764 21,17.
416 1724 485 1756 eius
506 1724 666 1756 exercitus
688 1724 792 1754 caedi-

160 1773 215 1798 tur
234 1778 255 1799 a
273 1767 363 1798 Boiis
383 1776 431 1807 25.
456 1766 657 1799 Concordiae
677 1767 791 1798 aedem

162 1810 249 1842 vovit
268 1820 317 1849 22,
333 1819 384 1850 33.
411 1819 460 1849 23,
476 1820 524 1841 21.
548 1809 629 1850 petit
645 1810 791 1841 consula-

162 1857 232 1884 tum
250 1863 301 1891 22,
317 1862 367 1892 35.

120 1896 159 1928 L.
173 1896 329 1933 Manlius,
344 1897 430 1936 quod
454 1897 575 1936 legatos
591 1894 793 1935 Carthagini-

161 1949 254 1970 enses
267 1939 435 1979 pulsasset,
453 1949 508 1979 per
518 1939 643 1970 fetiales
657 1938 795 1969 traditur

162 1982 288 2022 legatis,
317 1986 350 2013 et
383 1981 532 2013 avehitur
561 1981 791 2021 Carthaginem

163 2027 216 2064 38⁹
231 2035 282 2064 42-

121 2067 160 2100 L.
172 2068 328 2105 Manlius,
343 2072 494 2108 quaestor
509 2077 561 2107 45,
582 2076 628 2106 13.

119 2111 160 2143 L.
175 2110 320 2142 Manlius
338 2111 506 2147 Acidinus,
527 2115 654 2151 praetor
676 2108 726 2147 26,
745 2118 792 2149 23.

163 2154 304 2185 urbanus
321 2162 370 2193 27,
387 2165 415 2191 4.
441 2159 565 2194 praeest
582 2152 736 2184 exercitui
752 2153 792 2183 ad

163 2197 321 2229 Narniam
353 2205 391 2236 43
423 2201 455 2228 et
486 2206 536 2236 50.
571 2196 599 2227 ei
632 2195 795 2235 Hispania

163 2239 328 2280 provincia
354 2240 491 2270 traditur
516 2250 535 2270 a
559 2239 713 2279 Scipione
744 2240 794 2275 28,

165 2285 215 2323 38.
239 2282 307 2314 eius
322 2282 353 2313 in
373 2283 533 2323 Hispania
550 2293 598 2313 res
617 2286 726 2321 gestae
744 2291 794 2323 29,

164 2335 196 2363 2,
223 2334 252 2364 3.
278 2326 307 2356 ei
334 2330 520 2366 prorogatur
542 2325 714 2366 imperium
747 2333 793 2363 13.

165 2368 353 2408 prohibetur
380 2378 401 2398 a
428 2368 501 2399 trib.
534 2368 578 2408 pl.
613 2368 662 2399 M.
680 2368 796 2399 Porcio

166 2411 272 2443 Laeca
289 2421 329 2442 ne
349 2421 448 2441 ovans
467 2411 577 2441 urbem
599 2410 705 2448 iniret,
721 2420 794 2441 cum

164 2455 206 2486 ab
221 2459 334 2485 senatu
351 2454 553 2493 impetrasset
571 2463 622 2492 32,
641 2462 667 2492 7.

122 2495 162 2529 L.
174 2497 320 2530 Manlius
335 2497 503 2534 Acidinus,
518 2501 644 2528 creatus
659 2499 796 2536 praetor,

164 2540 294 2571 sortitur
323 2539 517 2580 Hispaniam
542 2539 720 2570 citeriorem
745 2539 797 2577 38,

165 2591 216 2622 35.
239 2593 314 2614 cum
330 2582 503 2614 Celtiberis
518 2581 661 2621 confligit
678 2591 730 2623 39,
749 2590 797 2612 21.

165 2625 319 2667 impetrat
339 2626 522 2657 ovationem
546 2635 595 2666 29.
620 2625 744 2664 legatus
766 2624 798 2654 in

167 2668 311 2701 Galliam
339 2668 588 2709 Transalpinam
613 2677 662 2707 54.
689 2667 799 2698 trium-

167 2711 216 2743 vir
229 2711 375 2743 coloniae
390 2712 575 2752 Aquileiam
588 2711 798 2742 deducendae

170 2763 209 2795 55
226 2758 258 2786 et
275 2764 327 2793 4ο,
343 2763 394 2794 3⁴·
418 2765 482 2786 coe.
500 2764 550 2794 43-

127 2797 165 2829 L.
189 2797 334 2829 Manlius
369 2797 587 2837 Capitolinus,
622 2796 694 2828 trib.
732 2795 801 2828 mil.

171 2839 330 2871 consulari
349 2845 509 2880 potestate
525 2852 556 2879 4.
572 2849 624 2878 4²·

129 2883 168 2915 L.
192 2882 338 2914 Manlius
371 2882 567 2922 Torquatus,
598 2883 721 2924 legatus
757 2892 804 2919 ιο.

176 2924 225 2957 26.

839 267 878 299 L.
894 268 1041 300 Manlius
1059 269 1259 310 Torquatus,
1271 269 1430 309 pontifex,
1443 279 1512 300 mo-

880 310 961 341 ritur
976 320 1028 351 3‚0

839 352 878 384 L.
898 353 1046 385 Manlius
1043 321 1192 392 39Vulso,
1220 357 1348 394 praetor
1378 364 1430 394 32,
1459 361 1510 394 27.

880 396 1012 427 sortitur
1026 396 1171 428 Siciliam
1188 397 1238 428 2.8
1262 406 1325 427 cos·
1342 396 1403 428 Cn.
1415 397 1510 428 Man-

880 438 916 469 lii
926 438 1026 470 frater
1040 440 1093 478 38,
1110 449 1160 471 20.

837 481 886 512 M.
904 481 1060 520 Manlius,
1083 482 1155 513 trib.
1178 481 1246 513 mil.
1270 481 1431 512 consulari
1454 491 1510 521 po-

846 557 849 560 ,
879 528 996 556 testate
1008 535 1039 563 4,
1054 535 1105 563 44.

837 567 886 599 M.
899 566 1055 606 Manlius,
1078 567 1130 598 cui
1152 566 1341 607 Capitolino
1357 565 1420 597 fuit
1440 576 1511 607 cog-

879 619 1012 649 nomen,
1026 614 1153 642 creatur
1168 620 1266 641 cos».
1270 618 1347 648 ,.31
1369 609 1445 640 facit
1462 609 1510 640 lu-

879 653 938 684 dos
951 663 1096 693 magnos,
1107 653 1183 684 ibid.
1206 652 1384 693 ingreditur
1397 652 1511 683 urbem

878 706 988 734 ovans,
1002 696 1080 727 ibid.
1103 699 1207 727 servat
1222 705 1329 726 arcem
1347 695 1445 726 Rom.
1458 703 1510 735 47.

877 738 1019 770 interrex
1037 738 1068 777 6,
1085 748 1115 778 5.
1137 748 1256 779 pravae
1273 738 1342 770 eius
1358 739 1512 770 adversus

881 781 994 813 Patres
1019 781 1203 812 molitiones
1237 791 1283 813 11.
1308 780 1509 824 ,seditionem

878 829 987 856 movet
1013 834 1050 863 ¹4
1069 830 1101 856 et
1122 833 1168 864 15.
1192 824 1332 855 mittitur
1350 824 1383 854 in
1403 834 1509 855 carce-

877 877 945 898 rem
976 867 1023 899 16.
1055 878 1073 898 e
1097 877 1223 898 carcere
1249 877 1347 907 quare
1373 867 1511 898 eductus

881 919 928 949 17.
955 911 1024 941 eius
1046 911 1160 942 seditio
1183 914 1355 941 renovatur
1380 910 1426 941 18.
1453 910 1510 941 ad—

878 959 991 984 vocata
1013 954 1146 984 domum
1169 954 1275 993 plebe,
1296 952 1459 984 invehitur
1475 953 1510 983 in

879 996 1003 1034 Patres,
1017 1001 1057 1027 et
1083 997 1123 1027 de
1146 1006 1242 1036 regno
1267 995 1382 1036 incipit
1405 1005 1510 1035 agere,

877 1038 954 1070 ibid.
991 1039 1111 1070 tribuni
1136 1039 1240 1079 plebis
1268 1049 1336 1070 sese
1359 1039 1512 1069 adversus

877 1092 951 1116 eum
967 1082 1105 1122 iungunt
1118 1082 1242 1113 senatui
1262 1091 1308 1123 19.
1332 1081 1362 1112 ei
1379 1081 1447 1112 dies
1462 1081 1508 1113 di-

878 1124 961 1155 citur
982 1134 1031 1156 20.
1059 1125 1128 1156 eius
1145 1124 1300 1162 defensio,
1319 1125 1396 1156 ibid.
1421 1125 1509 1155 dam-

877 1172 983 1205 natus,
1010 1168 1051 1198 de
1077 1178 1155 1198 saxo
1181 1167 1322 1207 Tarpeio
1348 1166 1509 1204 deiicitur,

877 1209 953 1240 ibid.
999 1210 1028 1241 ei
1064 1215 1192 1241 mortuo
1225 1210 1371 1242 adiectae
1401 1214 1510 1248 notae,

878 1252 958 1282 ibid.

835 1295 874 1326 P.
891 1295 1048 1332 Manlius,
1063 1296 1135 1327 trib.
1155 1295 1251 1327 milit.
1272 1294 1432 1326 consulari
1452 1305 1509 1335 po-

877 1341 993 1369 testate
1018 1337 1050 1376 6,
1075 1347 1124 1377 30.
1155 1338 1185 1369 ei
1208 1338 1277 1369 siue
1300 1343 1396 1376 sorte,
1418 1342 1510 1369 extra

877 1381 1034 1420 ordinem,
1071 1381 1184 1412 Volsci
1219 1381 1386 1421 provincia
1422 1381 1510 1419 data,

876 1423 954 1455 ibid.
978 1425 1064 1455 male
1086 1434 1155 1456 rem
1173 1424 1267 1466 gerit,
1280 1424 1358 1456 ibid.
1383 1427 1511 1455 creatur

877 1466 1016 1498 dictator
1030 1467 1081 1507 38.

837 1509 874 1541 Ρ.
888 1509 1044 1547 Manlius,
1059 1509 1208 1541 triumvir
1221 1510 1320 1550 epulo
1334 1510 1441 1541 factus
1455 1517 1508 1549 33,

877 1562 928 1590 42.
956 1557 1083 1584 creatur
1104 1556 1243 1593 praetor,
1265 1553 1343 1584 ibid.
1373 1553 1407 1583 in
1431 1552 1509 1583 His-

878 1595 1008 1635 paniam
1031 1595 1211 1627 citeriorem
1235 1595 1364 1627 adiutor
1385 1594 1510 1626 consuli

877 1638 973 1669 datur
987 1647 1036 1678 43.
1062 1638 1160 1669 vincit
1176 1638 1380 1670 Turdetanos
1394 1647 1447 1677 34,
1461 1645 1509 1677 17.

878 1686 1007 1721 praetor
1021 1681 1137 1712 iterum
1151 1689 1204 1723 39.
1216 1680 1266 1721 56.
1290 1681 1420 1712 sortitur
1432 1680 1509 1712 His-

878 1724 1009 1764 paniam
1030 1724 1212 1755 ulteriorem
1236 1734 1288 1763 40,
1310 1733 1336 1755 1.
1367 1723 1444 1764 quid
1462 1733 1508 1754 re-

878 1776 949 1797 rum
970 1766 1014 1798 ibi
1034 1767 1165 1807 gesserit
1188 1766 1226 1799 16
1247 1771 1279 1799 et
1300 1775 1350 1807 34.
1374 1766 1510 1798 moritur

878 1819 930 1848 42.

839 1852 878 1884 P.
895 1852 1041 1884 Manlius
1071 1853 1187 1891 Vulso,
1217 1856 1346 1893 praetor
1376 1851 1428 1890 26,
1458 1860 1508 1892 23.

880 1895 1061 1927 Sardiniam
1077 1895 1219 1927 obtinuit
1236 1904 1287 1936 27,
1301 1895 1322 1927 6
1337 1899 1369 1927 et
1387 1904 1415 1935 7.

839 1938 877 1970 T.
892 1939 1038 1970 Manlius
1052 1938 1090 1970 L.
1103 1939 1140 1971 F.
1151 1950 1171 1970 a
1187 1943 1279 1979 patre
1290 1949 1342 1970 rus
1353 1938 1513 1978 relegatus

882 1989 911 2020 7,
928 1993 957 2020 4.
979 1992 1168 2021 generosum
1185 1986 1218 2013 et
1234 1981 1324 2022 pium
1340 1981 1380 2013 T.
1392 1980 1510 2012 Manlii

879 2024 1001 2056 factum
1027 2034 1054 2064 5.
1078 2024 1150 2056 trib.
1172 2024 1267 2056 milit.
1287 2024 1437 2064 suffragio
1454 2034 1508 2064 po-

881 2067 950 2107 puli
985 2072 1123 2105 creatur,
1157 2067 1234 2099 ibid.
1278 2071 1400 2108 pugnat
1435 2076 1510 2098 cum

882 2110 993 2148 Gallo,
1012 2121 1108 2150 qucm
1132 2110 1229 2141 vincit
1256 2120 1301 2142 10.
1325 2120 1424 2150 quare
1445 2109 1510 2140 dic-

880 2157 933 2184 tus
948 2153 1143 2193 Torquatus,
1159 2153 1234 2185 ibid.
1257 2153 1397 2184 donatur
1410 2163 1430 2183 a
1445 2151 1510 2183 dic-

881 2201 983 2227 tatore
1007 2207 1124 2228 corona
1147 2207 1256 2232 aurea,
1283 2196 1358 2227 ibid.
1394 2195 1513 2226 dicitur

880 2239 1019 2270 dictator
1038 2249 1083 2280 ¹9·
1107 2239 1223 2270 iterum
1243 2237 1291 2270 26.
1315 2249 1377 2270 cos.
1392 2247 1442 2278 27.
1465 2248 1512 2269 se-

881 2282 1025 2312 cuudum
1042 2293 1104 2313 cos.
1123 2285 1172 2313 28.
1196 2283 1327 2313 tertium
1348 2292 1412 2313 cos.
1433 2281 1466 2317 8,
1481 2289 1510 2320 3.

881 2324 949 2355 eius
984 2325 1026 2356 ad
1063 2325 1159 2365 legati
1195 2325 1302 2356 Latini
1337 2324 1510 2365 superbam

881 2367 1058 2398 orationem
1073 2368 1236 2408 responsio
1249 2377 1277 2407 5.
1302 2366 1516 2408 proficiscitur

881 2411 923 2441 ad
940 2412 1061 2442 bellum
1078 2410 1108 2443 6.
1133 2410 1236 2442 filium
1257 2411 1358 2442 securi
1376 2409 1514 2450 percutit

885 2461 912 2492 7.
936 2453 968 2484 in
993 2464 1100 2494 pugna
1122 2454 1274 2485 adversus
1298 2453 1432 2485 Latinos
1456 2452 1514 2482 vir-

882 2500 953 2528 tute
971 2497 1169 2537 consilioque
1191 2497 1335 2537 egregius
1357 2506 1402 2528 10.
1433 2494 1514 2527 redit

884 2539 1040 2576 Romam,
1064 2539 1115 2571 cui
1139 2539 1281 2571 seniores
1306 2544 1433 2570 tantum
1460 2538 1514 2568 ob-

885 2582 969 2614 viam
990 2582 1130 2621 iverunt,
1144 2582 1312 2614 iuventute
1332 2592 1406 2613 cum
1427 2591 1514 2613 exso.L

885 2629 995 2656 crante
1014 2635 1061 2658 12.

844 2669 884 2701 Τ.
899 2668 1045 2700 Manlius
1058 2668 1255 2709 Torquatus,
1270 2679 1337 2699 cos.
1359 2677 1407 2705 ιο,
1422 2677 1452 2709 9.
1476 2676 1515 2697 ex

885 2721 970 2751 equo
986 2712 1107 2752 lapsus,
1123 2712 1257 2742 moritur
1276 2721 1321 2743 11.

844 2754 884 2786 Τ.
901 2754 1047 2785 Manlius
1081 2754 1277 2794 Torquatus,
1307 2764 1346 2785 eo
1375 2752 1519 2786 consule,

890 2797 963 2829 Iani
979 2798 1076 2828 aedes
1091 2797 1200 2828 clausa
1221 2806 1247 2834 1,
1265 2806 1310 2838 19.
1334 2801 1441 2826 censet
1456 2803 1518 2824 non

889 2840 1094 2871 redimendos
1115 2851 1184 2870 csse
1206 2839 1350 2878 captivos
1371 2839 1519 2869 Cannen-

890 2893 940 2913 ses
954 2892 1003 2920 22,
1018 2882 1069 2914 60.
1094 2881 1234 2913 mittitur
1248 2891 1321 2912 cum
1340 2879 1473 2919 imperio
1490 2879 1521 2909 in

892 2924 1073 2957 Sardiniam
1101 2933 1150 2963 23.
1178 2933 1228 2963 3⁴-
1266 2923 1383 2955 Sardos
1412 2922 1523 2954 domat
