1888 3194
549 185 677 227 LIB.
710 184 876 226 XLIV.
923 184 1071 228 CAP.
1104 190 1173 229 35.
1475 193 1555 233 155

164 274 397 318 Missilibus
416 273 562 332 procul
583 274 698 330 regia
717 273 873 315 auxilia
893 273 1043 316 melius
1063 290 1092 331 p
1152 275 1333 324 nabant3
1366 278 1557 320 cominus
1575 288 1617 320 U.
1633 288 1672 320 C.
1695 289 1769 329 584·

136 350 149 372 1
164 333 349 375 stabilior
377 341 420 374 et
449 332 591 380 tutior,
613 340 686 372 aut
715 345 872 387 parma,
895 339 968 372 aut
995 341 1114 373 scuto
1176 332 1374 388 igustino,
1397 334 1558 376 Roma·
1572 332 1611 363 A.
1634 332 1673 364 C.
1698 331 1769 364 ¹⁶8·

163 405 244 431 nus
273 398 373 430 erat.
435 387 619 430 Meridie
654 387 740 429 fere
776 388 964 444 receptui
1000 389 1095 430 cani
1130 389 1214 430 suis
1247 389 1393 431 consul
1425 390 1555 433 iussit.

164 445 232 488 Ita
251 461 301 488 eo
322 445 390 487 die
411 445 668 501 diremptum
695 444 901 501 proelium
931 454 1007 495 est,
1033 445 1148 486 haud
1175 446 1319 502 paucis
1344 446 1557 504 utrimque

162 502 404 544 interfectis.
469 501 564 544 Sole
596 510 687 544 orto
717 511 885 558 postero
906 502 990 552 die,
1013 502 1182 544 irritatis
1209 504 1437 545 certamine
1469 505 1559 545 ani-

163 559 254 609 mis,
276 559 403 601 etiam
429 559 564 600 acrius
592 573 841 600 concursum
863 567 947 600 est:
981 559 1056 600 sed
1079 559 1275 610 Romani,
1298 576 1385 601 non
1410 561 1462 603 ab
1493 561 1558 603 his

163 624 342 666 tantum,
365 631 461 658 cum
483 616 636 672 quibus
661 624 923 657 contractum
954 625 1168 658 certamen
1196 626 1297 667 erat,
1319 618 1394 659 sed
1425 619 1558 660 multo

162 673 295 730 magis
315 674 366 715 ab
387 688 437 715 ea
457 673 743 723 multitudine,
765 688 872 728 quae
894 672 1094 729 disposita
1123 674 1167 714 in
1199 675 1383 716 turribus
1408 676 1557 726 stabat,

163 730 279 772 omni
305 745 459 787 genere
487 730 707 771 missilium
735 729 914 771 telorum
945 746 993 771 ac
1023 731 1132 772 saxis
1162 731 1344 774 maxime
1366 732 1559 774 vulnera-

162 787 327 829 bantur.
392 787 479 829 Ubi
509 787 681 844 propius
710 787 844 844 ripam
875 787 1060 829 hostium
1091 789 1311 838 subissent,
1339 791 1559 832 tormentis

162 845 287 886 missa
316 845 443 886 etiam
474 845 528 886 ad
558 845 726 886 ultimos
755 845 1068 900 perveniebant.
1133 845 1274 887 Multo
1296 846 1486 902 pluribus
1507 862 1558 890 eo

162 901 232 943 die
260 902 432 951 amissis,
455 901 601 943 consul
631 901 772 957 paullo
803 901 934 942 serius
965 903 1124 959 recepit
1148 917 1256 944 suos.
1319 903 1466 945 Tertio
1487 904 1557 946 die

161 959 322 1015 proelio
358 959 572 1008 abstinuit,
606 958 823 1015 degressus
858 958 911 999 ad
949 959 1076 1000 imam
1117 969 1277 1016 partem
1314 970 1557 1012 castrorum,

131 1014 149 1036 ²
163 1015 293 1057 veluti
314 1031 389 1072 per
405 1015 614 1057 devexum
636 1016 680 1056 in
703 1030 815 1056 mare
832 1015 1048 1057 brachium
1067 1017 1286 1058 transitum
1309 1026 1556 1060 tentaturus.

132 1056 355 1122 ³Perseus,
375 1072 491 1128 quod
511 1072 554 1113 in
577 1072 708 1114 oculis
729 1081 830 1121 erat,
856 1072 921 1128 [id
943 1082 1106 1114 tantum
1128 1074 1330 1128 cogitanS,
1348 1075 1401 1116 ad
1423 1075 1559 1132 repel-

162 1128 337 1170 lendum
368 1144 418 1171 ea
448 1137 564 1185 parte
595 1129 756 1170 hostem
789 1143 959 1170 omnem
987 1145 1130 1170 curam
1160 1130 1422 1181 intendebat,
1451 1132 1560 1173 nihil

162 1186 278 1228 aliud
299 1186 511 1228 sollicitus.
556 1185 734 1227 Interim
751 1185 799 1226 P.
817 1185 973 1227 Nasica
993 1201 1090 1227 cum
1111 1187 1311 1228 attributa
1331 1188 1409 1229 sibi
1431 1203 1560 1230 manu

162 1257 305 1285 versus
336 1258 450 1285 mare
481 1242 737 1284 Heracleum
768 1243 993 1299 profectus,
1016 1252 1240 1299 postquam
1272 1259 1322 1286 eo
1353 1246 1558 1301 pervenit,

161 1300 283 1342 iussis
308 1315 482 1357 corpora
506 1315 649 1342 curare
677 1299 892 1350 militibus,
915 1309 1082 1342 noctem
1112 1302 1382 1357 exspectavit.
1445 1302 1559 1343 Tum

161 1373 260 1400 vera
275 1357 457 1400 consulis
473 1357 671 1398 mandata
690 1357 926 1413 praecipuis
946 1357 1103 1399 ducum
1120 1358 1328 1414 exposuit,
1346 1374 1394 1401 ac
1414 1360 1560 1415 primis

161 1430 206 1457 se
237 1415 555 1456 intendentibus
577 1415 772 1464 tenebris,
795 1415 905 1456 flexo
927 1414 980 1455 ad
1001 1423 1188 1456 montem
1210 1415 1375 1466 itinere,
1399 1417 1452 1457 ad
1474 1417 1561 1473 Py-

163 1472 313 1522 thium,
335 1481 382 1514 ut
407 1473 658 1529 imperatum
682 1480 782 1521 erat,
805 1471 946 1528 copias
967 1471 1134 1513 silentio
1155 1472 1285 1514 ducit.
1350 1473 1437 1515 Ubi
1458 1489 1560 1515 ven-

161 1538 252 1571 tum
281 1529 335 1570 ad
365 1544 574 1570 summum
597 1544 799 1570 cacumen
821 1537 896 1578 est,
919 1529 1035 1585 quod
1057 1529 1203 1570 decem
1226 1529 1406 1586 amplius
1427 1531 1561 1572 stadia

162 1586 207 1628 in
232 1586 499 1628 altitudinem
521 1587 710 1642 assurgit,
732 1585 913 1642 fatigatis
941 1586 1144 1628 militibus
1172 1586 1332 1642 aliquid
1358 1603 1401 1629 re
1435 1588 1559 1629 uietis

162 1643 322 1685 datum.
386 1642 482 1685 Hoc
507 1643 666 1699 iugum,
689 1651 734 1683 ut
758 1652 854 1684 ante
876 1643 1035 1684 dictum
1059 1651 1133 1692 est,
1158 1643 1335 1693 Medon,
1358 1654 1401 1685 et
1446 1644 1559 1686 {isti-

163 1715 275 1750 aeus,
297 1710 341 1742 et
362 1700 614 1756 Theogenes
644 1716 668 1741 a
696 1700 850 1741 Perseo
880 1700 994 1741 missi
1024 1715 1118 1741 cum
1151 1701 1341 1757 quinque
1376 1702 1559 1743 millibus

163 1757 451 1800 Macedonum
481 1758 750 1799 obtinebant:
786 1757 860 1798 sed
892 1766 1007 1798 tanta
1038 1757 1295 1813 negligentia
1325 1759 1450 1814 regiis
1480 1759 1560 1800 du-

163 1816 282 1857 cibus
302 1825 402 1864 erat,
425 1823 472 1856 ut
493 1830 618 1856 nemo
639 1814 863 1855 adventare
896 1814 1110 1855 Romanos
1140 1815 1326 1856 senserit.
1392 1815 1559 1871 Sopitos

162 1887 378 1929 aggressus
408 1871 563 1913 Nasica
592 1871 645 1912 de
678 1872 776 1927 iugo
808 1871 928 1912 facilc
962 1871 1127 1920 deiecit,
1160 1872 1193 1912 si
1226 1871 1405 1929 Polybio
1440 1873 1556 1915 fides.

162 1929 258 1987 Ipse
275 1930 388 1972 enirn
408 1928 563 1970 Nasica
583 1929 625 1969 in
648 1928 825 1985 epistola
845 1928 897 1969 ad
918 1928 1101 1984 aliquem
1124 1943 1269 1984 regum
1293 1929 1417 1985 longe
1439 1930 1560 1972 aliter

162 2001 251 2029 rem
282 1995 433 2028 narrat.
497 1991 509 2010 ⁶
526 1985 722 2027 Montem
744 1985 876 2026 arduo
904 2000 1078 2027 ascensu
1108 1985 1247 2035 fuisse,
1274 1987 1348 2027 sed
1375 1987 1559 2028 incusto-

163 2049 177 2069 ‘
191 2044 341 2094 ditum,
365 2044 422 2085 ita
442 2052 489 2085 ut
509 2043 658 2085 saltum
681 2057 886 2099 occupare
909 2042 1025 2084 nullo
1049 2043 1220 2098 negotio
1241 2044 1456 2098 potuisset,
1479 2045 1558 2085 nisi

163 2107 176 2126 ‘
193 2102 404 2158 transfuga
427 2100 644 2143 Cretensis
664 2115 718 2142 ex
740 2101 802 2150 iis,
825 2115 930 2156 quos
950 2115 1093 2141 secum
1114 2099 1308 2150 ducebat,
1331 2101 1384 2142 ad
1407 2101 1561 2142 Persea

163 2164 176 2184 ‘
191 2159 452 2208 cucurrisset,
489 2173 672 2214 eumque
710 2157 934 2207 docuisset,
971 2157 1076 2213 quid
1117 2167 1320 2213 ageretur.
1395 2158 1558 2215 Regem

164 2216 205 2258 ‘i
258 2231 329 2258 um
351 2215 525 2272 quidem
547 2215 745 2256 mansisse
777 2215 821 2256 in
852 2214 1008 2264 castris,
1031 2214 1104 2255 scd
1127 2215 1283 2256 misisse
1305 2215 1391 2257 duo
1413 2215 1560 2257 Mace-

164 2279 176 2298 ‘
191 2232 365 2323 (ibsnum,
382 2273 528 2315 decem
552 2272 816 2314 auxiliarium
839 2271 982 2322 millia,
1007 2271 1195 2313 Medone
1217 2272 1338 2322 duce,
1361 2273 1415 2314 ad
1435 2288 1560 2315 occu-

164 2337 176 2356 ‘
192 2331 379 2388 pandum
400 2330 563 2372 saltum.
615 2329 728 2371 Cum
749 2329 813 2370 his
834 2329 1035 2370 acerrima
1055 2344 1198 2400 pugna
1214 2329 1257 2370 in
1275 2345 1438 2371 summo
1460 2331 1559 2387 iugo

164 2394 177 2414 ‘
192 2403 441 2431 concursum
463 2402 565 2436 esse,
583 2396 709 2443 atque
732 2387 842 2428 inter
863 2385 943 2428 alia
963 2401 1051 2427 sese
1073 2401 1098 2427 a
1124 2386 1281 2428 shrace
1304 2387 1435 2428 milite
1452 2387 1559 2428 ferro

164 2451 177 2471 ‘
193 2461 216 2487 a
248 2446 441 2502 petitum,
463 2459 589 2501 quem
613 2444 700 2500 ipse
722 2443 869 2485 adacta
888 2458 964 2499 per
983 2453 1131 2500 pectus
1152 2443 1270 2485 hasta
1291 2445 1556 2486 transfixerit.

164 2509 176 2528 ‘
194 2461 341 2545 &Pictos
368 2501 539 2544 tandem
571 2501 831 2542 Macedonas
856 2500 948 2542 loco
978 2501 1160 2550 cessisse,
1190 2500 1558 2558 Macedone-mque

165 2561 330 2617 ‘ipsum
362 2559 600 2616 turpissima
633 2559 732 2614 fuga
764 2558 936 2599 abiectis
969 2558 1093 2598 armis
1125 2557 1247 2599 saluti
1277 2558 1560 2600 consuluisse?

166 2617 370 2660 Romanis
399 2616 608 2673 fugientes
639 2615 989 2672 persequentibus
1016 2615 1148 2656 facilis
1168 2625 1210 2656 et
1231 2616 1321 2658 sine
1345 2615 1429 2657 ullo
1451 2617 1560 2672 peri-

212 2729 222 2750 ι
250 2721 320 2750 Aue
334 2723 537 2759 par-nimam
551 2722 640 2748 scuto
651 2718 837 2758 Liynslino]
930 2726 946 2747 2
972 2718 1039 2747 I’er
1068 2715 1241 2756 ‹leuca-um]
1284 2717 1445 2747 Videntur
1474 2716 1557 2746 euim

167 2761 302 2802 Quippe
320 2761 432 2792 velites
450 2760 588 2791 Romani
608 2770 751 2799 parmam
772 2770 839 2800 por·
886 2764 989 2790 cmaetru
1007 2759 1157 2789 Romanu
1179 2758 1211 2789 in
1232 2759 1368 2789 collibus
1385 2759 1489 2794 fuisso,
1506 2758 1558 2797 qui

165 2804 290 2841 tabant,
311 2808 343 2834 et
369 2803 513 2841 Ligures,
535 2813 615 2842 quos
639 2802 670 2832 in
696 2802 840 2833 exercitu
886 2801 1056 2842 paullatim
1077 2812 1183 2831 versus
1199 2811 1286 2831 mure
1302 2802 1547 2831 descendebant.

168 2845 299 2876 Aemilii
319 2845 416 2876 fuine
436 2846 531 2876 refert
550 2844 755 2881 Plutarchus,
771 2855 839 2875 scu-
929 2852 946 2882 3
972 2844 1167 2880 Brachium]
1212 2843 1287 2874 Non
1327 2853 1466 2878 murum,
1504 2843 1557 2870 »ιι-«Ι

167 2890 237 2917 tum
260 2887 331 2918 leve
350 2892 383 2919 et
403 2897 444 2919 ex
466 2897 554 2918 more
574 2897 651 2918 suae
671 2887 776 2927 gentis
797 2888 840 2918 fu-
887 2885 1029 2916 fluminis
1055 2885 1171 2924 Enipei
1199 2884 1364 2915 bruchium
1391 2884 1442 2914 hic
1467 2884 1557 2913 intel-

169 2928 336 2961 hricatum.
888 2928 942 2967 ligi
958 2927 1187 2959 animadvertit
1207 2926 1359 2965 Doen'ng.
