1888 3194
318 149 398 189 176
834 144 983 187 ΤΙΤΙ
1020 144 1200 187 LIVII

108 245 152 276 U.
169 245 207 276 C.
231 236 433 293 584,legae
454 237 581 278 ferret
601 236 747 293 opem)
767 236 844 278 hos
864 250 1009 277 omncs
1030 235 1184 276 milites
1200 234 1356 276 dimitti
1378 234 1545 290 placuit.
1600 232 1708 288 Sup-

106 287 146 318 Α·
170 288 209 320 C.
235 286 304 319 ¹⁶8·
316 294 487 350 plicatio
525 309 602 350 pro
636 294 839 335 concione
874 293 1031 350 populo
1068 292 1227 334 indicta
1261 300 1336 341 est,
1373 306 1426 332 ex
1462 298 1558 332 ante
1595 290 1709 330 diem

318 352 513 408 quintum
535 351 638 392 Idus
661 350 865 393 Octobres
886 366 983 392 cum
1005 366 1055 392 eo
1076 350 1145 391 die
1166 350 1211 390 in
1232 349 1421 405 quinque
1443 348 1544 389 dies.

185 411 223 450 3.
376 408 444 450 Ex
466 408 635 464 Illyrico
663 407 748 449 duo
776 408 915 463 legati,
941 407 990 449 C.
1011 407 1201 448 Licinius
1230 406 1374 447 Nerva
1399 413 1442 446 et
1468 405 1516 446 P.
1536 403 1709 453 Decius,

317 466 578 515 nuntiarunt,
641 471 653 489 ‘
674 465 905 506 exercitum
956 464 1195 520 Illyriorum
1245 478 1438 504 caesum:
1503 460 1711 502 Gentium

319 529 489 579 ‘regem
525 530 707 578 captum,
739 522 782 562 in
819 522 979 562 ditione
1014 520 1160 576 populi
1196 520 1380 561 Romani
1416 529 1459 560 et
1494 518 1712 574 Illyricum

320 580 461 621 ‘esse’
523 579 591 621 Ob
627 594 696 620 eas
731 593 809 628 res,
845 587 980 633 gestas
1016 577 1146 618 ductu
1183 577 1454 632 auspicioque
1492 575 1541 615 L.
1567 574 1712 615 Anicii

318 636 533 693 praetoriS,
555 645 724 677 senatus
749 635 794 675 in
819 635 1005 676 triduum
1031 633 1356 689 supplicationes
1377 632 1588 674 decrevit:
1621 631 1710 672 sine
1725 644 1744 674 8

319 694 520 734 dilatione
542 693 705 733 edictae
727 707 750 732 a
771 691 941 732 consule
962 700 1060 732 sunt
1080 692 1125 731 in
1146 699 1243 731 ante
1261 698 1456 745 quartum
1477 697 1521 730 et
1541 688 1712 730 tertium

320 759 363 791 et
383 750 516 805 pridie
538 749 640 790 Idus
662 748 937 790 Novembres.

112 820 224 860 Legati
380 806 611 847 Tradidere
645 805 830 861 quidam,
863 804 1022 860 legatos
1052 803 1255 852 Rhodios,
1285 802 1476 844 nondum
1509 794 1745 856 dimissos?

111 862 235 910 thdfi
251 863 297 892 lu·
320 871 414 920 post
438 863 654 904 victoriam
684 862 934 911 nuntiatam,
961 861 1076 902 velut
1103 861 1157 902 ad
1184 860 1413 901 ludibrium
1440 858 1614 900 stolidae
1645 873 1716 899 su-

106 906 213 978 ·ssffifm
229 904 283 935 ha-
320 920 503 976 perbiae,
525 920 570 960 in
591 927 784 960 senatum
804 927 971 961 vocatos
992 933 1091 959 esse.
1144 917 1211 959 Ibi
1232 916 1459 973 Agepolim
1479 916 1715 972 principem

321 992 467 1018 eorum
499 977 557 1018 ita
587 976 802 1018 locutum:
842 982 854 1000 ‘
871 975 1024 1017 Missos
1056 990 1144 1016 esse
1176 974 1334 1030 legatos
1366 974 1417 1015 ab
1451 972 1632 1015 Rhodiis
1661 972 1716 1014 ad

323 1040 497 1090 ‘pacem
536 1034 648 1075 inter
684 1034 899 1075 Romanos
939 1041 983 1074 et
1018 1032 1173 1074 Persea
1206 1030 1468 1080 faciendam3
1517 1029 1632 1086 quod
1669 1028 1716 1070 id

323 1091 507 1133 ‘bellum
536 1106 661 1147 grave
690 1099 815 1147 atque
844 1089 1162 1131 incommodum
1185 1088 1388 1130 Graeciae
1417 1088 1546 1138 omni,
1573 1101 1715 1143 sump-

323 1154 335 1173 ‘
351 1157 519 1190 tuosum
555 1163 601 1188 ac
638 1147 887 1189 damnosum
922 1147 1023 1203 ipsis
1057 1146 1261 1188 Romanis
1296 1153 1414 1186 esset.
1484 1144 1715 1186 Fortunam

324 1211 336 1230 ‘
351 1206 534 1262 perbene
555 1205 715 1254 fecisse,
738 1204 920 1260 quando,
943 1204 1064 1245 finito
1089 1203 1210 1244 aliter
1233 1202 1357 1252 bello,
1379 1201 1617 1258 gratulandi
1637 1200 1716 1242 sibi

325 1268 336 1286 ‘
352 1263 405 1303 de
446 1261 620 1304 victoria
659 1262 826 1318 egregia
866 1261 1069 1303 Romanis
1109 1260 1467 1316 opportunitatem
1507 1257 1718 1300 dedisset?

324 1319 444 1360 Haec
487 1320 538 1360 ab
579 1319 750 1360 Rhodjo
792 1319 915 1360 dicta.
994 1318 1263 1373 Responsum
1308 1317 1359 1358 ab
1405 1324 1554 1357 senatu
1597 1329 1713 1356 esse:

325 1376 545 1417 ‘Rhodios
584 1391 663 1417 nec
703 1375 947 1417 utilitatium
983 1374 1200 1423 Graeciae,
1236 1389 1375 1430 neque
1411 1388 1512 1414 cura
1551 1373 1718 1428 impen··

325 1439 490 1474 ‘sarum
522 1433 669 1489 populi
705 1432 899 1482 Romani,
934 1432 1008 1473 sed
1040 1447 1116 1488 pro
1149 1432 1304 1472 Perseo
1336 1430 1590 1486 legationem
1623 1444 1717 1470 eam

327 1496 339 1515 ‘
355 1491 525 1532 misisse.
589 1490 716 1539 Nam,
739 1490 772 1530 si
803 1505 852 1530 ea
878 1489 1023 1530 fuisset
1052 1503 1164 1537 cura,
1188 1502 1294 1543 quae
1326 1487 1604 1536 simularetur,
1626 1494 1718 1527 tum

328 1547 584 1588 ‘mittendos
618 1547 776 1602 legatos
810 1547 949 1596 fuisse,
982 1560 1113 1601 quum
1148 1545 1340 1594 Perseus,
1378 1544 1422 1584 in
1459 1543 1719 1585 Thessaliam

328 1605 543 1645 ‘exercitu
573 1604 762 1653 inducto,
788 1618 864 1659 per
892 1603 1113 1644 biennium
1144 1601 1328 1643 Graecas
1358 1601 1495 1651 urbes,
1517 1600 1617 1642 alias
1646 1601 1721 1642 ob-

328 1667 340 1685 ‘
355 1661 522 1711 sideret‚
569 1660 669 1702 alias
715 1660 1035 1702 denuntiatione
1086 1674 1298 1700 armorum
1343 1666 1529 1700 terreret.
1606 1657 1720 1699 Tum

328 1718 515 1759 ‘nullam
544 1718 659 1774 pacis
688 1718 740 1759 ab
767 1717 948 1758 Rhodiis
979 1717 1240 1758 mentionem
1265 1716 1428 1757 factam.
1490 1715 1721 1771 Postquam

329 1781 341 1800 ‘
356 1784 571 1831 superatos
593 1774 720 1816 saltus
741 1782 1098 1830 transgressosque
1120 1774 1164 1814 in
1186 1773 1483 1814 Macedoniam
1506 1772 1722 1813 Romanos

329 1838 342 1857 ‘
357 1832 580 1882 audierint,
603 1840 646 1873 et
673 1831 882 1872 inclusum
910 1831 1239 1880 teneriPersea,
1262 1839 1363 1872 tunc
1390 1829 1582 1870 Rhodios
1608 1829 1722 1885 lega-

330 1896 342 1914 ‘
359 1890 519 1931 tionem
540 1889 713 1938 misisse,
736 1903 823 1929 non
844 1888 897 1929 ad
918 1888 1046 1929 ullam
1071 1887 1194 1928 aliam
1219 1902 1321 1936 rem,
1343 1901 1471 1942 quam
1492 1886 1547 1927 ad
1567 1886 1723 1927 Persea

330 1953 342 1970 ‘
358 1962 412 1988 ex
439 1946 678 1987 imminenti
705 1945 892 2001 periculo
920 1944 1213 2000 eripiendum.'
1275 1943 1386 1984 Cum
1415 1943 1496 1984 hoc
1522 1957 1722 1998 responso

329 2004 488 2059 legatos
509 2003 711 2043 dimissos.

197 2069 236 2106 4,
389 2060 473 2100 Per
493 2059 663 2100 eosdem
684 2058 773 2099 dies
793 2066 835 2098 et
857 2057 919 2098 M.
940 2056 1181 2107 Marcellus,
1205 2072 1257 2098 ex
1278 2056 1494 2113 provincia
1516 2056 1724 2113 Hispania

333 2116 555 2165 decedens,
579 2115 807 2156 Marcolica
834 2114 965 2156 nobili
993 2115 1095 2155 urbe
1124 2123 1257 2170 capta,
1280 2114 1427 2155 decem
1455 2113 1598 2169 pondo
1618 2114 1722 2164 auri,

333 2182 376 2214 et
395 2173 557 2229 argenti
578 2172 632 2213 ad
653 2187 856 2213 summam
877 2171 1055 2212 sestertii
1076 2171 1214 2212 decies
1235 2171 1278 2211 in
1300 2171 1505 2212 aerarium
1526 2170 1681 2212 retulit.

123 2251 311 2283 Perseilite-
391 2229 565 2271 Paullus
587 2229 795 2270 Aemilius
826 2228 984 2278 consul,
1007 2243 1139 2283 quum
1165 2237 1308 2278 castra,
1338 2237 1385 2269 ut
1410 2242 1535 2283 supra
1563 2227 1724 2269 dictum

123 2306 176 2344 rae
193 2295 233 2325 ad
251 2294 312 2324 Ae·
334 2295 410 2337 est,
432 2287 486 2328 ad
510 2286 620 2328 Siras
641 2295 774 2327 terrae
799 2285 1104 2328 Odomanticae
1130 2285 1316 2335 haberet,
1339 2300 1470 2340 quum
1500 2284 1640 2326 literas
1669 2287 1723 2327 ab
1737 2303 1754 2324 2

124 2340 263 2370 milium.
335 2359 431 2400 rege
453 2344 607 2385 Perseo
634 2358 710 2399 per
730 2343 935 2399 ignobiles
956 2351 1038 2383 tres
1059 2342 1216 2398 legatos
1237 2349 1440 2392 cerneret,
1461 2350 1505 2383 et
1525 2342 1613 2398 ipse
1633 2341 1724 2383 illa-

335 2402 528 2442 crimasse
550 2401 703 2441 dicitur
724 2400 825 2441 sorti
845 2400 1076 2441 humanae:
1108 2399 1236 2455 quod,
1255 2400 1328 2455 qui
1348 2398 1490 2455 paullo
1511 2407 1621 2449 ante,
1637 2413 1724 2440 non

335 2466 558 2500 contentus
597 2472 727 2513 regno
767 2456 1060 2506 Macedoniae,
1098 2457 1319 2498 Dardanos
1360 2456 1609 2512 Illyriosque
1650 2471 1726 2512 op-

334 2523 571 2571 pugnasset,
600 2514 895 2556 Bastarnarum
926 2514 1146 2555 excivisset
1178 2513 1346 2563 auxilia,
1374 2513 1408 2554 is
1439 2521 1543 2562 tum,
1575 2513 1725 2554 amisso

381 2620 399 2650 8
424 2621 500 2650 Sine
524 2621 677 2651 dilatione
701 2621 838 2658 edictae]
878 2621 920 2651 Ut
947 2620 1008 2649 La·
1101 2628 1110 2647 1
1138 2619 1291 2649 Nondum
1309 2619 1469 2656 dimissos]
1494 2619 1614 2649 Missos
1630 2619 1725 2658 vulgo

337 2663 425 2693 tinae
440 2663 580 2693 indictae
593 2663 688 2701 vulgo
705 2662 832 2701 legitur,
844 2665 876 2692 et
892 2672 911 2691 a
924 2661 1008 2691 Bek-
1055 2660 1180 2699 legitur,
1204 2670 1261 2699 pro
1285 2670 1348 2699 quo
1372 2659 1554 2690 Gronovius
1575 2661 1726 2691 admissos

337 2704 414 2734 kero
451 2709 602 2734 servatur.
647 2706 693 2734 Ec
729 2706 836 2735 statim
870 2705 1011 2735 indictae
1054 2703 1276 2742 reponendum
1294 2701 1440 2732 coniecit.
1486 2701 1608 2732 Nostra
1628 2702 1725 2732 lectio

338 2746 522 2776 Gronovius
537 2746 727 2776 coniecerat.
1053 2755 1072 2775 a
1087 2754 1187 2775 manu
1204 2743 1464 2774 Drakenborchii
1481 2743 1639 2783 provenit.

378 2798 398 2828 9
424 2789 596 2819 Trcnlidere
626 2789 772 2828 quidam]
811 2788 902 2818 Inter
931 2797 1009 2827 quos
1097 2796 1113 2816 ‘z
1138 2788 1265 2817 Literas
1283 2787 1323 2816 ab
1342 2797 1415 2825 φερε
1431 2787 1565 2824 Perseo]
1591 2785 1727 2816 Subiicit

341 2830 498 2870 Polybius
537 2830 614 2870 Leg.
652 2830 703 2861 88.
749 2831 1010 2861 annumerandus
1054 2829 1204 2860 Muretus
1218 2829 1330 2858 missas
1339 2841 1349 2865 ,-
1374 2838 1457 2867 quae
1473 2838 1534 2858 vox
1550 2828 1727 2859 necessaria

337 2876 394 2904 est.
1055 2871 1191 2909 videtur,
1209 2871 1259 2901 vel
1276 2871 1403 2902 allatas.
1427 2870 1535 2902 ΟΜΝ.
1716 2875 1727 2886 “
