<?xml version="1.0" encoding="UTF-8"?>
<!DOCTYPE html PUBLIC "-//W3C//DTD XHTML 1.0 Transitional//EN"
    "http://www.w3.org/TR/xhtml1/DTD/xhtml1-transitional.dtd">
<html xmlns="http://www.w3.org/1999/xhtml" xml:lang="en" lang="en">
 <head>
  <title>
</title>
<meta http-equiv="Content-Type" content="text/html;charset=utf-8" />
  <meta name='ocr-system' content='tesseract 3.04.00' />
  <meta name='ocr-capabilities' content='ocr_page ocr_carea ocr_par ocr_line ocrx_word'/>
</head>
<body>
  <div class='ocr_page' id='page_1' title='image "./historiarumli04livyuoft/historiarumli04livyuoft_0014.png"; bbox 0 0 1888 3194; ppageno 0'>
   <div class='ocr_carea' id='block_1_1' title="bbox 383 158 1264 202">
    <p class='ocr_par' dir='ltr' id='par_1_1' title="bbox 383 158 1264 202">
     <span class='ocr_line' id='line_1_1' title="bbox 383 158 1264 202; baseline 0 -1"><span class='ocrx_word' id='word_1_1' title='bbox 383 161 408 201; x_wconf 88' lang='lat'><strong>6</strong></span> <span class='ocrx_word' id='word_1_2' title='bbox 895 158 1044 202; x_wconf 93' lang='grc' dir='ltr'><strong>ΤΙΤΙ</strong></span> <span class='ocrx_word' id='word_1_3' title='bbox 1084 158 1264 202; x_wconf 90' lang='lat' dir='ltr'><strong>LIVII</strong></span> 
     </span>
    </p>
   </div>
   <div class='ocr_carea' id='block_1_2' title="bbox 181 248 1806 2207">
    <p class='ocr_par' dir='ltr' id='par_1_2' title="bbox 181 248 1806 2207">
     <span class='ocr_line' id='line_1_2' title="bbox 182 248 1771 309; baseline -0.003 -15"><span class='ocrx_word' id='word_1_4' title='bbox 182 256 226 288; x_wconf 94' lang='lat' dir='ltr'><strong>U</strong></span> <span class='ocrx_word' id='word_1_5' title='bbox 244 257 282 288; x_wconf 88' lang='lat' dir='ltr'>C·</span> <span class='ocrx_word' id='word_1_6' title='bbox 305 262 376 296; x_wconf 81' lang='lat'><strong>574·</strong></span> <span class='ocrx_word' id='word_1_7' title='bbox 389 251 442 293; x_wconf 88' lang='lat' dir='ltr'>ad</span> <span class='ocrx_word' id='word_1_8' title='bbox 463 251 721 309; x_wconf 88' lang='lat' dir='ltr'>triumphum</span> <span class='ocrx_word' id='word_1_9' title='bbox 741 250 1018 293; x_wconf 88' lang='lat' dir='ltr'>decesserunt.</span> <span class='ocrx_word' id='word_1_10' title='bbox 1081 251 1132 293; x_wconf 92' lang='lat' dir='ltr'>In</span> <span class='ocrx_word' id='word_1_11' title='bbox 1157 251 1295 293; x_wconf 89' lang='lat' dir='ltr'>Gallia</span> <span class='ocrx_word' id='word_1_12' title='bbox 1316 250 1502 292; x_wconf 87' lang='lat' dir='ltr'>Manlius</span> <span class='ocrx_word' id='word_1_13' title='bbox 1523 248 1681 300; x_wconf 89' lang='lat' dir='ltr'>consul,</span> <span class='ocrx_word' id='word_1_14' title='bbox 1702 248 1771 290; x_wconf 89' lang='lat' dir='ltr'>cui</span> 
     </span>
     <span class='ocr_line' id='line_1_3' title="bbox 181 299 1770 366; baseline -0.002 -15"><span class='ocrx_word' id='word_1_15' title='bbox 181 299 440 352; x_wconf 76' lang='lat' dir='ltr'>A.C.178.ea</span> <span class='ocrx_word' id='word_1_16' title='bbox 470 310 683 366; x_wconf 74' lang='lat' dir='ltr'>provinma</span> <span class='ocrx_word' id='word_1_17' title='bbox 714 310 951 360; x_wconf 79' lang='lat' dir='ltr'>obvenerat,</span> <span class='ocrx_word' id='word_1_18' title='bbox 983 324 1115 366; x_wconf 91' lang='lat' dir='ltr'>quum</span> <span class='ocrx_word' id='word_1_19' title='bbox 1145 309 1358 366; x_wconf 87' lang='lat' dir='ltr'>triumpho</span> <span class='ocrx_word' id='word_1_20' title='bbox 1388 308 1561 350; x_wconf 87' lang='lat' dir='ltr'>materia</span> <span class='ocrx_word' id='word_1_21' title='bbox 1595 307 1770 356; x_wconf 84' lang='lat' dir='ltr'>deesset,</span> 
     </span>
     <span class='ocr_line' id='line_1_4' title="bbox 391 366 1772 409; baseline -0.004 0"><span class='ocrx_word' id='word_1_22' title='bbox 391 367 571 409; x_wconf 88' lang='lat' dir='ltr'>oblatam</span> <span class='ocrx_word' id='word_1_23' title='bbox 592 383 616 408; x_wconf 86' lang='lat' dir='ltr'>a</span> <span class='ocrx_word' id='word_1_24' title='bbox 635 367 801 408; x_wconf 86' lang='lat' dir='ltr'>fortuna</span> <span class='ocrx_word' id='word_1_25' title='bbox 819 367 917 408; x_wconf 92' lang='lat' dir='ltr'>belli</span> <span class='ocrx_word' id='word_1_26' title='bbox 938 367 1016 408; x_wconf 85' lang='lat' dir='ltr'>adv</span> <span class='ocrx_word' id='word_1_27' title='bbox 1019 382 1132 408; x_wconf 88' lang='lat' dir='ltr'>ersus</span> <span class='ocrx_word' id='word_1_28' title='bbox 1148 367 1275 407; x_wconf 87' lang='grc' dir='ltr'><strong>Ι31103</strong></span> <span class='ocrx_word' id='word_1_29' title='bbox 1296 366 1490 408; x_wconf 89' lang='lat' dir='ltr'>movendi</span> <span class='ocrx_word' id='word_1_30' title='bbox 1512 366 1772 407; x_wconf 78' lang='lat' dir='ltr'>occasionem</span> 
     </span>
     <span class='ocr_line' id='line_1_5' title="bbox 391 421 1773 481; baseline -0.002 -15"><span class='ocrx_word' id='word_1_31' title='bbox 391 425 542 481; x_wconf 88' lang='lat' dir='ltr'>cupide</span> <span class='ocrx_word' id='word_1_32' title='bbox 564 424 780 481; x_wconf 84' lang='lat' dir='ltr'>amplexus</span> <span class='ocrx_word' id='word_1_33' title='bbox 801 434 872 466; x_wconf 84' lang='lat' dir='ltr'>est.</span> <span class='ocrx_word' id='word_1_34' title='bbox 936 424 1110 466; x_wconf 83' lang='lat' dir='ltr'>Aetolos</span> <span class='ocrx_word' id='word_1_35' title='bbox 1140 424 1301 481; x_wconf 87' lang='lat' dir='ltr'>pridem</span> <span class='ocrx_word' id='word_1_36' title='bbox 1324 424 1526 466; x_wconf 84' lang='lat' dir='ltr'>bellantes</span> <span class='ocrx_word' id='word_1_37' title='bbox 1547 438 1675 479; x_wconf 90' lang='lat' dir='ltr'>quum</span> <span class='ocrx_word' id='word_1_38' title='bbox 1699 421 1773 463; x_wconf 90' lang='lat' dir='ltr'>ad-</span> 
     </span>
     <span class='ocr_line' id='line_1_6' title="bbox 390 481 1774 548; baseline -0.002 -25"><span class='ocrx_word' id='word_1_39' title='bbox 390 483 590 524; x_wconf 89' lang='lat' dir='ltr'>iuvissent</span> <span class='ocrx_word' id='word_1_40' title='bbox 610 482 718 532; x_wconf 88' lang='lat' dir='ltr'>Istri,</span> <span class='ocrx_word' id='word_1_41' title='bbox 740 497 874 547; x_wconf 88' lang='lat' dir='ltr'>nuper</span> <span class='ocrx_word' id='word_1_42' title='bbox 895 498 1062 548; x_wconf 83' lang='lat' dir='ltr'>quoque</span> <span class='ocrx_word' id='word_1_43' title='bbox 1084 482 1325 523; x_wconf 83' lang='lat' dir='ltr'>tumultuati</span> <span class='ocrx_word' id='word_1_44' title='bbox 1345 482 1520 523; x_wconf 86' lang='lat' dir='ltr'>fuerant.</span> <span class='ocrx_word' id='word_1_45' title='bbox 1576 481 1774 522; x_wconf 84' lang='lat' dir='ltr'>Praeerat</span> 
     </span>
     <span class='ocr_line' id='line_1_7' title="bbox 390 538 1803 596; baseline 0 -15"><span class='ocrx_word' id='word_1_46' title='bbox 390 549 480 581; x_wconf 92' lang='lat' dir='ltr'>tum</span> <span class='ocrx_word' id='word_1_47' title='bbox 512 540 591 581; x_wconf 90' lang='lat' dir='ltr'>illis</span> <span class='ocrx_word' id='word_1_48' title='bbox 621 540 767 581; x_wconf 90' lang='lat' dir='ltr'>ferocis</span> <span class='ocrx_word' id='word_1_49' title='bbox 797 540 956 596; x_wconf 79' lang='lat' dir='ltr'>ingenii</span> <span class='ocrx_word' id='word_1_50' title='bbox 986 555 1061 580; x_wconf 87' lang='lat' dir='ltr'>rex</span> <span class='ocrx_word' id='word_1_51' title='bbox 1083 539 1263 595; x_wconf 85' lang='lat' dir='ltr'>Aepulo,</span> <span class='ocrx_word' id='word_1_52' title='bbox 1287 540 1359 595; x_wconf 91' lang='lat' dir='ltr'>qui</span> <span class='ocrx_word' id='word_1_53' title='bbox 1389 538 1579 596; x_wconf 78' lang='lat' dir='ltr'>gentem]</span> <span class='ocrx_word' id='word_1_54' title='bbox 1608 553 1632 579; x_wconf 86' lang='lat' dir='ltr'>a</span> <span class='ocrx_word' id='word_1_55' title='bbox 1655 547 1803 594; x_wconf 87' lang='lat' dir='ltr'>patre5</span> 
     </span>
     <span class='ocr_line' id='line_1_8' title="bbox 391 596 1775 654; baseline -0.002 -16"><span class='ocrx_word' id='word_1_56' title='bbox 391 598 436 638; x_wconf 93' lang='lat' dir='ltr'>in</span> <span class='ocrx_word' id='word_1_57' title='bbox 466 613 566 654; x_wconf 85' lang='lat' dir='ltr'>pace</span> <span class='ocrx_word' id='word_1_58' title='bbox 598 598 781 638; x_wconf 83' lang='lat' dir='ltr'>habitam</span> <span class='ocrx_word' id='word_1_59' title='bbox 810 613 998 647; x_wconf 78' lang='lat' dir='ltr'>almasse,</span> <span class='ocrx_word' id='word_1_60' title='bbox 1022 613 1156 653; x_wconf 91' lang='lat' dir='ltr'>eoque</span> <span class='ocrx_word' id='word_1_61' title='bbox 1178 597 1384 638; x_wconf 86' lang='lat' dir='ltr'>iuventuti</span> <span class='ocrx_word' id='word_1_62' title='bbox 1406 596 1634 653; x_wconf 87' lang='lat' dir='ltr'>praedandi</span> <span class='ocrx_word' id='word_1_63' title='bbox 1656 610 1775 651; x_wconf 77' lang='lat' dir='ltr'>cupi-</span> 
     </span>
     <span class='ocr_line' id='line_1_9' title="bbox 263 652 1773 711; baseline -0.004 -12"><span class='ocrx_word' id='word_1_64' title='bbox 263 662 298 700; x_wconf 88' lang='lat'>1.</span> <span class='ocrx_word' id='word_1_65' title='bbox 392 655 469 696; x_wconf 88' lang='lat' dir='ltr'>dae</span> <span class='ocrx_word' id='word_1_66' title='bbox 520 664 735 711; x_wconf 81' lang='lat' dir='ltr'>pergratus</span> <span class='ocrx_word' id='word_1_67' title='bbox 785 670 871 696; x_wconf 88' lang='lat' dir='ltr'>esse</span> <span class='ocrx_word' id='word_1_68' title='bbox 922 655 1148 696; x_wconf 86' lang='lat' dir='ltr'>dicebatur.</span> <span class='ocrx_word' id='word_1_69' title='bbox 1233 654 1468 695; x_wconf 84' lang='lat' dir='ltr'>Consilium</span> <span class='ocrx_word' id='word_1_70' title='bbox 1523 654 1575 695; x_wconf 91' lang='lat' dir='ltr'>de</span> <span class='ocrx_word' id='word_1_71' title='bbox 1626 652 1773 696; x_wconf 84' lang='lat' dir='ltr'>Istrico</span> 
     </span>
     <span class='ocr_line' id='line_1_10' title="bbox 185 710 1775 769; baseline -0.002 -15"><span class='ocrx_word' id='word_1_72' title='bbox 185 717 337 748; x_wconf 83' lang='lat' dir='ltr'>Istricum</span> <span class='ocrx_word' id='word_1_73' title='bbox 391 713 501 754; x_wconf 89' lang='lat' dir='ltr'>bello</span> <span class='ocrx_word' id='word_1_74' title='bbox 523 728 652 769; x_wconf 89' lang='lat' dir='ltr'>quum</span> <span class='ocrx_word' id='word_1_75' title='bbox 681 713 853 754; x_wconf 88' lang='lat' dir='ltr'>haberet</span> <span class='ocrx_word' id='word_1_76' title='bbox 874 712 1031 762; x_wconf 86' lang='lat' dir='ltr'>consul,</span> <span class='ocrx_word' id='word_1_77' title='bbox 1054 712 1122 753; x_wconf 89' lang='lat' dir='ltr'>alii</span> <span class='ocrx_word' id='word_1_78' title='bbox 1153 712 1383 768; x_wconf 77' lang='lat' dir='ltr'>gerendum</span> <span class='ocrx_word' id='word_1_79' title='bbox 1410 710 1634 767; x_wconf 88' lang='lat' dir='ltr'>extemplo,</span> <span class='ocrx_word' id='word_1_80' title='bbox 1657 718 1775 751; x_wconf 86' lang='lat' dir='ltr'>ante-</span> 
     </span>
     <span class='ocr_line' id='line_1_11' title="bbox 182 759 1774 826; baseline -0.003 -14"><span class='ocrx_word' id='word_1_81' title='bbox 182 759 315 792; x_wconf 84' lang='lat' dir='ltr'>bellum.</span> <span class='ocrx_word' id='word_1_82' title='bbox 392 786 518 826; x_wconf 91' lang='lat' dir='ltr'>quam</span> <span class='ocrx_word' id='word_1_83' title='bbox 549 771 793 812; x_wconf 87' lang='lat' dir='ltr'>contrahere</span> <span class='ocrx_word' id='word_1_84' title='bbox 824 770 963 826; x_wconf 89' lang='lat' dir='ltr'>copias</span> <span class='ocrx_word' id='word_1_85' title='bbox 994 770 1132 810; x_wconf 88' lang='lat' dir='ltr'>hostes</span> <span class='ocrx_word' id='word_1_86' title='bbox 1162 779 1343 826; x_wconf 85' lang='lat' dir='ltr'>possent,</span> <span class='ocrx_word' id='word_1_87' title='bbox 1369 769 1438 810; x_wconf 86' lang='lat' dir='ltr'>alii</span> <span class='ocrx_word' id='word_1_88' title='bbox 1468 767 1774 810; x_wconf 89' lang='lat' dir='ltr'>consulendum</span> 
     </span>
     <span class='ocr_line' id='line_1_12' title="bbox 390 825 1775 884; baseline -0.003 -15"><span class='ocrx_word' id='word_1_89' title='bbox 390 829 505 884; x_wconf 89' lang='lat' dir='ltr'>prius</span> <span class='ocrx_word' id='word_1_90' title='bbox 533 837 723 869; x_wconf 89' lang='lat' dir='ltr'>senatum</span> <span class='ocrx_word' id='word_1_91' title='bbox 749 828 984 868; x_wconf 84' lang='lat' dir='ltr'>censebant.</span> <span class='ocrx_word' id='word_1_92' title='bbox 1047 826 1163 868; x_wconf 87' lang='lat' dir='ltr'>Vicit</span> <span class='ocrx_word' id='word_1_93' title='bbox 1183 827 1402 876; x_wconf 89' lang='lat' dir='ltr'>sententia,</span> <span class='ocrx_word' id='word_1_94' title='bbox 1427 841 1533 882; x_wconf 87' lang='lat' dir='ltr'>quae</span> <span class='ocrx_word' id='word_1_95' title='bbox 1555 825 1667 866; x_wconf 88' lang='lat' dir='ltr'>diem</span> <span class='ocrx_word' id='word_1_96' title='bbox 1687 839 1775 866; x_wconf 89' lang='lat' dir='ltr'>non</span> 
     </span>
     <span class='ocr_line' id='line_1_13' title="bbox 390 882 1775 949; baseline -0.002 -23"><span class='ocrx_word' id='word_1_97' title='bbox 390 886 636 941; x_wconf 79' lang='lat' dir='ltr'>profeiebat.</span> <span class='ocrx_word' id='word_1_98' title='bbox 699 884 915 925; x_wconf 89' lang='lat' dir='ltr'>Profectus</span> <span class='ocrx_word' id='word_1_99' title='bbox 936 885 986 926; x_wconf 91' lang='lat' dir='ltr'>ab</span> <span class='ocrx_word' id='word_1_100' title='bbox 1009 884 1209 949; x_wconf 87' lang='lat' dir='ltr'>Aquileia</span> <span class='ocrx_word' id='word_1_101' title='bbox 1229 883 1375 925; x_wconf 89' lang='lat' dir='ltr'>consul</span> <span class='ocrx_word' id='word_1_102' title='bbox 1396 893 1528 924; x_wconf 89' lang='lat' dir='ltr'>castra</span> <span class='ocrx_word' id='word_1_103' title='bbox 1554 882 1607 924; x_wconf 90' lang='lat' dir='ltr'>ad</span> <span class='ocrx_word' id='word_1_104' title='bbox 1636 882 1775 924; x_wconf 89' lang='lat' dir='ltr'>lacum</span> 
     </span>
     <span class='ocr_line' id='line_1_14' title="bbox 391 940 1775 998; baseline -0.002 -15"><span class='ocrx_word' id='word_1_105' title='bbox 391 943 556 984; x_wconf 90' lang='lat' dir='ltr'>Timavi</span> <span class='ocrx_word' id='word_1_106' title='bbox 578 943 740 998; x_wconf 83' lang='lat' dir='ltr'>posuit3</span> <span class='ocrx_word' id='word_1_107' title='bbox 773 942 984 997; x_wconf 88' lang='lat' dir='ltr'>(imminet</span> <span class='ocrx_word' id='word_1_108' title='bbox 1010 942 1114 982; x_wconf 87' lang='lat' dir='ltr'>mari</span> <span class='ocrx_word' id='word_1_109' title='bbox 1145 942 1179 982; x_wconf 87' lang='lat' dir='ltr'>is</span> <span class='ocrx_word' id='word_1_110' title='bbox 1209 941 1342 998; x_wconf 86' lang='lat' dir='ltr'>lacus)</span> <span class='ocrx_word' id='word_1_111' title='bbox 1363 941 1511 983; x_wconf 87' lang='lat' dir='ltr'>eodem</span> <span class='ocrx_word' id='word_1_112' title='bbox 1533 940 1679 982; x_wconf 90' lang='lat' dir='ltr'>decem</span> <span class='ocrx_word' id='word_1_113' title='bbox 1700 952 1775 981; x_wconf 89' lang='lat' dir='ltr'>na-</span> 
     </span>
     <span class='ocr_line' id='line_1_15' title="bbox 389 997 1775 1055; baseline -0.002 -14"><span class='ocrx_word' id='word_1_114' title='bbox 389 1000 509 1041; x_wconf 89' lang='lat' dir='ltr'>vibus</span> <span class='ocrx_word' id='word_1_115' title='bbox 533 999 582 1041; x_wconf 89' lang='lat' dir='ltr'>C.</span> <span class='ocrx_word' id='word_1_116' title='bbox 600 1000 748 1041; x_wconf 83' lang='lat' dir='ltr'>Furius</span> <span class='ocrx_word' id='word_1_117' title='bbox 779 1000 975 1040; x_wconf 76' lang='lat' dir='ltr'>duumvir</span> <span class='ocrx_word' id='word_1_118' title='bbox 1004 999 1160 1040; x_wconf 86' lang='lat' dir='ltr'>navalis</span> <span class='ocrx_word' id='word_1_119' title='bbox 1186 999 1313 1040; x_wconf 85' lang='lat' dir='ltr'>venit.</span> <span class='ocrx_word' id='word_1_120' title='bbox 1376 998 1589 1040; x_wconf 89' lang='lat' dir='ltr'>Adversus</span> <span class='ocrx_word' id='word_1_121' title='bbox 1610 997 1775 1055; x_wconf 83' lang='lat' dir='ltr'>Illyrio-</span> 
     </span>
     <span class='ocr_line' id='line_1_16' title="bbox 389 1055 1806 1113; baseline -0.002 -14"><span class='ocrx_word' id='word_1_122' title='bbox 389 1073 483 1099; x_wconf 90' lang='lat' dir='ltr'>rum</span> <span class='ocrx_word' id='word_1_123' title='bbox 516 1057 688 1099; x_wconf 84' lang='lat' dir='ltr'>classem</span> <span class='ocrx_word' id='word_1_124' title='bbox 724 1057 850 1098; x_wconf 89' lang='lat' dir='ltr'>creati</span> <span class='ocrx_word' id='word_1_125' title='bbox 882 1057 1092 1099; x_wconf 86' lang='lat' dir='ltr'>duumviri</span> <span class='ocrx_word' id='word_1_126' title='bbox 1123 1057 1288 1098; x_wconf 84' lang='lat' dir='ltr'>navales</span> <span class='ocrx_word' id='word_1_127' title='bbox 1319 1065 1450 1106; x_wconf 89' lang='lat' dir='ltr'>erant,</span> <span class='ocrx_word' id='word_1_128' title='bbox 1483 1056 1557 1113; x_wconf 89' lang='lat' dir='ltr'>qui</span> <span class='ocrx_word' id='word_1_129' title='bbox 1591 1055 1806 1097; x_wconf 87' lang='lat' dir='ltr'>tuendae6</span> 
     </span>
     <span class='ocr_line' id='line_1_17' title="bbox 389 1113 1774 1171; baseline -0.001 -15"><span class='ocrx_word' id='word_1_130' title='bbox 389 1115 538 1171; x_wconf 74' lang='lat' dir='ltr'>viginti</span> <span class='ocrx_word' id='word_1_131' title='bbox 569 1115 742 1156; x_wconf 88' lang='lat' dir='ltr'>navibus</span> <span class='ocrx_word' id='word_1_132' title='bbox 763 1115 887 1156; x_wconf 82' lang='lat' dir='ltr'>maris</span> <span class='ocrx_word' id='word_1_133' title='bbox 908 1115 1045 1171; x_wconf 89' lang='lat' dir='ltr'>superi</span> <span class='ocrx_word' id='word_1_134' title='bbox 1067 1130 1161 1156; x_wconf 88' lang='lat' dir='ltr'>orae</span> <span class='ocrx_word' id='word_1_135' title='bbox 1183 1115 1406 1156; x_wconf 89' lang='lat' dir='ltr'>Anconam</span> <span class='ocrx_word' id='word_1_136' title='bbox 1425 1113 1541 1155; x_wconf 87' lang='lat' dir='ltr'>velut</span> <span class='ocrx_word' id='word_1_137' title='bbox 1561 1113 1774 1155; x_wconf 88' lang='lat' dir='ltr'>cardinem</span> 
     </span>
     <span class='ocr_line' id='line_1_18' title="bbox 389 1171 1775 1228; baseline -0.002 -14"><span class='ocrx_word' id='word_1_138' title='bbox 389 1173 618 1214; x_wconf 85' lang='lat' dir='ltr'>haberent:</span> <span class='ocrx_word' id='word_1_139' title='bbox 653 1173 752 1214; x_wconf 89' lang='lat' dir='ltr'>inde</span> <span class='ocrx_word' id='word_1_140' title='bbox 770 1173 819 1214; x_wconf 89' lang='lat' dir='ltr'>L.</span> <span class='ocrx_word' id='word_1_141' title='bbox 839 1172 1061 1214; x_wconf 89' lang='lat' dir='ltr'>Cornelius</span> <span class='ocrx_word' id='word_1_142' title='bbox 1083 1172 1230 1214; x_wconf 84' lang='lat' dir='ltr'>dextra</span> <span class='ocrx_word' id='word_1_143' title='bbox 1250 1172 1372 1213; x_wconf 88' lang='lat' dir='ltr'>litora</span> <span class='ocrx_word' id='word_1_144' title='bbox 1391 1187 1523 1228; x_wconf 90' lang='lat' dir='ltr'>usque</span> <span class='ocrx_word' id='word_1_145' title='bbox 1545 1171 1597 1212; x_wconf 88' lang='lat' dir='ltr'>ad</span> <span class='ocrx_word' id='word_1_146' title='bbox 1615 1171 1654 1212; x_wconf 87' lang='grc' dir='ltr'><strong>Γ</strong></span> <span class='ocrx_word' id='word_1_147' title='bbox 1655 1186 1775 1212; x_wconf 89' lang='lat' dir='ltr'>aren-</span> 
     </span>
     <span class='ocr_line' id='line_1_19' title="bbox 390 1228 1773 1286; baseline -0.002 -14"><span class='ocrx_word' id='word_1_148' title='bbox 390 1240 493 1281; x_wconf 88' lang='lat' dir='ltr'>tum,</span> <span class='ocrx_word' id='word_1_149' title='bbox 520 1230 569 1272; x_wconf 87' lang='lat' dir='ltr'>C.</span> <span class='ocrx_word' id='word_1_150' title='bbox 586 1230 735 1272; x_wconf 86' lang='lat' dir='ltr'>Furius</span> <span class='ocrx_word' id='word_1_151' title='bbox 765 1231 882 1272; x_wconf 85' lang='lat' dir='ltr'>laeva</span> <span class='ocrx_word' id='word_1_152' title='bbox 911 1246 1042 1286; x_wconf 92' lang='lat' dir='ltr'>usque</span> <span class='ocrx_word' id='word_1_153' title='bbox 1071 1230 1124 1271; x_wconf 90' lang='lat' dir='ltr'>ad</span> <span class='ocrx_word' id='word_1_154' title='bbox 1154 1230 1394 1286; x_wconf 86' lang='lat' dir='ltr'>Aquileiam</span> <span class='ocrx_word' id='word_1_155' title='bbox 1425 1237 1622 1271; x_wconf 88' lang='lat' dir='ltr'>tueretur.</span> <span class='ocrx_word' id='word_1_156' title='bbox 1686 1228 1773 1270; x_wconf 86' lang='lat' dir='ltr'>Eae</span> 
     </span>
     <span class='ocr_line' id='line_1_20' title="bbox 389 1285 1775 1344; baseline -0.003 -14"><span class='ocrx_word' id='word_1_157' title='bbox 389 1303 514 1330; x_wconf 87' lang='lat' dir='ltr'>naves</span> <span class='ocrx_word' id='word_1_158' title='bbox 545 1288 596 1329; x_wconf 90' lang='lat' dir='ltr'>ad</span> <span class='ocrx_word' id='word_1_159' title='bbox 627 1289 864 1344; x_wconf 87' lang='lat' dir='ltr'>proximum</span> <span class='ocrx_word' id='word_1_160' title='bbox 896 1298 1061 1344; x_wconf 80' lang='lat' dir='ltr'>pmtum</span> <span class='ocrx_word' id='word_1_161' title='bbox 1092 1288 1136 1328; x_wconf 92' lang='lat' dir='ltr'>in</span> <span class='ocrx_word' id='word_1_162' title='bbox 1162 1287 1306 1329; x_wconf 88' lang='lat' dir='ltr'>Istriae</span> <span class='ocrx_word' id='word_1_163' title='bbox 1335 1288 1439 1328; x_wconf 89' lang='lat' dir='ltr'>fines</span> <span class='ocrx_word' id='word_1_164' title='bbox 1459 1302 1555 1328; x_wconf 92' lang='lat' dir='ltr'>cum</span> <span class='ocrx_word' id='word_1_165' title='bbox 1576 1285 1775 1328; x_wconf 89' lang='lat' dir='ltr'>onerariis</span> 
     </span>
     <span class='ocr_line' id='line_1_21' title="bbox 390 1344 1774 1403; baseline -0.002 -15"><span class='ocrx_word' id='word_1_166' title='bbox 390 1355 433 1388; x_wconf 84' lang='lat' dir='ltr'>et</span> <span class='ocrx_word' id='word_1_167' title='bbox 464 1361 616 1403; x_wconf 83' lang='lat' dir='ltr'>magno</span> <span class='ocrx_word' id='word_1_168' title='bbox 649 1355 883 1387; x_wconf 81' lang='lat' dir='ltr'>commeatu</span> <span class='ocrx_word' id='word_1_169' title='bbox 918 1346 1087 1386; x_wconf 69' lang='lat' dir='ltr'>missae}</span> <span class='ocrx_word' id='word_1_170' title='bbox 1123 1354 1373 1401; x_wconf 88' lang='lat' dir='ltr'>secutusque</span> <span class='ocrx_word' id='word_1_171' title='bbox 1409 1359 1504 1386; x_wconf 89' lang='lat' dir='ltr'>cum</span> <span class='ocrx_word' id='word_1_172' title='bbox 1539 1344 1774 1400; x_wconf 83' lang='lat' dir='ltr'>legionibus</span> 
     </span>
     <span class='ocr_line' id='line_1_22' title="bbox 390 1402 1775 1466; baseline -0.001 -21"><span class='ocrx_word' id='word_1_173' title='bbox 390 1404 534 1445; x_wconf 87' lang='lat' dir='ltr'>consul</span> <span class='ocrx_word' id='word_1_174' title='bbox 551 1419 738 1460; x_wconf 79' lang='lat' dir='ltr'>quinque</span> <span class='ocrx_word' id='word_1_175' title='bbox 760 1404 889 1444; x_wconf 87' lang='lat' dir='ltr'>ferme</span> <span class='ocrx_word' id='word_1_176' title='bbox 912 1403 1041 1444; x_wconf 88' lang='lat' dir='ltr'>millia</span> <span class='ocrx_word' id='word_1_177' title='bbox 1061 1419 1085 1444; x_wconf 90' lang='lat' dir='ltr'>a</span> <span class='ocrx_word' id='word_1_178' title='bbox 1105 1403 1208 1444; x_wconf 86' lang='lat' dir='ltr'>mari</span> <span class='ocrx_word' id='word_1_179' title='bbox 1228 1403 1368 1460; x_wconf 89' lang='lat' dir='ltr'>posuit</span> <span class='ocrx_word' id='word_1_180' title='bbox 1388 1411 1530 1444; x_wconf 90' lang='lat' dir='ltr'>castra.</span> <span class='ocrx_word' id='word_1_181' title='bbox 1577 1402 1629 1443; x_wconf 91' lang='lat' dir='ltr'>In</span> <span class='ocrx_word' id='word_1_182' title='bbox 1649 1409 1775 1466; x_wconf 89' lang='lat' dir='ltr'>portu</span> 
     </span>
     <span class='ocr_line' id='line_1_23' title="bbox 390 1458 1775 1526; baseline -0.002 -24"><span class='ocrx_word' id='word_1_183' title='bbox 390 1462 624 1518; x_wconf 88' lang='lat' dir='ltr'>emporium</span> <span class='ocrx_word' id='word_1_184' title='bbox 664 1461 778 1503; x_wconf 89' lang='lat' dir='ltr'>brevi</span> <span class='ocrx_word' id='word_1_185' title='bbox 818 1462 1090 1517; x_wconf 82' lang='lat' dir='ltr'>perflequens</span> <span class='ocrx_word' id='word_1_186' title='bbox 1129 1461 1297 1511; x_wconf 84' lang='lat' dir='ltr'>factum,</span> <span class='ocrx_word' id='word_1_187' title='bbox 1328 1460 1554 1526; x_wconf 86' lang='lat' dir='ltr'>omniaque</span> <span class='ocrx_word' id='word_1_188' title='bbox 1590 1459 1690 1500; x_wconf 88' lang='lat' dir='ltr'>hinc</span> <span class='ocrx_word' id='word_1_189' title='bbox 1729 1458 1775 1499; x_wconf 89' lang='lat' dir='ltr'>in</span> 
     </span>
     <span class='ocr_line' id='line_1_24' title="bbox 391 1517 1775 1584; baseline -0.002 -24"><span class='ocrx_word' id='word_1_190' title='bbox 391 1528 524 1560; x_wconf 88' lang='lat' dir='ltr'>castra</span> <span class='ocrx_word' id='word_1_191' title='bbox 553 1519 915 1584; x_wconf 80' lang='lat' dir='ltr'>supportabantur.</span> <span class='ocrx_word' id='word_1_192' title='bbox 978 1518 1046 1568; x_wconf 86' lang='lat' dir='ltr'>Et,</span> <span class='ocrx_word' id='word_1_193' title='bbox 1070 1534 1154 1575; x_wconf 90' lang='lat' dir='ltr'>quo</span> <span class='ocrx_word' id='word_1_194' title='bbox 1185 1519 1229 1559; x_wconf 90' lang='lat' dir='ltr'>id</span> <span class='ocrx_word' id='word_1_195' title='bbox 1260 1518 1390 1559; x_wconf 88' lang='lat' dir='ltr'>tutius</span> <span class='ocrx_word' id='word_1_196' title='bbox 1419 1518 1551 1568; x_wconf 85' lang='lat' dir='ltr'>fieret,</span> <span class='ocrx_word' id='word_1_197' title='bbox 1577 1517 1775 1558; x_wconf 85' lang='lat' dir='ltr'>stationes</span> 
     </span>
     <span class='ocr_line' id='line_1_25' title="bbox 392 1573 1775 1641; baseline -0.003 -23"><span class='ocrx_word' id='word_1_198' title='bbox 392 1577 443 1618; x_wconf 88' lang='lat' dir='ltr'>ab</span> <span class='ocrx_word' id='word_1_199' title='bbox 483 1577 676 1618; x_wconf 89' lang='lat' dir='ltr'>omnibus</span> <span class='ocrx_word' id='word_1_200' title='bbox 725 1586 951 1618; x_wconf 78' lang='lat' dir='ltr'>castrorum</span> <span class='ocrx_word' id='word_1_201' title='bbox 1002 1577 1188 1641; x_wconf 82' lang='lat' dir='ltr'>partibus</span> <span class='ocrx_word' id='word_1_202' title='bbox 1235 1576 1515 1617; x_wconf 85' lang='lat' dir='ltr'>circumdatae</span> <span class='ocrx_word' id='word_1_203' title='bbox 1555 1583 1677 1616; x_wconf 86' lang='grc'><strong>311111·</strong></span> <span class='ocrx_word' id='word_1_204' title='bbox 1729 1573 1775 1614; x_wconf 86' lang='grc'>111</span> 
     </span>
     <span class='ocr_line' id='line_1_26' title="bbox 391 1631 1806 1690; baseline -0.002 -15"><span class='ocrx_word' id='word_1_205' title='bbox 391 1634 556 1676; x_wconf 90' lang='lat' dir='ltr'>Istriam</span> <span class='ocrx_word' id='word_1_206' title='bbox 576 1649 739 1676; x_wconf 90' lang='lat' dir='ltr'>versum</span> <span class='ocrx_word' id='word_1_207' title='bbox 768 1634 1020 1690; x_wconf 88' lang='lat' dir='ltr'>praesidium</span> <span class='ocrx_word' id='word_1_208' title='bbox 1041 1635 1249 1683; x_wconf 85' lang='lat' dir='ltr'>stativum,</span> <span class='ocrx_word' id='word_1_209' title='bbox 1271 1634 1492 1690; x_wconf 89' lang='lat' dir='ltr'>repentina</span> <span class='ocrx_word' id='word_1_210' title='bbox 1511 1633 1658 1673; x_wconf 90' lang='lat' dir='ltr'>cohors</span> <span class='ocrx_word' id='word_1_211' title='bbox 1679 1631 1806 1678; x_wconf 87' lang='lat' dir='ltr'>Pla-7</span> 
     </span>
     <span class='ocr_line' id='line_1_27' title="bbox 390 1690 1776 1748; baseline -0.002 -15"><span class='ocrx_word' id='word_1_212' title='bbox 390 1693 571 1742; x_wconf 89' lang='lat' dir='ltr'>centina,</span> <span class='ocrx_word' id='word_1_213' title='bbox 594 1692 784 1748; x_wconf 89' lang='lat' dir='ltr'>opposita</span> <span class='ocrx_word' id='word_1_214' title='bbox 808 1692 917 1732; x_wconf 85' lang='lat' dir='ltr'>inter</span> <span class='ocrx_word' id='word_1_215' title='bbox 945 1707 1056 1732; x_wconf 87' lang='lat' dir='ltr'>mare</span> <span class='ocrx_word' id='word_1_216' title='bbox 1085 1700 1128 1732; x_wconf 89' lang='lat' dir='ltr'>et</span> <span class='ocrx_word' id='word_1_217' title='bbox 1152 1700 1308 1732; x_wconf 86' lang='lat' dir='ltr'>castra:</span> <span class='ocrx_word' id='word_1_218' title='bbox 1343 1700 1398 1741; x_wconf 89' lang='lat' dir='ltr'>et,</span> <span class='ocrx_word' id='word_1_219' title='bbox 1427 1700 1475 1732; x_wconf 91' lang='lat' dir='ltr'>ut</span> <span class='ocrx_word' id='word_1_220' title='bbox 1504 1690 1618 1731; x_wconf 90' lang='lat' dir='ltr'>idem</span> <span class='ocrx_word' id='word_1_221' title='bbox 1648 1704 1776 1746; x_wconf 88' lang='lat' dir='ltr'>aqua-</span> 
     </span>
     <span class='ocr_line' id='line_1_28' title="bbox 389 1747 1775 1805; baseline -0.002 -14"><span class='ocrx_word' id='word_1_222' title='bbox 389 1750 547 1791; x_wconf 89' lang='lat' dir='ltr'>toribus</span> <span class='ocrx_word' id='word_1_223' title='bbox 568 1750 620 1790; x_wconf 90' lang='lat' dir='ltr'>ad</span> <span class='ocrx_word' id='word_1_224' title='bbox 640 1750 813 1790; x_wconf 90' lang='lat' dir='ltr'>fluvium</span> <span class='ocrx_word' id='word_1_225' title='bbox 836 1758 943 1790; x_wconf 91' lang='lat' dir='ltr'>esset</span> <span class='ocrx_word' id='word_1_226' title='bbox 967 1749 1233 1805; x_wconf 87' lang='lat' dir='ltr'>praesidium,</span> <span class='ocrx_word' id='word_1_227' title='bbox 1257 1748 1319 1790; x_wconf 90' lang='lat' dir='ltr'>M.</span> <span class='ocrx_word' id='word_1_228' title='bbox 1340 1748 1561 1798; x_wconf 89' lang='lat' dir='ltr'>Aebutius,</span> <span class='ocrx_word' id='word_1_229' title='bbox 1584 1747 1775 1789; x_wconf 91' lang='lat' dir='ltr'>tribunus</span> 
     </span>
     <span class='ocr_line' id='line_1_29' title="bbox 388 1805 1774 1862; baseline -0.001 -14"><span class='ocrx_word' id='word_1_230' title='bbox 388 1807 569 1848; x_wconf 89' lang='lat' dir='ltr'>militum</span> <span class='ocrx_word' id='word_1_231' title='bbox 586 1807 793 1848; x_wconf 89' lang='lat' dir='ltr'>secundae</span> <span class='ocrx_word' id='word_1_232' title='bbox 814 1806 1003 1862; x_wconf 82' lang='lat' dir='ltr'>legionis,</span> <span class='ocrx_word' id='word_1_233' title='bbox 1019 1807 1123 1848; x_wconf 90' lang='lat' dir='ltr'>duos</span> <span class='ocrx_word' id='word_1_234' title='bbox 1142 1806 1376 1862; x_wconf 88' lang='lat' dir='ltr'>manipulos</span> <span class='ocrx_word' id='word_1_235' title='bbox 1397 1805 1577 1846; x_wconf 86' lang='lat' dir='ltr'>militum</span> <span class='ocrx_word' id='word_1_236' title='bbox 1594 1805 1774 1846; x_wconf 90' lang='lat' dir='ltr'>adiicere</span> 
     </span>
     <span class='ocr_line' id='line_1_30' title="bbox 388 1862 1775 1918; baseline -0.002 -12"><span class='ocrx_word' id='word_1_237' title='bbox 388 1865 522 1906; x_wconf 89' lang='lat' dir='ltr'>iussus</span> <span class='ocrx_word' id='word_1_238' title='bbox 552 1874 625 1905; x_wconf 84' lang='lat' dir='ltr'>est.</span> <span class='ocrx_word' id='word_1_239' title='bbox 695 1865 745 1904; x_wconf 92' lang='lat' dir='ltr'>T.</span> <span class='ocrx_word' id='word_1_240' title='bbox 770 1874 812 1904; x_wconf 90' lang='lat' dir='ltr'>et</span> <span class='ocrx_word' id='word_1_241' title='bbox 835 1864 884 1904; x_wconf 85' lang='lat' dir='ltr'>C.</span> <span class='ocrx_word' id='word_1_242' title='bbox 906 1863 1018 1904; x_wconf 94' lang='lat' dir='ltr'>Aelii</span> <span class='ocrx_word' id='word_1_243' title='bbox 1049 1863 1207 1904; x_wconf 88' lang='lat' dir='ltr'>tribuni</span> <span class='ocrx_word' id='word_1_244' title='bbox 1242 1863 1422 1903; x_wconf 89' lang='lat' dir='ltr'>militum</span> <span class='ocrx_word' id='word_1_245' title='bbox 1452 1862 1662 1918; x_wconf 86' lang='lat' dir='ltr'>legionem</span> <span class='ocrx_word' id='word_1_246' title='bbox 1691 1870 1775 1903; x_wconf 90' lang='lat' dir='ltr'>ter-</span> 
     </span>
     <span class='ocr_line' id='line_1_31' title="bbox 389 1919 1773 1977; baseline -0.001 -15"><span class='ocrx_word' id='word_1_247' title='bbox 389 1923 504 1971; x_wconf 84' lang='lat' dir='ltr'>tiam,</span> <span class='ocrx_word' id='word_1_248' title='bbox 536 1936 643 1977; x_wconf 91' lang='lat' dir='ltr'>quae</span> <span class='ocrx_word' id='word_1_249' title='bbox 678 1920 941 1976; x_wconf 89' lang='lat' dir='ltr'>pabulatores</span> <span class='ocrx_word' id='word_1_250' title='bbox 981 1929 1023 1961; x_wconf 92' lang='lat' dir='ltr'>et</span> <span class='ocrx_word' id='word_1_251' title='bbox 1062 1920 1287 1975; x_wconf 83' lang='lat' dir='ltr'>lignatores</span> <span class='ocrx_word' id='word_1_252' title='bbox 1319 1928 1518 1970; x_wconf 85' lang='lat' dir='ltr'>tueretur,</span> <span class='ocrx_word' id='word_1_253' title='bbox 1554 1919 1633 1969; x_wconf 90' lang='lat' dir='ltr'>via,</span> <span class='ocrx_word' id='word_1_254' title='bbox 1665 1934 1773 1975; x_wconf 88' lang='lat' dir='ltr'>quae</span> 
     </span>
     <span class='ocr_line' id='line_1_32' title="bbox 390 1976 1773 2034; baseline -0.001 -15"><span class='ocrx_word' id='word_1_255' title='bbox 390 1978 633 2034; x_wconf 89' lang='lat' dir='ltr'>Aquileiam</span> <span class='ocrx_word' id='word_1_256' title='bbox 655 1977 746 2027; x_wconf 87' lang='lat' dir='ltr'>fert,</span> <span class='ocrx_word' id='word_1_257' title='bbox 769 1977 985 2019; x_wconf 24' lang='lat' dir='ltr'>duxeiffant</span> <span class='ocrx_word' id='word_1_258' title='bbox 1049 1978 1119 2018; x_wconf 92' lang='lat' dir='ltr'>Ab</span> <span class='ocrx_word' id='word_1_259' title='bbox 1141 1977 1287 2018; x_wconf 90' lang='lat' dir='ltr'>eadem</span> <span class='ocrx_word' id='word_1_260' title='bbox 1317 1977 1488 2033; x_wconf 82' lang='lat' dir='ltr'>regione</span> <span class='ocrx_word' id='word_1_261' title='bbox 1510 1976 1622 2018; x_wconf 89' lang='lat' dir='ltr'>mille</span> <span class='ocrx_word' id='word_1_262' title='bbox 1643 1977 1773 2018; x_wconf 86' lang='lat' dir='ltr'>ferme</span> 
     </span>
     <span class='ocr_line' id='line_1_33' title="bbox 389 2034 1805 2092; baseline 0 -16"><span class='ocrx_word' id='word_1_263' title='bbox 389 2051 584 2092; x_wconf 87' lang='lat' dir='ltr'>passuum</span> <span class='ocrx_word' id='word_1_264' title='bbox 606 2044 738 2076; x_wconf 83' lang='grc'><strong>033113</strong></span> <span class='ocrx_word' id='word_1_265' title='bbox 758 2044 875 2075; x_wconf 89' lang='lat' dir='ltr'>erant</span> <span class='ocrx_word' id='word_1_266' title='bbox 899 2034 1140 2076; x_wconf 89' lang='lat' dir='ltr'>Gallorum:</span> <span class='ocrx_word' id='word_1_267' title='bbox 1177 2034 1392 2075; x_wconf 85' lang='lat' dir='ltr'>Catmelus</span> <span class='ocrx_word' id='word_1_268' title='bbox 1419 2049 1495 2091; x_wconf 87' lang='lat' dir='ltr'>pro</span> <span class='ocrx_word' id='word_1_269' title='bbox 1519 2034 1664 2091; x_wconf 84' lang='lat' dir='ltr'>regulo</span> <span class='ocrx_word' id='word_1_270' title='bbox 1685 2043 1805 2077; x_wconf 86' lang='lat' dir='ltr'>erat8</span> 
     </span>
     <span class='ocr_line' id='line_1_34' title="bbox 258 2091 1773 2148; baseline -0.001 -14"><span class='ocrx_word' id='word_1_271' title='bbox 258 2103 296 2140; x_wconf 82' lang='lat'>2,</span> <span class='ocrx_word' id='word_1_272' title='bbox 390 2093 520 2134; x_wconf 89' lang='lat' dir='ltr'>tribus</span> <span class='ocrx_word' id='word_1_273' title='bbox 559 2092 673 2134; x_wconf 88' lang='lat' dir='ltr'>haud</span> <span class='ocrx_word' id='word_1_274' title='bbox 712 2092 889 2148; x_wconf 85' lang='lat' dir='ltr'>amplius</span> <span class='ocrx_word' id='word_1_275' title='bbox 925 2092 1107 2134; x_wconf 87' lang='lat' dir='ltr'>millibus</span> <span class='ocrx_word' id='word_1_276' title='bbox 1139 2101 1402 2133; x_wconf 90' lang='lat' dir='ltr'>armatorum.</span> <span class='ocrx_word' id='word_1_277' title='bbox 1465 2091 1574 2142; x_wconf 85' lang='lat' dir='ltr'>Istri,</span> <span class='ocrx_word' id='word_1_278' title='bbox 1607 2101 1655 2133; x_wconf 90' lang='lat' dir='ltr'>ut</span> <span class='ocrx_word' id='word_1_279' title='bbox 1688 2092 1773 2148; x_wconf 91' lang='lat' dir='ltr'>pri-</span> 
     </span>
     <span class='ocr_line' id='line_1_35' title="bbox 389 2149 1774 2207; baseline 0 -15"><span class='ocrx_word' id='word_1_280' title='bbox 389 2166 505 2192; x_wconf 90' lang='lat' dir='ltr'>mum</span> <span class='ocrx_word' id='word_1_281' title='bbox 527 2150 580 2192; x_wconf 90' lang='lat' dir='ltr'>ad</span> <span class='ocrx_word' id='word_1_282' title='bbox 600 2150 736 2191; x_wconf 90' lang='lat' dir='ltr'>lacum</span> <span class='ocrx_word' id='word_1_283' title='bbox 759 2149 924 2191; x_wconf 87' lang='lat' dir='ltr'>Timavi</span> <span class='ocrx_word' id='word_1_284' title='bbox 945 2158 1077 2191; x_wconf 88' lang='lat' dir='ltr'>castra</span> <span class='ocrx_word' id='word_1_285' title='bbox 1097 2158 1195 2191; x_wconf 87' lang='lat' dir='ltr'>sunt</span> <span class='ocrx_word' id='word_1_286' title='bbox 1217 2149 1411 2191; x_wconf 85' lang='lat' dir='ltr'>Romana</span> <span class='ocrx_word' id='word_1_287' title='bbox 1431 2158 1557 2200; x_wconf 88' lang='lat' dir='ltr'>mota,</span> <span class='ocrx_word' id='word_1_288' title='bbox 1579 2150 1659 2206; x_wconf 88' lang='lat' dir='ltr'>ipsi</span> <span class='ocrx_word' id='word_1_289' title='bbox 1678 2157 1774 2207; x_wconf 90' lang='lat' dir='ltr'>post</span> 
     </span>
    </p>
   </div>
   <div class='ocr_carea' id='block_1_3' title="bbox 1099 2324 1774 2409">
    <p class='ocr_par' dir='ltr' id='par_1_3' title="bbox 1099 2324 1774 2409">
     <span class='ocr_line' id='line_1_36' title="bbox 1142 2324 1774 2367; baseline 0.005 -11"><span class='ocrx_word' id='word_1_290' title='bbox 1142 2324 1162 2356; x_wconf 94' lang='lat'><strong>6</strong></span> <span class='ocrx_word' id='word_1_291' title='bbox 1186 2327 1249 2363; x_wconf 73' lang='lat' dir='ltr'>Qui</span> <span class='ocrx_word' id='word_1_292' title='bbox 1262 2327 1399 2358; x_wconf 79' lang='lat' dir='ltr'>tuendae</span> <span class='ocrx_word' id='word_1_293' title='bbox 1409 2350 1416 2358; x_wconf 91' lang='lat'>.</span> <span class='ocrx_word' id='word_1_294' title='bbox 1427 2350 1435 2357; x_wconf 90' lang='lat'>.</span> <span class='ocrx_word' id='word_1_295' title='bbox 1447 2351 1454 2358; x_wconf 93' lang='lat'>.</span> <span class='ocrx_word' id='word_1_296' title='bbox 1466 2327 1566 2358; x_wconf 76' lang='lat' dir='ltr'>maris</span> <span class='ocrx_word' id='word_1_297' title='bbox 1576 2327 1686 2367; x_wconf 76' lang='lat' dir='ltr'>superi</span> <span class='ocrx_word' id='word_1_298' title='bbox 1698 2337 1774 2359; x_wconf 83' lang='lat' dir='ltr'>orae</span> 
     </span>
     <span class='ocr_line' id='line_1_37' title="bbox 1099 2369 1772 2409; baseline 0.003 -11"><span class='ocrx_word' id='word_1_299' title='bbox 1099 2369 1266 2398; x_wconf 78' lang='lat' dir='ltr'>Anconam</span> <span class='ocrx_word' id='word_1_300' title='bbox 1289 2370 1376 2400; x_wconf 85' lang='lat' dir='ltr'>velut</span> <span class='ocrx_word' id='word_1_301' title='bbox 1392 2369 1571 2409; x_wconf 78' lang='lat' dir='ltr'>cardinem]</span> <span class='ocrx_word' id='word_1_302' title='bbox 1600 2370 1654 2400; x_wconf 83' lang='lat' dir='ltr'>Ita</span> <span class='ocrx_word' id='word_1_303' title='bbox 1671 2369 1772 2400; x_wconf 87' lang='lat' dir='ltr'>felici-</span> 
     </span>
    </p>
   </div>
   <div class='ocr_carea' id='block_1_4' title="bbox 389 2324 1056 2409">
    <p class='ocr_par' dir='ltr' id='par_1_4' title="bbox 389 2324 1056 2409">
     <span class='ocr_line' id='line_1_38' title="bbox 432 2324 1056 2367; baseline -0.002 -10"><span class='ocrx_word' id='word_1_304' title='bbox 432 2334 448 2366; x_wconf 89' lang='lat'>5</span> <span class='ocrx_word' id='word_1_305' title='bbox 472 2328 500 2357; x_wconf 87' lang='lat' dir='ltr'>A</span> <span class='ocrx_word' id='word_1_306' title='bbox 516 2331 612 2367; x_wconf 79' lang='lat' dir='ltr'>patre</span> <span class='ocrx_word' id='word_1_307' title='bbox 627 2328 663 2358; x_wconf 76' lang='grc' dir='ltr'>ἱη,</span> <span class='ocrx_word' id='word_1_308' title='bbox 674 2337 755 2366; x_wconf 83' lang='lat' dir='ltr'>pace</span> <span class='ocrx_word' id='word_1_309' title='bbox 769 2324 926 2365; x_wconf 76' lang='lat' dir='ltr'>habitam]</span> <span class='ocrx_word' id='word_1_310' title='bbox 952 2324 1056 2361; x_wconf 80' lang='lat' dir='ltr'>Quin-</span> 
     </span>
     <span class='ocr_line' id='line_1_39' title="bbox 389 2369 1056 2409; baseline -0.003 -9"><span class='ocrx_word' id='word_1_311' title='bbox 389 2380 451 2409; x_wconf 85' lang='lat' dir='ltr'>que</span> <span class='ocrx_word' id='word_1_312' title='bbox 470 2370 585 2400; x_wconf 86' lang='lat' dir='ltr'>horum</span> <span class='ocrx_word' id='word_1_313' title='bbox 602 2370 753 2400; x_wconf 88' lang='lat' dir='ltr'>librorum</span> <span class='ocrx_word' id='word_1_314' title='bbox 769 2369 957 2408; x_wconf 79' lang='lat' dir='ltr'>fragmenta,</span> <span class='ocrx_word' id='word_1_315' title='bbox 974 2378 1056 2407; x_wconf 88' lang='lat' dir='ltr'>quae</span> 
     </span>
    </p>
   </div>
   <div class='ocr_carea' id='block_1_5' title="bbox 388 2411 1056 2495">
    <p class='ocr_par' dir='ltr' id='par_1_5' title="bbox 388 2411 1056 2495">
     <span class='ocr_line' id='line_1_40' title="bbox 388 2411 1055 2452; baseline -0.004 -9"><span class='ocrx_word' id='word_1_316' title='bbox 388 2413 555 2450; x_wconf 87' lang='lat' dir='ltr'>habemus,</span> <span class='ocrx_word' id='word_1_317' title='bbox 586 2412 707 2452; x_wconf 86' lang='lat' dir='ltr'>publici</span> <span class='ocrx_word' id='word_1_318' title='bbox 737 2412 813 2441; x_wconf 87' lang='lat' dir='ltr'>iuris</span> <span class='ocrx_word' id='word_1_319' title='bbox 842 2411 917 2441; x_wconf 85' lang='lat' dir='ltr'>fecit</span> <span class='ocrx_word' id='word_1_320' title='bbox 945 2411 1055 2441; x_wconf 83' lang='lat' dir='ltr'>Simon</span> 
     </span>
     <span class='ocr_line' id='line_1_41' title="bbox 391 2454 1056 2495; baseline -0.002 -10"><span class='ocrx_word' id='word_1_321' title='bbox 391 2455 561 2495; x_wconf 84' lang='lat' dir='ltr'>Grynaeus</span> <span class='ocrx_word' id='word_1_322' title='bbox 590 2455 622 2484; x_wconf 88' lang='lat' dir='ltr'>in</span> <span class='ocrx_word' id='word_1_323' title='bbox 654 2454 816 2484; x_wconf 84' lang='lat' dir='ltr'>Helvetiis</span> <span class='ocrx_word' id='word_1_324' title='bbox 848 2463 932 2483; x_wconf 84' lang='lat' dir='ltr'>anno</span> <span class='ocrx_word' id='word_1_325' title='bbox 967 2461 1056 2492; x_wconf 83' lang='lat'>1531.</span> 
     </span>
    </p>
   </div>
   <div class='ocr_carea' id='block_1_6' title="bbox 388 2496 1164 2537">
    <p class='ocr_par' dir='ltr' id='par_1_6' title="bbox 388 2496 1164 2537">
     <span class='ocr_line' id='line_1_42' title="bbox 388 2496 1164 2537; baseline -0.003 -9"><span class='ocrx_word' id='word_1_326' title='bbox 388 2502 515 2537; x_wconf 85' lang='lat' dir='ltr'>reperta</span> <span class='ocrx_word' id='word_1_327' title='bbox 534 2498 622 2536; x_wconf 88' lang='lat' dir='ltr'>apud</span> <span class='ocrx_word' id='word_1_328' title='bbox 643 2496 873 2526; x_wconf 84' lang='lat' dir='ltr'>monasterium</span> <span class='ocrx_word' id='word_1_329' title='bbox 895 2496 1056 2526; x_wconf 83' lang='lat' dir='ltr'>Laurisse-</span> <span class='ocrx_word' id='word_1_330' title='bbox 1104 2519 1112 2526; x_wconf 91' lang='lat'>.</span> <span class='ocrx_word' id='word_1_331' title='bbox 1132 2519 1139 2527; x_wconf 95' lang='lat'>.</span> <span class='ocrx_word' id='word_1_332' title='bbox 1157 2519 1164 2526; x_wconf 89' lang='lat'>.</span> 
     </span>
    </p>
   </div>
   <div class='ocr_carea' id='block_1_7' title="bbox 385 2538 1059 2963">
    <p class='ocr_par' dir='ltr' id='par_1_7' title="bbox 385 2538 1059 2963">
     <span class='ocr_line' id='line_1_43' title="bbox 388 2538 1056 2579; baseline -0.004 -9"><span class='ocrx_word' id='word_1_333' title='bbox 388 2551 478 2577; x_wconf 80' lang='lat' dir='ltr'>num,</span> <span class='ocrx_word' id='word_1_334' title='bbox 495 2540 590 2579; x_wconf 81' lang='lat' dir='ltr'>vulgo</span> <span class='ocrx_word' id='word_1_335' title='bbox 607 2540 788 2576; x_wconf 79' lang='lat' dir='ltr'>Lorssense,</span> <span class='ocrx_word' id='word_1_336' title='bbox 801 2549 818 2569; x_wconf 90' lang='lat' dir='ltr'>e</span> <span class='ocrx_word' id='word_1_337' title='bbox 834 2538 961 2578; x_wconf 85' lang='lat' dir='ltr'>regione</span> <span class='ocrx_word' id='word_1_338' title='bbox 978 2539 1056 2568; x_wconf 89' lang='lat' dir='ltr'>Bor-</span> 
     </span>
     <span class='ocr_line' id='line_1_44' title="bbox 388 2580 1058 2622; baseline -0.004 -9"><span class='ocrx_word' id='word_1_339' title='bbox 388 2582 548 2622; x_wconf 85' lang='lat' dir='ltr'>betomagi</span> <span class='ocrx_word' id='word_1_340' title='bbox 561 2594 567 2613; x_wconf 89' lang='lat'>:</span> <span class='ocrx_word' id='word_1_341' title='bbox 593 2592 651 2612; x_wconf 86' lang='lat' dir='ltr'>nec</span> <span class='ocrx_word' id='word_1_342' title='bbox 662 2582 744 2611; x_wconf 86' lang='lat' dir='ltr'>alius</span> <span class='ocrx_word' id='word_1_343' title='bbox 756 2586 866 2620; x_wconf 85' lang='lat' dir='ltr'>postea</span> <span class='ocrx_word' id='word_1_344' title='bbox 876 2582 941 2611; x_wconf 84' lang='lat' dir='ltr'>erui</span> <span class='ocrx_word' id='word_1_345' title='bbox 952 2580 1058 2621; x_wconf 87' lang='lat' dir='ltr'>potuit</span> 
     </span>
     <span class='ocr_line' id='line_1_45' title="bbox 389 2623 1059 2664; baseline -0.003 -9"><span class='ocrx_word' id='word_1_346' title='bbox 389 2626 503 2663; x_wconf 82' lang='lat' dir='ltr'>codex,</span> <span class='ocrx_word' id='word_1_347' title='bbox 514 2634 651 2664; x_wconf 87' lang='lat' dir='ltr'>quocum</span> <span class='ocrx_word' id='word_1_348' title='bbox 665 2624 722 2654; x_wconf 87' lang='lat' dir='ltr'>illa</span> <span class='ocrx_word' id='word_1_349' title='bbox 734 2624 960 2654; x_wconf 82' lang='lat' dir='ltr'>conferrentur.</span> <span class='ocrx_word' id='word_1_350' title='bbox 1006 2623 1059 2653; x_wconf 83' lang='lat' dir='ltr'>Ex</span> 
     </span>
     <span class='ocr_line' id='line_1_46' title="bbox 388 2666 1054 2707; baseline -0.003 -9"><span class='ocrx_word' id='word_1_351' title='bbox 388 2668 476 2698; x_wconf 90' lang='lat' dir='ltr'>unici</span> <span class='ocrx_word' id='word_1_352' title='bbox 491 2668 588 2707; x_wconf 84' lang='lat' dir='ltr'>igitur</span> <span class='ocrx_word' id='word_1_353' title='bbox 610 2667 697 2697; x_wconf 88' lang='lat' dir='ltr'>illius</span> <span class='ocrx_word' id='word_1_354' title='bbox 713 2666 904 2705; x_wconf 85' lang='lat' dir='ltr'>exemplaris</span> <span class='ocrx_word' id='word_1_355' title='bbox 924 2666 986 2696; x_wconf 78' lang='lat' dir='ltr'>fide</span> <span class='ocrx_word' id='word_1_356' title='bbox 1002 2666 1054 2696; x_wconf 86' lang='lat' dir='ltr'>de-</span> 
     </span>
     <span class='ocr_line' id='line_1_47' title="bbox 388 2708 1057 2750; baseline -0.003 -10"><span class='ocrx_word' id='word_1_357' title='bbox 388 2710 496 2750; x_wconf 87' lang='lat' dir='ltr'>scripti</span> <span class='ocrx_word' id='word_1_358' title='bbox 520 2714 593 2740; x_wconf 86' lang='lat' dir='ltr'>sunt</span> <span class='ocrx_word' id='word_1_359' title='bbox 616 2710 649 2739; x_wconf 88' lang='lat' dir='ltr'>hi</span> <span class='ocrx_word' id='word_1_360' title='bbox 672 2709 752 2739; x_wconf 90' lang='lat' dir='ltr'>libri.</span> <span class='ocrx_word' id='word_1_361' title='bbox 778 2710 883 2740; x_wconf 56' lang='grc'><strong>011131.</strong></span> <span class='ocrx_word' id='word_1_362' title='bbox 931 2708 1057 2739; x_wconf 87' lang='lat' dir='ltr'>Unicus</span> 
     </span>
     <span class='ocr_line' id='line_1_48' title="bbox 387 2751 1056 2789; baseline -0.004 -6"><span class='ocrx_word' id='word_1_363' title='bbox 387 2753 443 2783; x_wconf 87' lang='lat' dir='ltr'>ille</span> <span class='ocrx_word' id='word_1_364' title='bbox 470 2753 571 2783; x_wconf 83' lang='lat' dir='ltr'>codex</span> <span class='ocrx_word' id='word_1_365' title='bbox 596 2752 715 2782; x_wconf 82' lang='lat' dir='ltr'>saeculi</span> <span class='ocrx_word' id='word_1_366' title='bbox 745 2755 781 2781; x_wconf 89' lang='lat' dir='ltr'>ut</span> <span class='ocrx_word' id='word_1_367' title='bbox 810 2761 895 2781; x_wconf 87' lang='lat' dir='ltr'>nunc</span> <span class='ocrx_word' id='word_1_368' title='bbox 921 2751 1056 2789; x_wconf 76' lang='lat' dir='ltr'>videtur,</span> 
     </span>
     <span class='ocr_line' id='line_1_49' title="bbox 386 2794 1057 2834; baseline -0.004 -8"><span class='ocrx_word' id='word_1_369' title='bbox 386 2795 480 2832; x_wconf 82' lang='lat' dir='ltr'>sexti,</span> <span class='ocrx_word' id='word_1_370' title='bbox 496 2805 590 2834; x_wconf 87' lang='lat' dir='ltr'>quem</span> <span class='ocrx_word' id='word_1_371' title='bbox 608 2794 886 2825; x_wconf 83' lang='lat' dir='ltr'>Larishamensem</span> <span class='ocrx_word' id='word_1_372' title='bbox 911 2794 1057 2833; x_wconf 82' lang='lat' dir='ltr'>appellat</span> 
     </span>
     <span class='ocr_line' id='line_1_50' title="bbox 387 2837 1056 2876; baseline -0.004 -7"><span class='ocrx_word' id='word_1_373' title='bbox 387 2838 568 2874; x_wconf 77' lang='lat' dir='ltr'>Bekkerus,</span> <span class='ocrx_word' id='word_1_374' title='bbox 599 2838 685 2876; x_wconf 84' lang='lat' dir='ltr'>apud</span> <span class='ocrx_word' id='word_1_375' title='bbox 716 2837 945 2867; x_wconf 82' lang='lat' dir='ltr'>bibliothecam</span> <span class='ocrx_word' id='word_1_376' title='bbox 977 2837 1056 2867; x_wconf 82' lang='lat' dir='ltr'>Cae-</span> 
     </span>
     <span class='ocr_line' id='line_1_51' title="bbox 385 2879 1054 2911; baseline 0 0"><span class='ocrx_word' id='word_1_377' title='bbox 385 2891 507 2911; x_wconf 84' lang='lat' dir='ltr'>saream</span> <span class='ocrx_word' id='word_1_378' title='bbox 546 2879 829 2910; x_wconf 86' lang='lat' dir='ltr'>Vindobonensem</span> <span class='ocrx_word' id='word_1_379' title='bbox 866 2883 1054 2911; x_wconf 82' lang='lat' dir='ltr'>asservatur.</span> 
     </span>
     <span class='ocr_line' id='line_1_52' title="bbox 387 2922 714 2963; baseline -0.003 -9"><span class='ocrx_word' id='word_1_380' title='bbox 387 2924 426 2954; x_wconf 85' lang='lat' dir='ltr'>cf.</span> <span class='ocrx_word' id='word_1_381' title='bbox 442 2923 513 2955; x_wconf 86' lang='lat' dir='ltr'>infr.</span> <span class='ocrx_word' id='word_1_382' title='bbox 531 2922 714 2963; x_wconf 84' lang='lat' dir='ltr'>Appendix.</span> 
     </span>
    </p>
   </div>
   <div class='ocr_carea' id='block_1_8' title="bbox 1098 2411 1773 2961">
    <p class='ocr_par' dir='ltr' id='par_1_8' title="bbox 1099 2411 1773 2621">
     <span class='ocr_line' id='line_1_53' title="bbox 1099 2411 1773 2443; baseline 0.003 -3"><span class='ocrx_word' id='word_1_383' title='bbox 1099 2415 1148 2440; x_wconf 84' lang='lat' dir='ltr'>ter</span> <span class='ocrx_word' id='word_1_384' title='bbox 1159 2411 1244 2441; x_wconf 88' lang='lat' dir='ltr'>hunc</span> <span class='ocrx_word' id='word_1_385' title='bbox 1261 2412 1368 2441; x_wconf 91' lang='lat' dir='ltr'>locum</span> <span class='ocrx_word' id='word_1_386' title='bbox 1382 2412 1566 2443; x_wconf 86' lang='lat' dir='ltr'>emendavit</span> <span class='ocrx_word' id='word_1_387' title='bbox 1580 2411 1646 2442; x_wconf 90' lang='lat' dir='ltr'>sive</span> <span class='ocrx_word' id='word_1_388' title='bbox 1662 2412 1773 2442; x_wconf 90' lang='lat' dir='ltr'>Flore·</span> 
     </span>
     <span class='ocr_line' id='line_1_54' title="bbox 1100 2453 1772 2494; baseline 0.004 -12"><span class='ocrx_word' id='word_1_389' title='bbox 1100 2453 1216 2490; x_wconf 79' lang='lat' dir='ltr'>bellus,</span> <span class='ocrx_word' id='word_1_390' title='bbox 1223 2454 1288 2484; x_wconf 85' lang='lat' dir='ltr'>sive</span> <span class='ocrx_word' id='word_1_391' title='bbox 1296 2455 1454 2492; x_wconf 83' lang='lat' dir='ltr'>Muretus,</span> <span class='ocrx_word' id='word_1_392' title='bbox 1462 2465 1518 2494; x_wconf 90' lang='lat' dir='ltr'>pro</span> <span class='ocrx_word' id='word_1_393' title='bbox 1526 2455 1611 2494; x_wconf 89' lang='lat' dir='ltr'>vulg.</span> <span class='ocrx_word' id='word_1_394' title='bbox 1621 2456 1772 2485; x_wconf 80' lang='lat' dir='ltr'>tuendam</span> 
     </span>
     <span class='ocr_line' id='line_1_55' title="bbox 1183 2497 1771 2536; baseline 0.005 -11"><span class='ocrx_word' id='word_1_395' title='bbox 1183 2498 1265 2526; x_wconf 78' lang='lat' dir='ltr'>mari</span> <span class='ocrx_word' id='word_1_396' title='bbox 1281 2498 1445 2536; x_wconf 74' lang='lat' dir='ltr'>superiore</span> <span class='ocrx_word' id='word_1_397' title='bbox 1459 2499 1635 2528; x_wconf 79' lang='lat' dir='ltr'>Anconam.</span> <span class='ocrx_word' id='word_1_398' title='bbox 1667 2497 1771 2528; x_wconf 78' lang='lat' dir='ltr'>Cardo</span> 
     </span>
     <span class='ocr_line' id='line_1_56' title="bbox 1100 2537 1772 2578; baseline 0.003 -11"><span class='ocrx_word' id='word_1_399' title='bbox 1100 2537 1246 2568; x_wconf 84' lang='lat' dir='ltr'>similiter</span> <span class='ocrx_word' id='word_1_400' title='bbox 1255 2549 1349 2569; x_wconf 87' lang='lat' dir='ltr'>sensu</span> <span class='ocrx_word' id='word_1_401' title='bbox 1361 2549 1446 2578; x_wconf 88' lang='lat' dir='ltr'>supr.</span> <span class='ocrx_word' id='word_1_402' title='bbox 1459 2540 1503 2570; x_wconf 79' lang='lat' dir='ltr'>xl.</span> <span class='ocrx_word' id='word_1_403' title='bbox 1519 2540 1565 2570; x_wconf 89' lang='lat'>18.</span> <span class='ocrx_word' id='word_1_404' title='bbox 1582 2539 1772 2577; x_wconf 75' lang='lat' dir='ltr'>adhibetur-3</span> 
     </span>
     <span class='ocr_line' id='line_1_57' title="bbox 1102 2581 1726 2621; baseline 0 -10"><span class='ocrx_word' id='word_1_405' title='bbox 1102 2581 1237 2620; x_wconf 86' lang='lat' dir='ltr'>Anglice</span> <span class='ocrx_word' id='word_1_406' title='bbox 1249 2583 1348 2620; x_wconf 77' lang='lat' dir='ltr'>pivot.</span> <span class='ocrx_word' id='word_1_407' title='bbox 1381 2582 1419 2612; x_wconf 86' lang='lat' dir='ltr'>cf.</span> <span class='ocrx_word' id='word_1_408' title='bbox 1437 2592 1522 2621; x_wconf 87' lang='lat' dir='ltr'>supr.</span> <span class='ocrx_word' id='word_1_409' title='bbox 1538 2581 1659 2612; x_wconf 86' lang='lat' dir='ltr'>xxxvii.</span> <span class='ocrx_word' id='word_1_410' title='bbox 1677 2589 1726 2621; x_wconf 87' lang='lat'>55.</span> 
     </span>
    </p>

    <p class='ocr_par' dir='ltr' id='par_1_9' title="bbox 1099 2623 1770 2739">
     <span class='ocr_line' id='line_1_58' title="bbox 1148 2623 1770 2664; baseline 0.002 -11"><span class='ocrx_word' id='word_1_411' title='bbox 1148 2630 1163 2662; x_wconf 90' lang='lat'><strong><em>7</em></strong></span> <span class='ocrx_word' id='word_1_412' title='bbox 1185 2624 1369 2663; x_wconf 79' lang='lat' dir='ltr'>Repentina</span> <span class='ocrx_word' id='word_1_413' title='bbox 1390 2624 1515 2664; x_wconf 76' lang='lat' dir='ltr'>cohors]</span> <span class='ocrx_word' id='word_1_414' title='bbox 1551 2624 1603 2654; x_wconf 89' lang='lat' dir='ltr'>Ex</span> <span class='ocrx_word' id='word_1_415' title='bbox 1627 2633 1664 2654; x_wconf 91' lang='lat' dir='ltr'>eo</span> <span class='ocrx_word' id='word_1_416' title='bbox 1688 2623 1770 2654; x_wconf 89' lang='lat' dir='ltr'>mili-</span> 
     </span>
     <span class='ocr_line' id='line_1_59' title="bbox 1099 2666 1770 2706; baseline 0.003 -11"><span class='ocrx_word' id='word_1_417' title='bbox 1099 2668 1168 2695; x_wconf 82' lang='lat' dir='ltr'>tum</span> <span class='ocrx_word' id='word_1_418' title='bbox 1197 2676 1323 2705; x_wconf 84' lang='lat' dir='ltr'>genere,</span> <span class='ocrx_word' id='word_1_419' title='bbox 1350 2666 1404 2705; x_wconf 89' lang='lat' dir='ltr'>qui</span> <span class='ocrx_word' id='word_1_420' title='bbox 1432 2668 1582 2697; x_wconf 73' lang='lat' dir='ltr'>subitariz&#39;</span> <span class='ocrx_word' id='word_1_421' title='bbox 1608 2666 1727 2706; x_wconf 85' lang='lat' dir='ltr'>passim</span> <span class='ocrx_word' id='word_1_422' title='bbox 1750 2676 1770 2697; x_wconf 87' lang='lat' dir='ltr'>a.</span> 
     </span>
     <span class='ocr_line' id='line_1_60' title="bbox 1102 2708 1428 2739; baseline 0.003 -1"><span class='ocrx_word' id='word_1_423' title='bbox 1102 2708 1194 2738; x_wconf 84' lang='lat' dir='ltr'>Livio</span> <span class='ocrx_word' id='word_1_424' title='bbox 1211 2709 1428 2739; x_wconf 85' lang='lat' dir='ltr'>nominantur.</span> 
     </span>
    </p>

    <p class='ocr_par' dir='ltr' id='par_1_10' title="bbox 1098 2750 1769 2961">
     <span class='ocr_line' id='line_1_61' title="bbox 1143 2750 1769 2791; baseline 0.003 -10"><span class='ocrx_word' id='word_1_425' title='bbox 1143 2751 1162 2780; x_wconf 87' lang='lat'>8</span> <span class='ocrx_word' id='word_1_426' title='bbox 1187 2752 1347 2781; x_wconf 73' lang='lat' dir='ltr'>Catmelus</span> <span class='ocrx_word' id='word_1_427' title='bbox 1358 2762 1421 2791; x_wconf 79' lang='lat' dir='ltr'>pro</span> <span class='ocrx_word' id='word_1_428' title='bbox 1435 2752 1545 2791; x_wconf 71' lang='lat' dir='ltr'>reyulo</span> <span class='ocrx_word' id='word_1_429' title='bbox 1560 2750 1647 2791; x_wconf 82' lang='lat' dir='ltr'>erat]</span> <span class='ocrx_word' id='word_1_430' title='bbox 1675 2751 1769 2783; x_wconf 87' lang='lat' dir='ltr'>Haec</span> 
     </span>
     <span class='ocr_line' id='line_1_62' title="bbox 1101 2793 1769 2834; baseline 0.003 -11"><span class='ocrx_word' id='word_1_431' title='bbox 1101 2794 1198 2823; x_wconf 82' lang='lat' dir='ltr'>verba</span> <span class='ocrx_word' id='word_1_432' title='bbox 1222 2793 1384 2824; x_wconf 84' lang='lat' dir='ltr'>Crevierio</span> <span class='ocrx_word' id='word_1_433' title='bbox 1407 2798 1555 2833; x_wconf 83' lang='lat' dir='ltr'>suspecta</span> <span class='ocrx_word' id='word_1_434' title='bbox 1577 2798 1662 2832; x_wconf 85' lang='lat' dir='ltr'>sunt,</span> <span class='ocrx_word' id='word_1_435' title='bbox 1685 2804 1769 2834; x_wconf 84' lang='lat' dir='ltr'>quae</span> 
     </span>
     <span class='ocr_line' id='line_1_63' title="bbox 1100 2836 1769 2876; baseline 0.003 -11"><span class='ocrx_word' id='word_1_436' title='bbox 1100 2839 1209 2866; x_wconf 82' lang='lat' dir='ltr'>tamen</span> <span class='ocrx_word' id='word_1_437' title='bbox 1234 2836 1280 2865; x_wconf 83' lang='lat' dir='ltr'>ita</span> <span class='ocrx_word' id='word_1_438' title='bbox 1305 2839 1469 2875; x_wconf 88' lang='lat' dir='ltr'>utcunque</span> <span class='ocrx_word' id='word_1_439' title='bbox 1494 2837 1649 2876; x_wconf 86' lang='lat' dir='ltr'>explicari</span> <span class='ocrx_word' id='word_1_440' title='bbox 1676 2847 1769 2876; x_wconf 88' lang='lat' dir='ltr'>posse</span> 
     </span>
     <span class='ocr_line' id='line_1_64' title="bbox 1098 2878 1769 2919; baseline 0.003 -11"><span class='ocrx_word' id='word_1_441' title='bbox 1098 2882 1211 2918; x_wconf 83' lang='lat' dir='ltr'>putat:</span> <span class='ocrx_word' id='word_1_442' title='bbox 1238 2879 1405 2909; x_wconf 82' lang='lat' dir='ltr'>Catmelus</span> <span class='ocrx_word' id='word_1_443' title='bbox 1421 2878 1552 2918; x_wconf 89' lang='lat' dir='ltr'>quidam</span> <span class='ocrx_word' id='word_1_444' title='bbox 1570 2880 1641 2910; x_wconf 91' lang='lat' dir='ltr'>loco</span> <span class='ocrx_word' id='word_1_445' title='bbox 1656 2880 1769 2919; x_wconf 83' lang='lat' dir='ltr'>reguli,</span> 
     </span>
     <span class='ocr_line' id='line_1_65' title="bbox 1099 2921 1725 2961; baseline 0.005 -10"><span class='ocrx_word' id='word_1_446' title='bbox 1099 2921 1153 2960; x_wconf 88' lang='lat' dir='ltr'>qui</span> <span class='ocrx_word' id='word_1_447' title='bbox 1169 2921 1237 2961; x_wconf 86' lang='lat' dir='ltr'>ipse</span> <span class='ocrx_word' id='word_1_448' title='bbox 1252 2931 1316 2952; x_wconf 88' lang='lat' dir='ltr'>non</span> <span class='ocrx_word' id='word_1_449' title='bbox 1329 2925 1407 2960; x_wconf 84' lang='lat' dir='ltr'>erat,</span> <span class='ocrx_word' id='word_1_450' title='bbox 1422 2921 1455 2952; x_wconf 87' lang='lat' dir='ltr'>in</span> <span class='ocrx_word' id='word_1_451' title='bbox 1471 2921 1509 2953; x_wconf 89' lang='lat' dir='ltr'>iis</span> <span class='ocrx_word' id='word_1_452' title='bbox 1524 2922 1633 2953; x_wconf 84' lang='lat' dir='ltr'>castris</span> <span class='ocrx_word' id='word_1_453' title='bbox 1647 2925 1725 2954; x_wconf 83' lang='lat' dir='ltr'>erat.</span> 
     </span>
    </p>
   </div>
  </div>
 </body>
</html>
