1888 3194
547 213 674 256 LIB.
708 212 853 255 XLII.
901 213 1048 265 CAP.
1083 217 1150 257 52.
1479 219 1532 258 83

135 306 243 348 sicut
264 312 399 354 erant,
422 303 475 345 ad
495 303 743 345 concionem
768 302 943 344 vocavit.
1006 301 1101 358 Ipse
1123 303 1312 344 constitit
1336 304 1378 344 in
1401 305 1590 350 tribu-U.
1607 317 1645 349 C.
1668 317 1740 356 581.

104 363 234 414 6nali‚
256 362 367 403 circa
387 377 430 403 se
452 361 614 402 habens
641 360 749 402 filios
770 359 897 401 duos:
931 375 1109 416 quorum
1136 361 1268 402 maior
1285 360 1528 418 Philippus,
1544 361 1583 392 A.
1608 360 1646 392 C·
1671 368 1740 399 ¹1¹·

136 430 286 462 natura
313 419 453 469 frater,
480 418 706 475 adoptione
737 417 872 467 filius3
905 418 1055 468 minor,
1083 433 1210 474 quem
1239 418 1528 461 Alexandrum

134 477 350 527 vocabant,
367 476 566 518 naturalis
582 485 682 517 erat.
747 475 1001 518 Cohortatus
1022 484 1084 517 est
1105 476 1258 517 milites
1279 476 1332 517 ad
1353 476 1526 518 bellum:

106 535 328 583 7iniuriam
357 533 502 591 populi
534 532 756 575 Romani
746 548 790 574 1n
818 543 979 590 patrem
1007 549 1136 590 seque
1164 535 1527 576 commemoravit:

135 591 299 643 ‘Illum,
323 592 517 634 omnibus
535 591 858 646 indignitatibus
879 591 1139 647 compulsum
1155 591 1208 632 ad
1228 591 1529 642 rebellandum,
1545 601 1656 633 Oratio
1665 603 1739 633 Per-

135 655 148 674 ‘
160 650 270 692 inter
289 660 536 707 apparatum
551 649 654 690 belli
674 648 760 690 fato
782 664 1051 705 oppressum:
1085 649 1138 690 ad
1155 665 1197 690 se
1220 649 1343 691 simul
1359 650 1529 707 legatos,
1543 645 1587 717 fei
1603 645 1644 675 ad
1660 645 1717 676 mi

135 707 284 750 ‘simul
309 707 462 750 milites
483 707 536 749 ad
558 706 823 764 occupandas
849 706 1051 748 Graeciae
1073 708 1198 749 urbes
1218 707 1373 749 missos.
1436 707 1531 749 Fal·
1556 691 1625 718 1tes.

133 765 238 808 ‘laci
259 765 413 808 deinde
435 765 645 822 colloquio
667 780 742 822 per
761 764 946 821 speciem
967 765 1300 807 reconciliandae
1322 766 1436 822 pacis
1456 781 1530 808 ex-

133 829 336 866 ‘tractam
366 823 563 873 hiemem,
594 832 643 864 ut
673 833 839 879 tempus
869 823 923 864 ad
953 823 1281 879 comparandum
1312 823 1527 866 haberent.

135 881 395 924 ‘Consulem
424 896 537 923 nunc
558 881 700 922 venire
729 896 825 922 cum
853 880 1016 922 duabus
1047 881 1282 938 legionibus
1311 881 1527 932 Romanis,

39 984 41 987 ,
102 944 271 996 8‘quae
293 940 316 961 *¹
337 940 360 961 *³
381 948 571 981 trecenos
599 939 762 995 equites
789 938 983 988 habeant,
1006 947 1049 980 et
1076 939 1166 995 pari
1195 939 1325 981 ferme
1353 955 1529 982 numero

136 998 369 1039 ‘sociorum
399 997 591 1053 peditum
624 997 912 1052 equitumque.
977 996 1041 1038 Eo
1069 1002 1116 1038 'ut
1146 997 1348 1039 accedant
1378 1013 1527 1053 regum

102 1071 122 1104 9
134 1055 315 1096 ‘auxilia
337 1054 541 1096 Eumenis
557 1063 600 1095 et
622 1054 883 1103 Masinissae,
906 1069 992 1095 non
1013 1054 1107 1110 plus
1127 1064 1288 1111 septem
1308 1055 1439 1096 millia
1454 1071 1529 1112 pe-

134 1112 307 1163 ‘ditum,
323 1113 408 1154 duo
426 1112 616 1178 equitum
633 1112 782 1153 futura.
846 1111 1019 1153 Auditis
1040 1111 1223 1153 hostium
1237 1114 1380 1169 copiis,
1398 1115 1529 1170 respi-

137 1175 307 1212 ‘cerent
331 1185 453 1211 suum
482 1170 561 1226 ip51
586 1169 844 1211 exercitum:
879 1178 1084 1225 quantum
1110 1185 1299 1235 numero,
1322 1180 1529 1227 quantum

135 1233 317 1294 ‘genere
337 1227 519 1269 militum
540 1236 798 1284 praestarent
820 1227 1037 1277 tironibus,
1055 1227 1207 1284 raptim
1231 1228 1285 1269 ad
1306 1228 1350 1269 id
1371 1228 1528 1270 bellum

134 1286 416 1342 ‘conscriptis,
434 1286 526 1343 ipsi,
545 1300 569 1326 a
584 1300 724 1342 puerls
740 1284 895 1326 eruditi
912 1285 1070 1326 artibus
1086 1285 1273 1336 militiae,
1288 1295 1351 1327 tot
1367 1287 1528 1328 subacti

133 1349 147 1368 ‘
161 1353 288 1402 atque
309 1343 447 1385 durati
468 1343 598 1386 bellis.
661 1342 837 1384 Auxilia
858 1342 1062 1384 Romanis
1085 1343 1242 1400 Lydos,
1265 1353 1308 1385 et
1324 1344 1527 1401 Phrygas,

133 1406 205 1444 ‘et
235 1401 446 1444 Numidas
477 1416 592 1443 esse:
635 1401 713 1443 sibi
745 1401 945 1451 Thracas,
980 1400 1224 1457 Gallosque,
1255 1401 1530 1444 ferocissimas
1568 1443 1570 1445 ,

133 1461 362 1526 ‘gentium.
426 1460 560 1501 Arma
586 1459 679 1501 illos
705 1459 858 1500 habere
887 1474 949 1509 ea,
972 1474 1079 1515 quae
1109 1459 1187 1501 sibi
1210 1461 1388 1516 quisque
1410 1475 1530 1517 para-

135 1518 270 1560 ‘verit
284 1533 444 1575 pauper
457 1517 597 1559 miles:
632 1516 891 1559 Macedonas
906 1526 1100 1583 prompta
1113 1532 1166 1559 ex
1183 1518 1297 1575 regio
1314 1527 1529 1575 apparatu,

134 1579 239 1633 ‘per
259 1585 321 1617 tot
341 1590 472 1617 annos
492 1575 621 1632 patris
641 1575 706 1616 sui
727 1590 826 1616 cura
846 1584 888 1616 et
910 1575 1101 1632 impensa
1121 1553 1254 1617 facta.
1304 1575 1530 1618 Commea-

136 1637 149 1656 ‘
161 1643 251 1674 tum
272 1632 352 1674 illis
373 1648 505 1689 quum
526 1632 685 1698 procul,
703 1641 792 1674 tum
815 1634 1009 1674 omnibus
1029 1634 1106 1675 sub
1128 1634 1290 1675 casibus
1311 1634 1529 1676 maritimis

136 1695 150 1714 ‘
167 1690 273 1732 fore:
307 1705 350 1732 se
371 1700 414 1732 et
434 1690 655 1747 pecuniam
673 1699 715 1732 et
734 1690 1005 1755 frumentum,
1023 1700 1188 1747 praeter
1208 1691 1366 1733 reditus
1383 1692 1530 1734 metal-

136 1748 341 1798 ‘lorum‚
332 1763 373 1789 in
397 1748 543 1790 decem
567 1763 697 1789 annos
725 1748 967 1804 seposuisse.
1033 1748 1201 1797 Omnia,
1225 1764 1331 1805 quae
1354 1749 1530 1791 deorum

108 1824 119 1846 1
137 1806 281 1848 ‘indul
314 1806 441 1856 entia,
474 1821 581 1862 quac
612 1806 726 1862 regia
755 1821 855 1847 cura
884 1805 1169 1862 praeparanda
1199 1806 1375 1856 fuerant,
1404 1807 1531 1863 plena

136 1869 149 1888 ‘
161 1821 456 1920 cumulataque
478 1863 630 1904 habere
649 1863 929 1905 Macedonas:
963 1864 1149 1905 animum
1168 1863 1409 1906 habendum
1427 1880 1528 1916 esse,

136 1926 291 1978 ‘quem
309 1921 531 1962 habuerint
547 1921 723 1962 maiores
739 1935 904 1970 eorum3
937 1922 1025 1978 qui,
1043 1921 1212 1978 Europa
1228 1923 1342 1963 omni
1357 1922 1529 1988 domita,

138 1979 407 2036 ‘transgressi
436 1979 480 2019 in
510 1978 669 2028 Asiam,
693 1978 955 2035 incognitum
976 1979 1109 2020 famae
1138 1980 1378 2035 aperuerint
1406 1981 1530 2022 armis

104 2037 303 2079 2‘orbem
326 2045 552 2078 terrarum:
586 2051 664 2078 nec
686 2044 782 2078 ante
807 2036 974 2078 vincere
996 2036 1208 2087 desierint,
1232 2052 1358 2094 quam
1383 2038 1529 2080 Rubro

136 2100 149 2119 ‘
163 2094 267 2136 mari
306 2093 490 2144 inclusis,
532 2094 648 2150 quod
687 2094 918 2144 vincerent,
959 2094 1151 2136 defuerit.
1228 2097 1302 2145 At,
1344 2095 1528 2147 hercule,

137 2158 275 2195 ‘nunc
296 2167 382 2194 non
403 2152 456 2194 de
475 2151 630 2193 ultimis
652 2151 800 2194 Indiae
823 2153 917 2203 oris,
935 2153 1008 2194 sed
1024 2152 1109 2194 de
1100 2153 1228 2210 1psius
1251 2153 1529 2196 Macedoniae

136 2210 418 2268 ‘possessione
440 2220 651 2252 certamen
673 2210 882 2252 fortunam
904 2210 1116 2252 indixisse.
1182 2212 1293 2253 Cum
1315 2220 1431 2268 patre
1454 2227 1530 2254 suo

136 2274 357 2326 ‘gerentes
376 2267 534 2310 bellum
565 2268 779 2310 Romanos
806 2269 1039 2325 speciosum
1065 2268 1268 2310 Graeciae
1290 2269 1530 2312 libeiandae

137 2326 304 2369 ‘tulisse
322 2325 508 2368 titulum.
542 2341 656 2367 nunc
674 2326 887 2383 propalam
911 2326 1239 2369 Macedoniam
1230 2343 1273 2368 1n
1287 2328 1530 2370 servitutem

179 2477 199 2509 6
223 2479 334 2509 Blaior
350 2479 542 2518 Philippus]
563 2478 602 2509 cf.
618 2478 730 2518 Polyb.
747 2477 809 2508 Ex·
904 2488 914 2508 ῐ
941 2480 1180 2519 Praeparanda
1193 2480 1352 2518 suerunt]
1382 2482 1532 2517 Fuerint,

139 2525 239 2562 cerpt.
258 2521 406 2551 Vatican.
424 2520 544 2551 xxxvii.
562 2520 591 2552 6.
858 2521 993 2551 Dukero
1029 2527 1171 2557 auctore,
1209 2523 1351 2562 reposuit
1390 2524 1530 2556 Bekker.

182 2573 198 2604 7
223 2565 384 2595 Iniurium
406 2565 519 2603 pupuli
543 2564 697 2602 Romani]
737 2564 809 2594 Ma-
855 2564 910 2594 sed
935 2564 1014 2595 nihil
1039 2575 1076 2595 ea
1099 2565 1278 2596 mutatione
1301 2576 1382 2606 opus
1402 2572 1459 2598 ent.
1490 2568 1531 2599 cs.

136 2606 185 2647 gis
215 2607 357 2647 placeret
380 2606 544 2638 Crevierio
567 2608 718 2644 iniurias,
745 2607 810 2637 lau·
856 2617 942 2647 supr.
959 2607 1069 2638 xxxvi.
1088 2616 1138 2648 39.

138 2650 215 2681 dato
231 2649 325 2680 simili
345 2650 415 2680 loeo
431 2659 515 2689 supr.
534 2649 564 2680 ii.
583 2651 631 2689 38.
901 2659 916 2680 2
934 2651 1045 2681 Rubro
1060 2652 1160 2689 mari]
1182 2651 1220 2682 Irl
1234 2656 1293 2687 est,
1306 2652 1429 2684 Indico.
1469 2654 1530 2684 Ve-

184 2694 205 2723 8
229 2694 320 2730 Quae
345 2694 360 2708 ⁶
386 2693 401 2708 “
425 2697 566 2723 trecenos
591 2693 729 2733 equites]
773 2692 810 2723 In
857 2698 939 2723 teres
957 2692 1059 2724 Rubri
1076 2694 1173 2724 maris
1189 2694 1318 2725 nominc
1334 2705 1396 2725 non
1415 2696 1530 2726 intelli-

139 2735 223 2766 hanc
251 2736 400 2766 lacunam
427 2735 610 2765 Gronovius
634 2745 726 2765 voces
748 2737 811 2765 sin·
856 2736 974 2774 ,rebant
997 2736 1200 2767 solummodo
1219 2738 1390 2769 Arabicum
1415 2739 1532 2774 sinum,

136 2779 234 2819 quiae
254 2789 332 2809 sena
349 2779 449 2808 millia
470 2779 613 2818 peditum
629 2784 659 2809 el
676 2778 812 2809 inseren-
859 2778 908 2809 cui
927 2790 1011 2809 nunc
1033 2779 1090 2809 soli
1115 2779 1194 2810 haec
1214 2781 1392 2820 appellatio
1410 2792 1529 2812 reman-

141 2821 198 2852 du
212 2826 331 2852 censet.
857 2821 910 2857 sit,
926 2822 979 2852 sed
998 2826 1029 2852 et
1050 2822 1209 2853 Persicum
1235 2823 1352 2859 ninum,
1368 2829 1448 2854 teste
1469 2825 1530 2854 1*Ιί-

188 2873 209 2906 9
231 2865 307 2895 Νοη
334 2865 410 2904 plus
440 2869 558 2904 :reptem
588 2865 706 2902 millia]
748 2865 814 2895 Aut
860 2864 913 2894 nio
938 2865 980 2895 ll.
1000 2865 1043 2896 N.
1069 2865 1106 2896 vi.
1131 2875 1178 2904 24.
1203 2870 1299 2905 atque
1322 2867 1418 2897 etiam
1447 2867 1530 2897 Indi-

143 2915 310 2937 numerum
339 2912 522 2947 corruptum
551 2917 619 2937 ense
646 2917 719 2937 cum
747 2907 814 2938 Du·
860 2918 933 2938 cum
951 2918 1057 2938 mare:
1085 2913 1119 2938 ut
1144 2913 1233 2948 patet
1254 2919 1292 2939 ex
1319 2909 1379 2938 hoc
1405 2910 1485 2941 loco.
1502 2914 1533 2938 ct

144 2947 221 2978 kero
241 2949 490 2985 consentiamus.
505 2955 561 2980 aut
576 2960 649 2980 cum
670 2950 815 2980 Draken-
861 2960 899 2980 ex
923 2950 1036 2981 Curtio
1055 2951 1116 2981 viii.
1133 2961 1162 2991 9.
1187 2951 1218 2981 in
1243 2951 1456 2990 deacriptiont·
1483 2952 1533 2981 ln-

145 2990 274 3021 boi-chio
293 2991 481 3031 particulam
499 2997 535 3022 ul
551 2993 721 3023 delendam
739 3003 815 3024 esne.
862 2993 943 3023 diae.
968 2993 1074 3024 Cum.
1106 2993 1145 3024 cf.
1162 3003 1247 3032 supr.
1266 3004 1328 3023 xxx
1337 2993 1373 3023 vi.
1397 3002 1440 3032 ¹7.

1238 3038 1311 3075 02
