1888 3194
918 200 1211 239 INDEX.

409 281 592 318 pugnantur
606 278 647 308 ab
663 277 824 308 Antiocho
843 276 894 316 36,
909 287 928 318 9
945 280 977 308 et
993 287 1039 308 10.

409 330 520 351 eorum
542 321 690 360 querelae
714 320 754 350 de
776 320 906 351 urbibus
932 320 996 350 suis
1021 330 1040 350 a

412 363 564 403 Philippo
598 363 747 402 possessis
778 372 830 403 39,
861 372 900 401 24
930 367 962 393 et
991 372 1038 402 25.

410 416 519 437 eorum
550 406 724 436 discordiae
753 406 876 445 sopitae
905 406 946 436 ab
975 406 1038 445 Ap.

409 449 548 480 Claudio
561 449 665 488 legato
677 458 728 486 42,
740 456 768 487 5.
793 448 939 479 Thessali
952 448 1037 488 equi-

409 496 458 522 tes
496 515 504 528 ,
526 501 536 521 1
566 516 572 522 .

368 501 723 574 Thessglici9equitatus
738 534 837 565 virtus
852 544 903 573 42,
921 542 971 574 59.

367 577 597 607 Thessalonica
611 578 686 607 urbs
702 586 752 617 39,
772 586 819 616 27.
844 587 895 615 4ο,
912 587 940 614 4.
965 577 1039 606 urbs

409 620 617 650 celeberrima
640 628 691 657 45,
716 628 764 657 3ο.
806 619 926 649 ibidem
949 623 1038 648 erant

407 663 536 692 navalia
561 674 612 700 44.,
640 672 676 692 10
700 666 731 691 et
756 671 804 700 32.
843 662 959 690 frustra
985 670 1039 699 op—

408 709 569 744 pugnatur
591 714 610 733 a
631 705 668 734 C.
686 703 810 734 Marcio
832 713 878 734 10.
913 702 1041 732 deditur

409 746 549 777 Aemilio
578 746 694 776 Paullo
718 753 769 785 45.
793 746 832 776 cf.
857 749 888 776 et
911 755 963 783 42,
987 744 1039 784 67.

410 800 461 827 44,
481 798 530 819 1²·
555 797 606 827 45,
625 798 673 829 29·

367 831 556 862 Thetidium
579 830 764 861 Pharsaliae
786 834 889 861 terrae
906 839 957 869 33,
974 829 993 861 6
1009 834 1040 861 et

414 892 438 912 ‘n

366 916 563 953 Theudoria,
589 917 664 946 urbs
691 916 906 946 Athamaniae
935 916 985 953 38,
1014 925 1039 947 1.

408 959 594 989 Theudoria
609 959 818 998 expelluntur
832 959 1040 997 Macedones,

409 1002 486 1032 ibid.

367 1045 529 1081 Theuma,
546 1044 645 1081 vicus,
661 1048 863 1084 expugnatur
879 1053 930 1082 32,
950 1053 996 1083 13.

367 1087 570 1125 Thimarum,
586 1087 741 1126 oppidum
760 1096 810 1125 32,
831 1096 876 1125 14.

366 1130 486 1167 Thoas,
510 1134 637 1169 praetor
657 1130 859 1167 Aetolorum,
875 1130 1037 1169 conqueri-

407 1177 460 1203 tur
485 1172 616 1203 iniun'as
639 1173 873 1208 Romanorum,
895 1176 926 1202 et
952 1183 1040 1212 reges

407 1216 447 1246 ad
464 1216 586 1245 bellum
603 1215 743 1246 concitat
759 1223 810 1253 35,
830 1225 875 1245 12.
899 1215 1037 1246 mittitur

407 1259 448 1288 ab
464 1258 589 1288 Aetolis
604 1259 645 1288 ad
660 1258 859 1288 Antiochum
876 1267 925 1296 32.
938 1262 970 1288 et
987 1256 1038 1297 36,

411 1308 437 1339 7.
462 1302 579 1331 frustra
594 1305 697 1331 tentat
714 1301 904 1332 Chalcidem
921 1308 972 1339 35,
989 1308 1038 1339 37.

410 1344 632 1374 Hannibalem
659 1342 821 1374 Antiocho
854 1347 1039 1382 suspectum

408 1386 487 1416 facit
512 1396 561 1424 42.
593 1386 660 1417 eius
688 1396 761 1416 cum
789 1385 939 1416 Phaenea
967 1396 1039 1415 con-

408 1429 510 1459 tentio
528 1437 578 1468 45.
612 1429 752 1459 mittitur
776 1428 892 1458 iterum
918 1429 1041 1467 legatus

409 1472 449 1501 ab
474 1472 599 1502 Aetolis
626 1472 667 1502 ad
693 1471 890 1502 Antiochum
915 1470 966 1509 36,
992 1469 1040 1502 26.

409 1524 484 1544 eum
515 1514 573 1544 sibi
604 1514 677 1544 dedi
708 1514 872 1553 postulant
900 1513 1041 1544 Romani

412 1564 465 1596 37,
481 1565 541 1604 45:
555 1557 606 1595 38,
624 1557 673 1595 38-
810 1598 828 1604 ,,
951 1598 956 1604 ,

368 1598 510 1629 Thraces
534 1600 689 1629 invadunt
713 1599 829 1629 Manlu
853 1603 1042 1636 exercitum,

410 1645 442 1672 et
465 1643 603 1681 praedae
627 1645 751 1682 partem
775 1641 906 1681 abigunt
924 1642 974 1681 38,
991 1651 1040 1679 40.

410 1684 449 1715 cf.
463 1689 494 1715 et
511 1684 551 1722 46
568 1688 599 1715 et
615 1695 664 1725 49.
686 1694 737 1726 39,
754 1694 778 1715 1.
804 1694 860 1714 cur
874 1685 981 1714 minus
996 1684 1041 1714 in-

409 1727 482 1757 festi
505 1727 623 1758 fuerint
647 1727 789 1767 Scipioni
806 1727 857 1766 38,
873 1737 924 1765 41.
956 1737 1041 1757 assu-

410 1774 542 1800 muntur
570 1770 603 1800 in
630 1770 816 1801 societatem
843 1780 862 1800 a
886 1769 1043 1800 Romanis

411 1823 463 1852 42,
482 1823 528 1854 19.
562 1823 672 1843 eorum
695 1823 751 1843 rex
773 1813 884 1852 Cotys,
901 1813 963 1843 vid.
981 1812 1041 1843 Co-

411 1860 471 1895 tys.
495 1866 605 1886 eorum
621 1856 717 1895 legati
734 1856 874 1886 Romam
891 1855 977 1889 missi
990 1862 1042 1894 45,

411 1908 461 1937 42.
497 1899 640 1929 Thraces
660 1902 804 1938 pugnant
821 1898 922 1937 longis
937 1898 1041 1928 rhom-

412 1941 524 1980 phaeis
551 1951 602 1980 31,
627 1951 675 1982 39.
711 1951 783 1971 cum
813 1945 909 1971 cantu
935 1951 1042 1980 super-

411 1983 478 2014 fixa
495 1985 601 2023 capita
615 1984 757 2014 hostium
774 1987 903 2023 portant
916 1993 968 2022 42,
980 1982 1031 2014 60.

370 2025 510 2057 Thracia
527 2025 577 2063 26,
594 2035 643 2066 25.
678 2027 710 2056 in
727 2026 900 2057 Thraciam
924 2025 1042 2056 exerci-

411 2073 481 2099 tum
498 2070 588 2100 ducit
604 2069 789 2109 Philippus,
804 2069 880 2100 ibid.
905 2079 976 2099 eam
988 2069 1041 2099 de-

412 2112 611 2151 populantur
627 2112 717 2143 Galli
734 2124 785 2151 44,
804 2119 852 2150 27.

370 2153 571 2194 Thrasippus
587 2155 755 2195 Eulyesta,
770 2154 951 2195 praefectus
973 2164 1043 2194 age-

411 2197 507 2227 matis
523 2198 727 2228 Macedonici
744 2208 795 2236 42,
813 2206 862 2237 51.

370 2239 506 2277 Thraso,
526 2240 692 2271 familiaris
714 2240 928 2279 Hieronymo,
951 2239 1043 2278 Syra—

413 2292 603 2312 cusanorum
630 2283 695 2322 regi
721 2292 772 2321 24,
796 2291 823 2321 5.
860 2282 1044 2312 nominatur

412 2324 496 2354 inter
523 2325 715 2362 coniuratos,
738 2324 814 2355 ibid.
841 2324 977 2354 traditur
1001 2323 1043 2353 ad

413 2367 609 2405 supplicium
625 2367 744 2402 insons,
758 2366 835 2396 ibid.

371 2408 522 2445 Thrausi,
537 2419 614 2447 gens
630 2408 792 2439 Thracum
810 2408 861 2446 38,
878 2416 927 2445 41.

372 2450 552 2481 Thronium
576 2460 627 2489 32,
651 2449 700 2490 36·
726 2459 775 2490 33,
797 2459 825 2489 3-
850 2458 902 2489 35,
918 2457 968 2488 37·
994 2448 1044 2489 36,

417 2503 467 2524 2ο.

373 2535 526 2573 Thuriae,
542 2536 607 2566 sive
623 2535 749 2572 Thurii,
769 2535 844 2565 urbs
865 2534 897 2565 in
922 2534 1044 2566 Sallen—

416 2578 492 2608 tinis
507 2588 538 2619 9,
558 2588 604 2620 19.
633 2588 680 2616 10,
698 2588 725 2609 2.
751 2586 801 2616 25,
820 2585 867 2616 15.
892 2584 942 2616 27,
963 2587 988 2608 1.

374 2620 512 2652 Thurini
542 2621 574 2651 in
611 2621 709 2652 fidem
740 2621 961 2651 Romanorum
998 2630 1043 2651 re-

416 2663 517 2694 deunt
541 2671 592 2702 25,
616 2673 642 2694 1.
676 2663 832 2694 deficiunt
854 2663 894 2693 ad
919 2663 1044 2693 Hanni-

416 2707 523 2736 balem
543 2713 590 2744 15.
608 2706 647 2737 cf.
664 2710 696 2736 et
714 2714 764 2746 27,
783 2715 809 2736 1.

375 2748 540 2779 Thurinus
554 2759 627 2788 ager
643 2758 695 2788 34.,
709 2757 758 2789 53.
780 2747 814 2778 in
830 2757 903 2779 eum
920 2747 1046 2778 colonia

419 2792 570 2829 deducta,
586 2791 663 2822 ibid.

376 2833 545 2874 Thyatira,
571 2834 727 2873 oppidum
755 2840 806 2873 37,
828 2833 860 2871 8,
883 2843 918 2863 21
941 2837 972 2864 et
996 2841 1046 2873 37.

418 2886 452 2907 se
468 2876 557 2907 dedit
573 2876 729 2907 Romanis
745 2887 796 2914 44.

377 2918 562 2959 Thymbris,
578 2919 696 2950 fluvius
712 2917 886 2959 Bithyniae
903 2919 954 2958 38,
973 2919 1019 2950 18.

1085 276 1254 317 Thyrium,
1285 277 1350 308 sive
1380 276 1562 317 Tyrrheum
1597 275 1754 316 oppidum

1126 320 1327 351 Acarnaniae
1343 319 1394 359 36,
1415 330 1448 350 11
1467 324 1499 351 et
1518 329 1566 351 12.
1589 319 1641 358 38,
1655 329 1687 360 9.

1085 362 1289 402 Thyrienses,
1316 362 1517 394 Acarnaniae
1543 372 1620 402 pop.
1643 360 1755 392 Antio-

1125 405 1185 435 cho
1204 406 1268 446 regi
1290 406 1498 446 respondent,
1512 405 1636 435 nullam
1652 414 1686 435 se
1700 413 1756 434 no-

1125 458 1197 478 vam
1220 449 1416 486 societatem,
1433 448 1492 479 nisi
1509 458 1549 478 ex
1564 446 1757 478 auctoritate

1125 490 1348 521 Romanorum
1365 495 1563 530 accepturos,
1579 489 1631 529 36,
1650 500 1697 521 12.

1083 532 1215 572 Thyrsis
1235 534 1366 572 quidam
1390 534 1583 564 Stuberaeus
1605 532 1755 563 interclu-

1126 575 1172 604 dit
1190 576 1356 606 Demetrio
1372 576 1520 615 spiritum
1536 586 1588 615 40,
1606 585 1655 615 24.

1084 616 1237 647 Tiberina
1250 618 1355 648 insula
1374 627 1402 655 2,
1419 626 1447 656 5.

1085 659 1255 690 Tiberinus
1271 660 1399 697 Silvius,
1415 659 1558 690 decimus
1571 670 1628 690 rex
1639 660 1756 698 Albae,

1126 702 1159 732 in
1177 703 1298 732 Albula
1313 704 1494 733 submersus
1513 712 1540 740 1,
1556 711 1584 741 3.

1085 744 1256 775 Tiberinus
1271 745 1375 775 amnis
1391 752 1421 784 5,
1438 752 1488 785 37.
1512 754 1562 786 29,
1582 754 1628 783 14.

1086 787 1222 826 Tiberis,
1248 788 1375 825 fluvius,
1402 788 1479 817 olim
1506 788 1628 818 Albula
1653 786 1758 818 dictus

1131 839 1158 867 1,
1170 839 1197 869 3.
1223 831 1347 861 Tiberis
1359 831 1464 861 dictus
1476 841 1496 861 a
1507 840 1579 870 rege
1593 829 1757 869 Tiberino,

1127 874 1180 912 qui
1202 873 1235 903 in
1257 874 1394 904 traiectu
1410 874 1592 903 submersus
1606 876 1664 911 est,
1679 872 1757 904 ibid.

1127 915 1252 946 Tiberis
1277 917 1317 946 ab
1342 916 1488 947 Hercule
1510 916 1618 946 nando
1640 914 1757 946 traiici-

1127 961 1178 988 tur
1196 966 1222 997 7.
1254 962 1301 989 est
1318 959 1424 999 gelida
1439 958 1546 989 hieme
1561 958 1757 998 innavigabi-

1127 1001 1166 1031 lis
1188 1011 1217 1041 5,
1237 1011 1284 1040 13.
1317 1002 1384 1032 eius
1407 1000 1634 1032 inundationes
1655 1000 1757 1031 maxi-

1126 1053 1199 1074 mae
1218 1054 1267 1082 24,
1283 1054 1312 1085 9.
1337 1054 1388 1083 3ο,
1405 1045 1455 1083 38.
1480 1051 1531 1083 35,
1547 1053 1566 1085 9
1582 1047 1615 1074 et
1632 1053 1681 1074 21.
1705 1043 1758 1092 38,

1128 1087 1176 1117 28.
1212 1091 1298 1118 trans
1313 1087 1457 1118 Tiberim
1481 1086 1580 1117 emoti
1597 1086 1758 1117 Veliterm

1126 1130 1156 1166 8,
1182 1139 1228 1169 14.
1262 1135 1424 1161 senatores
1447 1129 1683 1160 Privernatium
1707 1137 1756 1160 2ο.

1126 1172 1288 1212 Campani
1307 1172 1356 1209 26,
1373 1182 1423 1212 34.

1084 1213 1268 1245 Tibicinum
1293 1215 1326 1245 in
1350 1216 1434 1246 ludis
1453 1226 1530 1246 usus
1547 1223 1575 1255 7,
1592 1224 1620 1246 2.
1653 1213 1757 1245 tibici-

1125 1267 1191 1293 nes,
1210 1258 1274 1288 vini
1289 1258 1420 1288 avidum
1440 1268 1540 1298 genus
1555 1268 1586 1299 9,
1603 1266 1653 1296 3ο.
1685 1267 1756 1297 pro-

1125 1300 1218 1330 hibiti
1256 1301 1289 1330 in
1327 1301 1407 1331 aede
1446 1300 1534 1331 Iovis
1566 1299 1662 1338 vesci,
1691 1309 1756 1330 uno

1125 1343 1251 1382 agmine
1268 1347 1345 1373 eunt
1362 1343 1474 1379 Tibur,
1490 1342 1566 1373 ibid.
1594 1342 1667 1373 vino
1683 1352 1757 1372 one-

1126 1385 1198 1422 rati,
1227 1395 1403 1424 somnoque
1435 1385 1522 1422 victi,
1551 1385 1585 1414 in
1615 1384 1759 1424 plaustra

1128 1428 1352 1465 coniiciuntur,
1376 1432 1408 1457 et
1435 1428 1576 1458 Romam
1602 1427 1757 1458 revehun-

1127 1474 1190 1507 tur,
1206 1470 1282 1501 ibid.
1309 1470 1348 1500 iis
1363 1469 1549 1500 restitutum
1564 1469 1613 1500 ius
1628 1480 1757 1500 vescen-

1128 1512 1159 1542 di
1175 1513 1208 1543 in
1224 1514 1304 1543 aede
1322 1513 1419 1551 Iovis,
1434 1512 1510 1543 ibid.

1087 1554 1188 1585 Tibur
1216 1563 1245 1595 7,
1270 1565 1318 1586 11.
1347 1566 1379 1597 9,
1402 1565 1451 1596 30.
1481 1565 1532 1593 22,
1558 1564 1606 1586 11.
1631 1564 1684 1594 30,
1706 1562 1757 1595 45.

1129 1607 1180 1636 43,
1199 1608 1225 1629 2-

1087 1640 1248 1679 Tiburtes,
1268 1641 1381 1680 populi
1405 1647 1433 1680 7,
1449 1651 1479 1682 9.
1511 1650 1609 1681 quare
1631 1639 1670 1671 iis
1691 1640 1758 1671 bel-

1129 1684 1197 1713 lum
1214 1683 1388 1715 indixerint
1404 1684 1557 1721 Romani,
1571 1683 1648 1715 ibid.
1679 1683 1758 1714 Gal-

1128 1726 1176 1756 los
1191 1726 1327 1767 benigne
1341 1726 1495 1757 adiuvant
1511 1729 1695 1757 commeatu
1709 1735 1723 1756 1
1732 1735 1758 1757 1.

1132 1769 1310 1807 vincuntur,
1321 1769 1396 1800 ibid.
1419 1769 1535 1800 infesto
1547 1769 1686 1809 agmine,
1696 1768 1758 1808 pri-

1128 1822 1181 1841 mo
1208 1812 1311 1842 noctis
1336 1812 1463 1843 silentio
1489 1812 1532 1842 ad
1556 1812 1669 1842 urbem
1692 1812 1759 1842 Ro-

1128 1864 1214 1885 mam
1239 1855 1371 1885 veniunt
1396 1865 1443 1886 12.
1477 1855 1519 1885 ad
1541 1854 1671 1885 moenia
1692 1854 1759 1885 Ro-

1129 1907 1200 1927 mae
1225 1898 1407 1936 vincuntur,
1426 1897 1502 1928 ibid.
1534 1907 1608 1927 cum
1631 1897 1671 1928 iis
1692 1897 1758 1927 bel-

1129 1940 1198 1970 lum
1213 1941 1332 1979 geritur
1351 1941 1397 1971 18.
1423 1943 1579 1980 coguntur
1593 1940 1710 1970 dedere
1724 1949 1759 1970 se

1129 1982 1287 2014 Romanis
1306 1993 1352 2025 19.
1380 1982 1564 2023 triumphus
1583 1983 1624 2013 de
1644 1982 1758 2013 Tibur-

1128 2025 1224 2064 tibus,
1241 2026 1318 2057 ibid.
1350 2030 1481 2056 tuentur
1497 2026 1646 2056 Pedanos
1660 2025 1691 2063 8,
1710 2034 1758 2055 12.

1129 2079 1183 2098 eos
1205 2069 1303 2099 vincit
1324 2069 1361 2100 L.
1378 2068 1495 2099 Furius
1513 2078 1575 2100 cos,
1595 2077 1642 2107 13.
1675 2067 1758 2098 mul-

1130 2114 1240 2141 tantur
1254 2121 1328 2151 agro
1348 2122 1395 2150 14.

1088 2153 1233 2192 Tichius,
1260 2164 1415 2184 cacumen
1439 2152 1557 2184 montis
1581 2152 1684 2183 Oetae
1707 2150 1758 2191 36,

1134 2195 1172 2227 16
1187 2200 1219 2226 et
1239 2204 1285 2234 17.

1088 2238 1233 2275 Ticinus,
1253 2238 1357 2268 amnis
1377 2245 1406 2276 5,
1423 2246 1472 2277 34.
1499 2247 1550 2276 21,
1564 2247 1613 2278 39.
1637 2237 1757 2268 Roma-

1129 2280 1161 2310 ni
1185 2284 1282 2319 ponte
1306 2280 1457 2310 Ticinum
1479 2279 1616 2320 iungunt
1637 2289 1689 2318 21,
1707 2288 1758 2320 45.

1130 2332 1238 2361 pugna
1252 2322 1407 2362 equestris
1421 2323 1463 2353 ad
1478 2322 1631 2353 Ticinum
1646 2321 1697 2361 46.

1087 2364 1207 2402 Tifata,
1221 2375 1314 2395 mons
1332 2373 1359 2404 7,
1377 2375 1426 2406 ²9·
1451 2374 1502 2404 23,
1517 2364 1569 2404 36.
1593 2364 1646 2404 26,
1661 2373 1690 2405 5.

1088 2407 1268 2445 Tifernum,
1283 2408 1441 2447 oppidum
1457 2418 1488 2449 9,
1504 2419 1554 2447 44.
1581 2417 1630 2446 10,
1649 2417 1696 2446 14.

1089 2450 1249 2487 Tifernus,
1263 2460 1357 2480 mons
1375 2460 1423 2488 10,
1440 2459 1490 2489 30.

1089 2492 1244 2531 Tigillum
1260 2493 1422 2524 Sororium
1441 2503 1469 2531 1,
1486 2491 1536 2524 26.

1088 2535 1263 2566 Timanora
1286 2535 1450 2576 Dolopem
1476 2534 1704 2566 iaculatoribus
1725 2538 1758 2566 et

1130 2577 1344 2609 funditoribus
1373 2577 1518 2618 praeficit
1544 2578 1681 2609 Perseus
1705 2587 1758 2616 42,

1089 2662 1315 2694 Timasicrates
1330 2662 1478 2694 Rhodius
1494 2667 1546 2701 37,
1563 2671 1612 2702 14.

1089 2705 1317 2743 Timasitheus,
1354 2704 1548 2745 Liparensis,
1585 2715 1605 2736 a
1645 2705 1759 2746 legatis

1131 2748 1228 2779 Rom.
1258 2747 1407 2778 iniuriam
1437 2747 1642 2788 popularium
1670 2751 1758 2779 arcet

1133 2798 1164 2828 5,
1181 2790 1229 2821 28.

1091 2832 1218 2863 Timavi
1233 2833 1322 2863 lacus
1336 2842 1388 2870 41,
1404 2839 1432 2871 5.

1091 2875 1290 2906 Timocrates
1305 2875 1505 2907 Pellenensis
1527 2878 1652 2915 praeest
1667 2874 1759 2916 Argia

1134 2926 1186 2956 34,
1203 2927 1241 2958 29
1257 2921 1288 2948 et
1305 2927 1354 2955 40-
