1888 3194
485 146 904 191 EDITIONUM
950 146 1140 189 LIVII.
1423 153 1508 195 475

287 237 647 282 Commemoravit
680 236 795 277 hunc
831 235 1019 277 libellum
1053 235 1196 278 Ebert.
1229 237 1274 278 in
1307 237 1412 281 Lex.
1448 241 1511 282 bi-

224 296 456 352 bliograph.
490 294 584 337 Vol.
611 293 646 336 I.
669 309 709 349 p.
737 296 861 334 1002.
885 308 926 334 n.
954 296 1105 334 12125.

112 356 410 396 1815—1819.
445 351 642 401 Hafniae,
666 351 778 392 Livii
802 349 1085 391 Historiarum
1116 349 1211 392 libri
1233 349 1386 393 I.—X.
1415 368 1512 395 cum

168 410 359 460 Strothii,
398 409 622 465 Doeringii
662 408 926 464 aliorumque
968 407 1399 450 animadversionibus
1440 426 1514 451 ex-

166 468 323 524 cerptis
343 467 514 523 suisque
536 467 602 508 ed.
624 465 817 515 Moeller,
841 469 865 506 2
890 464 986 506 voll.
1011 468 1103 506 8vo.

282 525 473 566 Primum
490 523 689 565 volumen
711 523 836 563 huius
853 522 1049 564 editionis
1070 522 1115 563 in
1136 522 1372 565 scholarum
1390 539 1512 566 usum

222 591 392 638 paratae
421 590 519 622 ante
548 595 706 622 annum
737 583 860 621 1815.
891 579 1110 636 prodiisse,
1135 580 1281 622 titulus
1302 582 1514 623 recentior

222 639 463 695 antiquiori,
479 638 604 694 eique
621 638 807 687 rescisso,
826 636 1148 693 bibliopolarum
1166 652 1281 679 more
1299 638 1513 680 subiectus

223 696 410 738 indicare
431 695 610 737 videtur.

111 756 235 795 1821.
270 755 457 811 Lipsiae,
479 769 544 810 ap.
578 753 629 795 C.
649 751 968 802 Tauchnitium,
995 752 1063 794 ed.
1087 761 1339 810 stereotypa,
1368 756 1392 795 5
1415 753 1511 795 voll.

170 814 306 854 12mo.

285 869 406 911 Haec
439 869 583 919 editio,
616 868 688 910 vili
719 867 950 910 admodum
984 868 1120 924 pretio
1154 868 1361 924 parabilis,
1394 868 1516 911 char-

224 935 360 968 tarum
383 935 426 968 et
448 936 643 983 typorum
667 927 854 968 bonitate
877 941 963 966 non
985 925 1124 966 minus
1146 941 1273 981 quam
1295 926 1516 982 diligentia

223 984 268 1025 in
288 993 407 1025 textu
424 983 702 1025 exscribendo
720 983 908 1025 adhibita
923 982 1114 1038 vulgares
1131 983 1233 1032 illas,
1250 998 1358 1039 quae
1377 983 1514 1025 Halae

228 1044 350 1082 1802.
392 1045 513 1082 1811.
554 1044 676 1083 1815.
711 1049 755 1082 et
791 1043 912 1082 1819.
951 1039 1212 1095 prodierunt,
1244 1040 1369 1096 longe
1407 1041 1516 1082 mul-

224 1106 401 1154 tumque
423 1107 603 1154 superat.

112 1157 236 1197 1822.
271 1154 532 1197 Francofurt.
549 1155 603 1196 ad
618 1154 764 1196 Moen.
777 1154 888 1195 Livii
904 1153 1187 1194 Historiarum
1202 1154 1272 1195 lib.
1290 1154 1513 1197 XXXIII.

166 1227 263 1254 cum
297 1211 364 1253 Fr.
385 1212 564 1254 Iacobsii
586 1212 756 1267 suisque
783 1211 893 1252 notis
922 1226 975 1252 ex
1004 1211 1094 1252 cod.
1121 1210 1425 1267 Bambergensi
1447 1213 1513 1254 ed.

167 1269 315 1311 Franc.
343 1269 528 1312 Goeller.
554 1270 657 1311 Acc.
683 1268 875 1326 Epistola
896 1267 956 1309 Io.
982 1268 1177 1324 Theoph.
1204 1268 1440 1325 Kreyssigii
1462 1270 1516 1310 ad

169 1326 390 1368 Editorem
442 1336 485 1368 et
534 1327 711 1369 varietas
762 1326 994 1367 lectionum
1049 1325 1094 1366 in
1151 1325 1224 1367 lib.
1277 1326 1517 1367 XXXI.—

167 1383 436 1426 XXXVIII.
461 1399 514 1426 ex
536 1384 686 1426 eodem
708 1384 853 1425 codice
875 1392 1085 1439 excerpta.
1120 1386 1215 1424 8vo.

288 1441 511 1490 Quantum
548 1441 740 1483 utilitatis
775 1441 911 1483 codex
948 1440 1272 1496 Bambergensis
1308 1441 1351 1481 in
1392 1441 1516 1483 Livio

227 1499 395 1541 edendo
420 1499 541 1541 nobis
568 1499 809 1555 praebuerit
837 1498 1013 1553 aliisque
1041 1498 1094 1538 sit
1121 1498 1400 1554 praebiturus,
1423 1499 1518 1540 bre-

226 1557 334 1598 viter
354 1556 574 1598 docuimus
596 1557 639 1597 in
660 1556 832 1613 praefat.
857 1571 896 1611 p.
921 1559 1017 1597 353.

115 1616 355 1655 1822—26.
390 1613 521 1655 Paris.
541 1613 594 1654 ad
616 1614 738 1655 codd.
759 1613 969 1654 Parisinos
991 1627 1147 1653 recens.
1172 1621 1214 1653 et
1235 1627 1332 1654 cum
1354 1613 1518 1655 selectis

169 1671 494 1713 commentariis.
520 1671 621 1712 item
646 1669 963 1727 Supplcmentis
984 1669 1044 1711 Io.
1064 1669 1344 1711 Freinshemii
1365 1670 1431 1712 ed.
1458 1669 1515 1713 N.

171 1728 221 1770 E.
248 1729 456 1771 Lemaire.
491 1732 582 1770 8vo.

289 1786 409 1828 Haec
443 1786 574 1827 editio
609 1786 708 1827 satis
744 1784 977 1841 splendida,
1013 1799 1107 1841 pars
1143 1793 1206 1825 est
1243 1784 1518 1827 Collectionis

228 1853 446 1885 auctorum
465 1843 730 1885 classicorum
754 1843 993 1891 latinorum,
1012 1857 1120 1897 quae
1138 1851 1304 1898 practer
1320 1842 1517 1884 selectam

227 1900 458 1942 lectionum
481 1901 738 1950 varietatem,
762 1915 814 1941 ex
838 1900 991 1955 insigni
1014 1899 1207 1940 codicum
1230 1899 1518 1941 Parisinorum

228 1973 405 1999 numero
434 1973 517 1999 non
548 1973 610 2007 ca,
633 1972 742 2014 quae
771 1957 937 1998 criticos
965 1956 1101 2006 decet,
1125 1956 1345 2012 diligentia
1373 1967 1519 1999 enota-

229 2024 327 2065 tam,
346 2026 650 2071 excerptasque
668 2014 845 2056 aliorum
864 2014 1140 2069 interpretum
1159 2024 1292 2064 notas,
1308 2015 1518 2071 integrum

229 2073 420 2114 continet
472 2072 654 2129 Ruperti
704 2071 1068 2121 commentarium,
1115 2071 1186 2112 vix
1239 2081 1354 2113 tanto
1406 2071 1520 2129 apud

229 2140 395 2172 exteros
416 2130 574 2173 honore
597 2130 786 2187 dignum.

174 2409 294 2451 Haec
329 2407 626 2464 Kreyssigius:
672 2414 851 2455 caetera,
885 2419 992 2461 quae
1025 2411 1274 2460 sequuntur,
1310 2417 1363 2444 ex
1399 2402 1523 2444 variis

230 2466 415 2508 fontibus
437 2465 691 2506 derivantur.

120 2527 356 2567 1823—27.
391 2523 574 2579 Lipsiae,
609 2520 722 2577 apud
754 2520 1019 2561 Weidmann.
1054 2534 1106 2560 ex
1138 2518 1384 2560 recensione
1413 2518 1519 2559 Arn.

175 2580 513 2624 Drakenborcliii
532 2579 683 2636 passim
703 2578 845 2619 reficta
859 2593 954 2618 cum
973 2577 1112 2618 indice
1128 2591 1266 2617 rerum
1283 2575 1524 2631 locupletis-

175 2639 295 2680 simo.
349 2638 540 2679 Accessit
562 2646 727 2693 practer
749 2636 992 2676 varietatem
1016 2634 1244 2676 lectionum
1269 2635 1458 2675 Gronov.
1483 2643 1525 2674 et

178 2696 364 2737 Crevier.
383 2695 627 2751 glossarium
647 2694 871 2734 Livianum
888 2701 1060 2733 curante
1078 2693 1188 2745 Aug.
1203 2690 1320 2733 Guil.
1341 2689 1522 2731 Ernesti.

177 2752 323 2794 Editio
344 2762 491 2809 quarta
514 2752 728 2806 recognita
756 2760 797 2792 ct
828 2751 869 2790 in
899 2750 989 2791 libr.
1015 2746 1521 2790 XXXI.—XXXVIII.

178 2820 304 2865 atque
324 2809 489 2851 XLI.—v
507 2806 651 2850 XLV.
672 2808 724 2849 ad
746 2808 869 2849 codd.
891 2807 1112 2862 Bambcrg.
1133 2816 1173 2847 ct
1191 2805 1375 2847 Vindob.
1395 2805 1522 2845 fidem

179 2866 403 2908 emendata
423 2882 448 2908 a
470 2865 528 2907 Io.
553 2866 635 2908 Th.
663 2865 921 2922 Kreyssigio.
956 2868 980 2906 5
1006 2873 1106 2906 tom.
1131 2869 1223 2905 8vo.
