1888 3194
448 176 962 224 FRAGMENTUM
1005 176 1133 218 LIB.
1179 176 1302 219 XCI.
1494 181 1576 220 313

179 273 284 330 quid
304 287 403 315 eum
423 272 632 312 facturum
653 283 742 310 esse
768 281 856 308 non
878 266 1130 316 ominemur,
1153 266 1188 307 si
1209 275 1360 322 coepta
1379 266 1584 310 divinitus

178 346 227 373 ac
254 344 389 388 paene
416 329 500 369 iam
528 326 706 368 mirifica
725 323 979 366 dexteritate
1005 332 1133 379 atque
1160 323 1344 364 sollertia
1363 324 1585 380 profligata

177 387 352 430 consilia
371 385 425 427 ad
446 392 638 440 optatum
659 383 824 424 exitum
846 381 1018 423 tandem
1041 380 1270 437 aliquando
1287 380 1583 422 adducentur?

181 444 281 494 Quo
301 443 433 499 magis
454 442 576 483 Deus
599 440 651 483 Ο.
671 439 735 482 Μ.
758 439 883 481 enixe
905 438 1188 480 obsecrandus
1209 446 1286 487 est,
1305 446 1352 478 ut
1374 438 1583 479 bonorum

177 501 368 544 omnium
384 500 492 542 votis
512 498 701 555 expetita
720 498 845 539 beata
865 497 970 538 haec
987 496 1078 538 dies
1099 495 1329 551 aliquando
1350 494 1581 546 illucescat,

176 573 226 601 ac
269 557 552 600 Clementemv
579 555 704 597 XIV.
740 569 890 596 aureae
927 554 1074 595 aetatis
1109 553 1386 602 conditorem,
1422 552 1583 594 salvum

177 625 305 673 atque
326 615 571 657 incolumen
595 613 864 655 Christianae
890 627 938 653 ac
962 611 1169 653 literariae
1191 610 1448 667 reipublicae
1470 610 1582 652 bono

177 688 306 730 quam
327 672 562 714 diutissime
590 679 822 713 conservet.
887 669 1090 726 Sequitur
1117 668 1455 710 doctissimorum
1482 683 1582 710 cen-

177 746 318 774 sorum
339 730 558 772 iudicium.

237 845 474 888 ‘Mandata
507 843 768 886 Sanctissimi
798 842 977 884 Domini
1010 841 1158 884 Nostri
1191 840 1426 883 Clementis
1454 840 1578 882 XIV.

180 903 385 945 ‘feliciter
424 902 651 959 regnantis,
693 917 755 951 ea,
797 915 883 958 qua
926 915 1002 956 par
1042 909 1117 950 est,
1160 898 1403 941 obedientia
1451 908 1579 955 atque

180 961 419 1003 ‘alacritate
469 968 763 1016 exsequentes,
804 973 981 1015 parvum
1029 956 1310 999 bibliothecae
1346 955 1579 998 Vaticanae

180 1023 193 1042 ‘
208 1019 399 1061 codicem
431 1018 798 1059 membranaceum
829 1015 1084 1065 Palatinum,
1113 1029 1228 1056 num.
1257 1017 1325 1055 24.
1355 1023 1475 1055 extra
1503 1029 1581 1055 no-

180 1081 191 1100 ‘
209 1085 355 1125 tatum,
377 1090 582 1132 perquam
603 1074 830 1130 diligenter
850 1082 893 1114 et
914 1081 1106 1113 accurate
1128 1072 1301 1113 scrutati
1326 1086 1483 1122 sumus,
1506 1071 1579 1113 ubi

181 1133 384 1182 ‘Tobiae,
415 1131 624 1181 Iudithae,
655 1131 748 1172 Iobi
779 1139 906 1186 atque
939 1129 1129 1170 Estheris
1159 1128 1254 1170 libri
1286 1130 1384 1170 satis
1414 1138 1580 1170 vetusto

179 1190 445 1232 ‘charactere
486 1189 684 1245 descripti
725 1197 834 1230 sunt.
900 1187 1036 1229 Cuius
1071 1186 1324 1227 characteris
1363 1187 1579 1242 specimen

180 1247 291 1289 ‘iam
322 1247 488 1304 pridem
519 1261 616 1288 cum
645 1247 744 1288 orbe
773 1245 939 1287 erudito
967 1244 1353 1286 communicaverat
1374 1243 1580 1299 Iosephus

180 1310 193 1330 ‘
209 1304 487 1347 Blanchinius
517 1304 562 1345 in
583 1303 794 1345 Vindiciis
817 1303 1131 1345 Canonicarum
1159 1301 1468 1358 Scripturarum
1489 1301 1575 1342 vul·

180 1368 328 1420 ‘gatae
365 1362 577 1413 editionis,
615 1361 815 1412 “illum,”
852 1361 1063 1418 inquiens,
1112 1359 1332 1400 “mirifica
1370 1368 1581 1414 praestare

182 1425 195 1444 ‘
216 1420 510 1477 “antiquitate
538 1429 581 1462 et
611 1428 769 1461 certam
807 1418 1170 1475 Hieronyiuianae
1205 1417 1407 1459 versionis
1437 1425 1582 1458 notam

183 1483 240 1503 “‘
255 1478 300 1519 in
325 1478 630 1534 subscriptione
662 1476 1013 1534 repraesentare.'’
1076 1475 1223 1524 Quum
1256 1490 1356 1531 ergo
1389 1474 1443 1516 ad
1474 1474 1585 1515 eius-

184 1540 196 1559 ‘
213 1534 328 1577 modi
349 1550 529 1577 examen
550 1536 731 1592 aggressi
752 1550 949 1584 essemus,
972 1533 1344 1574 animadvertimus
1365 1532 1487 1573 initio
1515 1531 1584 1572 hic

185 1598 341 1648 ‘atque
375 1593 459 1634 illie
487 1593 532 1633 in
564 1593 685 1634 variis
720 1592 878 1633 codicis
906 1591 1070 1647 paginis
1101 1590 1384 1646 antiquiorem
1415 1590 1584 1631 subesse

186 1651 473 1707 ‘scripturam‚
515 1650 668 1706 partim
709 1665 762 1690 ex
802 1649 1021 1698 industria,
1062 1648 1214 1704 partim
1255 1647 1346 1703 ipsa
1385 1646 1586 1703 temporis

186 1714 420 1750 ‘vetustate
461 1723 594 1764 paene
637 1707 912 1756 obliteratam,
950 1721 1036 1747 non
1078 1706 1136 1746 ita
1177 1713 1331 1754 tamen,
1370 1714 1417 1745 ut
1452 1718 1584 1760 quum

188 1772 198 1790 ‘
216 1767 324 1807 inter
346 1765 476 1807 lineas
497 1780 708 1807 sacrorum
730 1765 967 1813 verborum,
991 1773 1080 1804 tum
1111 1763 1154 1803 in
1182 1762 1440 1818 marginibus
1468 1761 1587 1817 pagi-

189 1829 364 1865 ‘narum
402 1839 445 1864 se
488 1823 719 1879 peritorum
756 1821 886 1863 oeulis
919 1836 1004 1862 non
1039 1820 1185 1861 offerat
1224 1818 1462 1875 legendam,
1499 1833 1587 1860 non

188 1887 199 1905 ‘
216 1896 385 1923 omnem
408 1880 595 1937 quidem,
618 1890 659 1921 at
681 1880 881 1921 maiorem
903 1888 1015 1920 certe
1038 1887 1211 1934 partem.

246 1944 258 1962 ‘
275 1938 507 1994 Praecipue
538 1953 637 1978 vero
668 1937 841 1994 paginas
869 1940 934 1978 73.
964 1951 1096 1991 usque
1125 1935 1179 1976 ad
1201 1937 1267 1977 78.
1296 1934 1588 1990 perspeximus

189 2002 200 2020 ‘
217 1995 499 2052 pulcherrimo
520 1995 751 2051 primorum
773 2009 892 2035 aerae
917 1993 1184 2035 Christianae
1206 1992 1466 2033 saeculorum
1489 1991 1588 2032 cha-

188 2059 200 2078 ‘
216 2062 390 2104 ractere,
414 2068 461 2094 ac
483 2052 628 2109 procul
650 2052 780 2093 dubio
801 2060 898 2092 ante
928 2050 1140 2092 saeculum
1163 2050 1360 2106 quintum
1383 2058 1584 2090 exaratas.

188 2110 373 2153 ‘Probat
404 2111 448 2151 id
480 2111 609 2167 ipsius
639 2110 868 2166 scripturae
899 2109 1057 2158 for1na,’
1089 2114 1115 2132 “
1134 2107 1357 2149 Romana''
1391 2107 1590 2162 ‘nempe'

190 2175 201 2193 ‘
219 2169 408 2218 “vetuS‚''
424 2175 551 2225 ‘quae
568 2184 700 2224 usque
715 2166 768 2208 ad
782 2166 995 2208 saeculum
1011 2166 1207 2222 quintum
1222 2165 1368 2221 viguit,
1383 2180 1469 2221 quo
1484 2173 1589 2205 tem-

191 2233 202 2251 ‘
234 2242 318 2268 >ore
343 2226 490 2276 Gothi,
514 2225 636 2267 Italia
657 2226 741 2266 fere
772 2234 860 2266 tota
887 2225 930 2264 in
959 2239 1103 2265 eorum
1132 2232 1383 2279 potestatem
1406 2222 1588 2272 redacta,

192 2243 351 2325 ‘literis
379 2284 464 2325 suis
488 2284 701 2325 Romanas
731 2282 1035 2338 aliquantisper
1066 2281 1278 2322 vitiarunt.
1344 2279 1588 2321 Uncialium

192 2341 433 2383 ‘literarum
465 2342 597 2383 forma
628 2341 669 2382 in
703 2340 848 2382 codiee
880 2339 960 2381 hoc
982 2339 1176 2380 Palatino
1207 2338 1306 2379 satis
1337 2337 1506 2394 elegans
1537 2337 1590 2378 ad

193 2400 416 2456 ‘antiquos
447 2399 634 2456 lapidum
665 2398 927 2440 characteres
957 2396 1162 2438 accedens
1193 2404 1373 2437 aetatem
1403 2395 1590 2451 profecto

193 2457 387 2498 ‘videtur
418 2472 562 2514 sapere
596 2455 939 2512 praestantissimi
974 2454 1083 2496 illius
1115 2453 1282 2510 Virgilii
1316 2452 1485 2502 codicis,
1517 2452 1590 2508 qui

194 2521 205 2538 ‘
223 2514 459 2556 Florentiae
490 2515 531 2555 in
561 2514 816 2555 bibliotheca
837 2513 1124 2554 Laurentiana
1154 2520 1398 2560 asservatur,
1431 2510 1591 2566 quique

196 2573 333 2613 ‘cirea
356 2572 546 2614 Valentis
574 2587 620 2612 ac
643 2570 874 2612 Theodosii
905 2579 1093 2626 tempora
1120 2569 1299 2625 scriptus
1330 2568 1594 2609 existimatur

197 2630 275 2671 ‘ab
318 2629 541 2671 IIolstenio
582 2629 817 2685 ceterisque
860 2628 957 2669 viris
997 2627 1183 2669 eruditis.
1251 2626 1379 2667 Hisce
1432 2625 1594 2688 paginis

198 2687 474 2743 ‘praecedere
517 2686 685 2728 titulum
728 2686 932 2741 legimus:
982 2684 1111 2726 TITI
1152 2683 1281 2725 LIVI
1324 2683 1436 2724 LIB.
1472 2682 1592 2724 XCI.

199 2745 529 2793 ‘Quamobrem,
571 2744 721 2785 ceteriS
761 2743 934 2790 omissis,
973 2743 1098 2783 huius
1138 2742 1367 2797 scripturae
1410 2739 1594 2782 examini

200 2801 365 2842 ‘studio
405 2812 445 2843 et
487 2817 586 2842 cura
626 2801 740 2842 omni
779 2801 1032 2846 institinms:
1077 2815 1163 2856 qua
1197 2799 1371 2855 quidem
1409 2797 1598 2854 repetitis

201 2858 586 2899 ‘observationibus
619 2858 740 2907 lecta,
775 2868 890 2898 certo
925 2857 1284 2922 deprehendimus
1318 2856 1597 2909 fragmentum

201 2923 316 2956 ‘esse
349 2914 558 2965 historiae,
581 2931 654 2956 seu
686 2915 1014 2956 continuationis
1047 2914 1244 2955 historiae
1271 2913 1323 2954 dc
1356 2912 1471 2953 130110
1503 2910 1599 2950 llis-
