1888 3194
286 168 369 206 422
608 158 977 202 SYLLABUS
1026 156 1364 200 CODICUM

289 255 434 295 urbem
464 254 584 308 apud
607 252 822 300 Hennam,
852 250 897 290 in
926 248 1105 289 formula
1134 247 1251 289 finali
1282 247 1378 288 libri
1399 245 1500 287 VII.
1529 260 1688 286 memo-

291 320 436 360 ratam,
459 324 566 365 quae
589 308 899 350 Nicomachum
926 305 1173 347 Flavianum
1198 305 1411 345 Dextrum
1442 303 1612 344 tertium
1640 316 1688 342 ac

294 376 490 423 quartum
517 366 595 407 sibi
615 365 818 421 delegerit
847 362 1091 420 amplissimi
1119 362 1301 403 nominis
1329 361 1602 418 praefectum,
1624 359 1688 399 in-

295 425 447 480 telligit
473 423 686 479 Bagacum
717 421 982 463 Nerviorum.
1046 418 1160 460 Nam
1187 419 1349 460 Romae
1371 418 1558 474 quidem,
1581 430 1689 472 quae

295 482 348 523 ad
368 482 478 537 ripas
495 480 661 522 Tiberis
682 479 852 520 condita
868 487 942 527 est,
960 492 1116 518 nomen
1132 476 1257 517 fuisse
1274 478 1376 517 urbs
1393 477 1453 516 ad
1476 475 1666 516 Tiberim
1675 491 1690 522 ,-

297 539 463 595 Bagaco
491 553 591 578 vero
620 538 721 578 urbs
749 537 869 592 apud
888 536 1101 582 IIennam,
1125 534 1325 588 quoniam
1348 533 1506 574 Henna
1525 530 1689 579 fluviuS,

296 612 379 652 que
401 611 514 636 nunc
540 593 713 641 incolis3
746 593 928 633 l'Haine
949 590 1114 639 dicitur,
1138 590 1191 630 ad
1214 589 1386 631 Montes
1414 604 1546 645 usque
1570 587 1692 628 Han-

297 653 448 694 noniae
485 664 730 706 magnarum
767 648 938 689 navium
974 647 1151 702 patiens,
1188 646 1351 687 duabus
1386 646 1517 687 leucis
1553 645 1605 686 ab
1642 659 1692 685 ea

297 712 438 751 abest:
473 710 526 750 ob
551 708 660 748 hanc
685 715 826 746 autem
848 704 1102 752 distantiam,
1127 718 1259 758 quum
1286 704 1387 744 urbs
1412 705 1472 744 ad
1489 703 1691 743 Hennam

297 768 382 808 dici
412 774 609 821 nequeat,
631 771 820 803 vocatam
849 776 936 802 esse
965 762 1109 802 urbem
1137 762 1258 815 apud
1276 760 1489 801 [ienuam.
1551 757 1694 799 Verba

298 825 438 880 igitur,
477 836 583 877 quae
618 820 671 861 ad
703 820 833 860 finem
861 818 957 859 libri
989 816 1084 857 VII.
1121 817 1300 873 ascripta
1332 824 1442 866 sunt,
1479 816 1537 856 ita
1568 814 1694 856 intel-

299 881 415 929 lexit,
436 878 745 920 Nicomachum
762 875 1006 917 Flavianum
1026 874 1251 924 Dextrum,
1269 874 1342 929 qui
1364 872 1552 914 codicem
1574 871 1692 912 illum

300 937 596 993 antiquiorem,
643 935 761 975 cuius
810 932 1090 974 Chifletianus
1140 940 1304 972 tantum
1355 939 1415 971 est
1466 929 1693 985 exemplar,

300 994 552 1042 emendavit,
574 993 700 1033 fuisse
723 991 892 1032 tertium
917 990 999 1030 iam
1025 989 1282 1044 praefectum
1304 988 1416 1028 urbis
1437 987 1550 1043 apud
1573 986 1695 1027 Hen-

300 1067 411 1101 nam,
429 1052 514 1092 sive
536 1065 665 1106 prope
686 1049 861 1089 fluvium
881 1047 1093 1095 Hennam,
1112 1046 1155 1086 id
1172 1055 1234 1087 est
1251 1045 1407 1101 Bagaci
1425 1044 1692 1085 Nerviorum.

299 1109 461 1150 Verum
482 1107 633 1148 fluvius
655 1106 737 1157 ille,
760 1114 807 1145 ut
835 1113 877 1145 et
904 1105 1032 1159 regio,
1056 1103 1123 1143 cui
1152 1118 1308 1143 nomen
1329 1102 1460 1152 dedit,
1483 1116 1647 1157 semper
1671 1116 1696 1141 a

300 1165 569 1222 scriptoribus
590 1163 755 1204 Latinis
780 1170 822 1202 et
844 1161 1014 1201 Francis
1042 1175 1117 1216 per
1145 1160 1320 1215 primam
1344 1159 1542 1208 vocalem,
1566 1168 1608 1198 et
1629 1157 1695 1198 vel

300 1223 531 1279 simplicem
564 1221 629 1262 vel
661 1219 873 1275 duplicem
905 1234 930 1258 n
960 1218 1123 1258 literam
1153 1218 1319 1267 IIaimc,
1343 1216 1526 1271 IJagsna,
1548 1230 1695 1271 pagus

301 1280 623 1336 IIaynoeensiS,
666 1276 976 1325 Ilanoniensis,
1029 1283 1100 1314 aut
1145 1274 1466 1315 Hamzonieusz‘s
1510 1280 1694 1321 vocatur,

302 1338 523 1378 Ilanioum,
560 1335 685 1376 etiam
722 1332 788 1374 vel
821 1333 1041 1373 Hcmoium
1079 1331 1123 1371 in
1156 1329 1444 1370 Instrumento
1479 1329 1696 1370 divisionis

301 1394 420 1448 regni
448 1391 738 1447 Lotharingici
771 1390 880 1430 inter
908 1388 1172 1429 Ludovicum
1201 1386 1504 1427 Germanicum
1536 1395 1579 1427 et
1611 1385 1697 1427 Ca-

301 1452 437 1492 rolum
462 1449 667 1497 Calvum,
702 1460 920 1502 nunquam
943 1446 1103 1487 Henna
1124 1444 1191 1484 vel
1214 1444 1546 1492 Hemzom’ensis,
1563 1442 1697 1484 multo

302 1508 441 1548 minus
470 1507 684 1561 Bagacum
717 1503 971 1544 Nerviorum
1003 1502 1173 1543 nomine
1205 1501 1324 1542 urbis
1355 1502 1474 1556 apud
1495 1501 1698 1542 Hennam

302 1565 523 1605 indicatur.
588 1563 736 1617 Longe
758 1561 886 1616 igitur
906 1558 1180 1615 praeferenda
1204 1567 1267 1598 est
1289 1557 1498 1598 sententia
1519 1556 1698 1598 Henrici

304 1621 462 1662 Valesii
492 1621 562 1661 lib.
594 1619 626 1660 I.
657 1619 710 1659 de
741 1617 885 1659 Critic.
909 1632 997 1672 cap.
1033 1614 1251 1656 XXXIV.
1285 1614 1575 1664 existimantis,
1605 1614 1699 1655 Fla-

303 1679 474 1720 vianum
497 1676 806 1718 Nicomachum
824 1674 876 1715 V.
900 1673 950 1715 C.
971 1672 1235 1714 Praefectum
1259 1672 1372 1713 urbis
1394 1671 1571 1722 Romae,
1586 1671 1699 1728 apud

305 1735 506 1776 Hennam
528 1735 674 1775 urbem
700 1732 864 1774 Siciliae
887 1731 998 1772 Livii
1024 1730 1215 1771 historias
1241 1729 1511 1778 emendasse3
1544 1729 1629 1778 ubi,
1653 1737 1700 1770 ut

304 1801 345 1834 et
370 1793 415 1833 in
438 1792 563 1833 Notis
587 1791 754 1832 Clariss.
778 1789 855 1829 viri
883 1788 930 1829 P.
956 1787 1203 1836 Burmanni,
1226 1787 1346 1842 plura
1373 1786 1425 1827 de
1451 1786 1549 1827 viris
1576 1785 1700 1826 Illus-

303 1850 449 1900 tribus,
487 1849 560 1904 qui
596 1848 709 1904 apud
746 1846 961 1887 Romanos
995 1844 1321 1900 interpretandis
1352 1853 1394 1884 et
1424 1843 1700 1884 emendandis

304 1907 420 1947 libris
458 1921 626 1962 operam
668 1904 890 1953 dederunt,
926 1902 1059 1943 videri
1101 1909 1286 1957 possunt.
1353 1900 1554 1941 Similiter
1594 1900 1700 1940 illud

305 1966 425 2019 apud
444 1965 643 2005 Hennam
673 1960 899 2002 Reinesius
927 1959 1121 2015 exposuit
1143 1958 1275 2013 Epist.
1299 1957 1353 1998 ad
1382 1957 1626 1997 Hoffmann.
1657 1965 1699 1997 et

307 2021 343 2061 R
353 2029 485 2076 upert.
510 2019 678 2060 LXIX.
702 2034 741 2074 p.
767 2021 862 2058 624.
887 2026 928 2057 et
954 2017 1006 2057 ad
1029 2015 1220 2070 Inscript.
1248 2014 1378 2055 Class.
1402 2013 1435 2054 I.
1459 2029 1574 2054 num.
1599 2013 1696 2054 XL.

305 2093 397 2133 pag.
423 2079 489 2119 78.
533 2076 791 2123 Flavianum,
814 2089 943 2129 quum
964 2073 1075 2113 Livii
1095 2072 1283 2113 codicem
1306 2070 1563 2120 emendaret,
1586 2071 1700 2126 apud

309 2134 508 2175 Hennam
538 2134 582 2173 in
607 2132 749 2173 Sicilia
773 2139 979 2171 moratum
1008 2144 1108 2169 esse.
1174 2127 1392 2169 Sententia
1422 2127 1526 2169 haec
1557 2127 1701 2168 multis

308 2191 437 2231 astrui
468 2198 619 2245 posset,
657 2189 731 2229 sed
761 2187 903 2243 paucis
934 2186 1122 2227 contenti
1150 2185 1315 2225 erimus.
1378 2184 1420 2225 Is
1451 2186 1592 2242 igitur,
1626 2185 1700 2241 qui

309 2248 478 2288 Livium
510 2245 762 2293 emendavit,
786 2244 826 2283 in
860 2242 1233 2298 subscriptionibus
1260 2242 1469 2283 variorum
1498 2243 1700 2283 librorum

307 2312 480 2344 vocatur
500 2303 790 2344 Nicomachus
812 2302 996 2341 Dexter.
1063 2299 1171 2339 Vide
1194 2299 1247 2340 ad
1268 2300 1397 2339 finem
1418 2299 1487 2341 lib.
1512 2299 1593 2340 III.
1620 2298 1697 2340 IV.

309 2370 350 2402 ct
387 2360 440 2401 V.
479 2360 769 2400 Nicomachus
806 2358 1037 2399 Faciamus.
1102 2356 1213 2397 Vide
1255 2356 1308 2397 ad
1343 2356 1470 2397 finem
1512 2356 1581 2397 lib.
1621 2355 1697 2397 VI.

310 2418 600 2459 Meomaclms
621 2413 790 2456 Liviafi.
839 2413 951 2453 Vide
974 2413 1027 2453 ad
1047 2413 1175 2453 finem
1197 2413 1266 2454 lib.
1286 2412 1386 2453 VII.
1411 2415 1701 2455 Nicomachus

308 2475 556 2516 Flavianus.
620 2471 732 2511 Vide
774 2469 826 2511 ad
862 2471 988 2511 finem
1025 2470 1095 2510 lib.
1131 2469 1230 2511 VII.
1267 2478 1310 2510 et
1341 2469 1467 2511 VIII.
1531 2469 1700 2509 Dicitur

309 2532 403 2572 Ill.
424 2529 491 2570 vel
511 2529 633 2570 IIII.
658 2529 879 2582 Praefect.
907 2529 993 2568 urb.
1057 2527 1168 2567 Vide
1197 2527 1252 2567 ad
1281 2527 1407 2567 finem
1440 2526 1509 2566 lib.
1534 2525 1610 2566 VI.
1635 2533 1700 2567 ter

308 2587 373 2628 vel
396 2587 462 2629 tef-
483 2586 604 2640 Prcgs.
630 2586 718 2625 urb.
773 2583 883 2624 Vide
906 2584 958 2624 ad
981 2585 1107 2624 finem
1131 2584 1199 2624 lib.
1220 2582 1319 2623 VH.
1344 2591 1410 2624 ter
1433 2584 1583 2638 Praef.
1607 2583 1696 2624 urb.

309 2644 421 2684 Vide
443 2643 497 2684 ad
518 2643 645 2682 finem
667 2641 736 2681 lib.
753 2640 876 2681 VIII.
902 2641 1070 2681 Livium
1092 2640 1331 2681 emendavit
1352 2642 1472 2695 apud
1489 2640 1697 2680 Hennam.

309 2700 421 2742 Vide
444 2700 496 2741 ad
516 2700 644 2739 finem
667 2697 761 2738 libri
782 2697 882 2738 VH.
906 2700 1025 2752 asma]
1051 2699 1185 2738 Term.
1247 2696 1358 2736 Vide
1381 2696 1434 2737 ad
1455 2696 1583 2736 finem
1605 2695 1699 2736 libri

311 2757 433 2798 VIII.
511 2756 667 2796 Parens
707 2755 796 2795 eius
837 2754 1070 2809 appellatur
1108 2755 1435 2795 (.'l(.‘me72tic17zas.
1497 2752 1609 2793 Vide
1645 2753 1699 2794 ad

310 2815 439 2855 finem
465 2813 559 2854 libri
581 2812 634 2853 V.
698 2811 788 2851 Has
808 2810 1004 2852 formulas
1032 2811 1208 2866 pessime
1238 2825 1261 2850 a
1287 2810 1476 2859 librariis,
1499 2825 1632 2864 aeque
1654 2810 1699 2850 in

311 2871 509 2913 Mediceo
552 2886 597 2911 ac
635 2868 834 2909 Leidensi
878 2867 1034 2916 codice,
1072 2867 1245 2917 habitas,
1284 2866 1519 2922 multosque
1563 2867 1607 2907 in
1649 2866 1700 2907 iis
