1888 3194
508 187 635 230 LIB.
668 187 837 229 XLIII.
884 187 1032 229 CAP.
1066 191 1103 231 7.
1425 192 1502 233 107

120 277 276 319 mulam
296 277 448 318 referre
473 276 526 325 Q„
544 275 740 317 Maenius
770 284 936 332 praetor
955 276 1101 318 iussus.
1165 276 1349 319 Munera
1369 280 1504 320 omni-
1518 289 1562 321 U.
1579 289 1617 321 c.
1640 289 1712 329 582.

118 335 197 377 bus
225 335 270 376 in
299 333 482 390 singulos
507 334 653 375 binum
681 333 861 375 millium
889 334 993 375 aeris
1014 333 1122 376 data.
1185 334 1504 378 Alabandenses
1516 333 1555 364 A.
1579 332 1618 364 C·
1644 339 1713 371 ¹70·

118 401 236 434 scuta
262 401 473 448 reportare
494 391 548 433 ad
569 391 623 433 A.
643 390 874 433 Hostilium
893 391 1109 433 consulem
1138 391 1184 432 in
1205 391 1504 435 Macedoniam

117 464 228 491 mssr.

85 524 107 556 9
176 505 233 548 Et
253 521 306 548 ex
327 506 474 549 Africa
503 506 628 563 legati
659 506 782 548 simul
813 506 1239 563 Carthaginiensium,
1271 507 1399 549 tritici
1430 507 1504 549 de-

117 563 201 605 cies
233 573 402 606 centum
435 563 564 605 millia
594 573 637 606 et
672 563 820 605 hordei
848 564 1081 620 quingenta
1115 564 1348 606 indicantes
1375 580 1418 606 se
1449 565 1504 607 ad

116 635 229 663 mare
254 621 429 663 devecta
457 622 623 672 habere,
647 630 705 671 ut,
729 637 814 678 quo
841 631 1012 663 senatus
1040 622 1282 672 censuisset,
1309 622 1504 679 deporta-

70 686 75 690 ”
114 687 221 720 rent.
284 685 297 703 ‘
309 678 361 720 Id
382 694 534 721 munus
550 679 818 736 officiumque
837 694 960 721 suum
977 679 1081 721 scire
1103 680 1241 721 minus
1257 695 1360 730 esse,
1375 695 1502 736 quam

117 741 221 794 ‘pro
245 737 403 779 meritis
432 737 578 794 populi
610 736 794 779 Romani
825 745 868 779 et
897 736 1112 779 voluntate
1143 753 1239 779 sua:
1273 737 1347 779 sed
1378 753 1502 794 saepe

117 793 258 844 ‘alias,
286 795 407 836 bonis
434 795 478 836 in
506 795 629 837 rebus
660 795 878 851 utriusque
908 794 1065 852 populi,
1088 810 1131 837 se
1159 803 1372 852 gratorum
1397 795 1502 837 fide-

116 857 130 876 ‘
143 851 331 909 liumque
361 852 519 895 socium
550 853 793 894 muneribus
812 852 978 894 functos
998 854 1113 894 esse.'
1171 853 1281 895 Item
1303 852 1500 895 Masinis-

115 925 183 951 sae
218 909 358 967 legati,
393 910 518 952 tritici
550 910 728 952 eandem
763 925 968 952 summam
1008 910 1197 967 polliciti,
1231 920 1273 953 et
1308 910 1422 953 mille
1457 919 1501 952 et

115 967 319 1010 ducentos
346 968 522 1025 equites,
552 967 776 1010 duodecim
810 967 1079 1025 elephantos:-
1111 977 1166 1018 et,
1188 969 1222 1010 si
1250 968 1354 1025 quid
1384 968 1500 1010 aliud

115 1040 219 1081 opus
239 1034 358 1076 esset,
381 1026 441 1067 uti
470 1026 693 1082 imperaret
721 1034 911 1068 senatus:
947 1041 1080 1082 aeque
1111 1041 1319 1083 propenso
1344 1026 1497 1077 animo,

113 1091 157 1124 et
203 1097 280 1124 uae
301 1083 388 1139 ipse
410 1083 519 1124 ultro
540 1082 750 1139 pollicitus
770 1083 836 1133 sit,
854 1092 1158 1140 praestaturum
1175 1099 1274 1126 esse.
1326 1083 1497 1126 Gratiae

113 1149 156 1182 et
219 1140 597 1197 arthaginiensibus
625 1149 668 1182 et
694 1140 783 1197 regi
811 1149 950 1190 aetae3
984 1141 1217 1197 rogatique,
1239 1150 1286 1182 ut
1306 1156 1367 1191 ea,
1390 1156 1497 1197 quae

111 1196 422 1254 pollicerentur,
445 1198 498 1239 ad
521 1197 750 1240 Hostilium
782 1198 996 1240 consulem
1026 1199 1071 1240 in
1097 1198 1394 1240 Macedoniam
1423 1199 1498 1241 de-

111 1264 336 1312 portarent.
398 1255 569 1312 Legatis
599 1256 644 1297 in
674 1255 858 1313 singulos
889 1256 1036 1298 binum
1069 1256 1246 1298 millium
1273 1256 1377 1298 aeris
1405 1272 1498 1298 mu-

110 1327 214 1354 nera
233 1328 366 1355 missa.

172 1370 439 1413 Cretensium
468 1371 625 1428 legatis,
648 1372 1083 1423 commemorantibus,
1106 1387 1162 1422 se,
1185 1380 1389 1428 quantum
1418 1372 1496 1414 sibi
1589 1382 1626 1424 7,

110 1428 168 1470 im
201 1438 361 1470 eratum
383 1445 408 1471 a
427 1429 474 1471 P.
492 1429 658 1471 Licinio
678 1429 848 1471 consule
871 1438 980 1472 esset
1000 1430 1319 1487 sagittariorum,
1337 1430 1381 1471 in
1399 1429 1496 1471 Ma-

109 1443 330 1528 ceri'oniam
351 1487 520 1537 misisse,
539 1503 670 1544 quum
686 1488 929 1543 interrogati
950 1503 1036 1530 non
1053 1488 1345 1538 infitiarentur,
1363 1487 1497 1545 ‘apud

113 1543 290 1586 ‘Persea
313 1545 512 1586 maiorem
537 1560 759 1586 numerum
780 1545 1098 1602 sagittariorum,
1121 1561 1247 1602 quam
1271 1546 1385 1602 apud
1407 1546 1497 1588 Ro-

112 1606 295 1652 ‘manos,
324 1602 528 1653 militare,'
553 1618 796 1659 responsum
827 1612 912 1645 est:
948 1609 959 1627 ‘
978 1603 1021 1645 Si
1054 1604 1278 1645 Cretenses
1310 1604 1417 1645 bene
1449 1619 1497 1645 ac

111 1659 298 1701 ‘naviter
325 1659 583 1701 destinarent
602 1661 808 1716 potiorem
837 1661 982 1717 populi
1012 1661 1207 1710 Romani,
1230 1676 1356 1717 quam
1387 1661 1496 1716 regis

112 1722 125 1741 ‘
138 1716 292 1767 Persei,
315 1718 540 1759 amicitiam
572 1717 737 1767 habere,
760 1727 950 1759 senatum
973 1734 1141 1775 quoque
1166 1719 1406 1760 Romanum
1431 1719 1494 1769 iis,

112 1780 335 1832 ‘tanquam
364 1776 486 1817 certis
506 1775 638 1825 sociis,
662 1791 905 1832 responsum
937 1776 1133 1817 <laturum
1165 1791 1265 1817 esse.
1328 1775 1496 1818 Interea

111 1833 378 1874 ‘nuntiarent
402 1833 498 1883 suis,
530 1833 692 1889 plaeere
721 1833 896 1883 senatui,
926 1833 1024 1875 dare
1057 1849 1224 1890 operam
1257 1834 1493 1883 Cretenses,

111 1896 194 1940 ‘ut,
217 1906 321 1946 quos
343 1890 494 1932 milites
520 1891 629 1932 intra
656 1891 860 1947 praesidia
887 1892 996 1946 regis
1017 1891 1161 1932 Persei
1182 1891 1400 1941 haberent,
1424 1907 1494 1933 eos

109 1948 268 2004 ‘primo
289 1963 458 2004 quoque
482 1957 667 2004 tempore
690 1948 861 1990 domurn
885 1950 1151 1990 revocarent)

173 2006 444 2047 Cretensibus
480 2021 575 2047 cum
616 2006 695 2047 hoe
731 2021 927 2062 responso
963 2006 1155 2056 dimissis,
1193 2006 1494 2048 Chalcidenses
1507 2022 1697 2054 Chalciden-

80 2063 265 2113 1vocati;
299 2079 478 2120 quorum
511 2063 663 2119 legatio
697 2064 786 2120 ipso
818 2064 1004 2113 introitu,
1042 2064 1094 2105 ob
1127 2064 1169 2105 id
1195 2064 1309 2120 quod
1342 2064 1493 2106 Mictio
1505 2066 1676 2105 sesa-gau.

106 2121 300 2178 princeps
328 2137 470 2163 eorum
501 2121 678 2178 pedibus
706 2131 851 2178 eaptus
880 2121 1028 2163 lectica
1052 2131 1114 2163 est
1139 2121 1373 2172 introlatus,
1397 2122 1494 2164 ulti-

76 2194 197 2221 2mae
225 2179 480 2221 necessitatis
508 2179 720 2236 extemplo
746 2180 831 2220 visa
855 2195 941 2221 res:
976 2181 1125 2236 inqua
1154 2180 1212 2221 ita
1240 2181 1388 2222 affecto
1420 2195 1494 2222 ex-

105 2237 264 2279 cusatio
285 2236 547 2287 valetudinis,
570 2247 642 2279 aut
676 2253 728 2278 ne
757 2237 835 2294 ipsi
861 2237 1033 2294 quidem
1065 2238 1248 2294 petenda
1268 2238 1354 2279 visa
1373 2238 1491 2288 foret,

105 2304 176 2336 aut
197 2295 295 2336 data
314 2295 475 2351 petenti
497 2310 582 2336 non
605 2305 722 2337 esset.
771 2296 915 2343 Quum
939 2296 1016 2338 sibi
1039 2295 1143 2336 nihil
1165 2296 1246 2337 vivi
1268 2296 1490 2353 reliquum,
1506 2308 1668 2344 Querelac

35 2377 47 2387 r
105 2362 396 2410 praeterquam
427 2353 612 2409 linguam
635 2353 687 2394 ad
709 2353 985 2409 deplorandas
1013 2353 1168 2409 patriae
1200 2368 1297 2395 suae
1324 2351 1699 2395 ealarni-¹¹⁰³¹³¹ssi⁸¹s·

107 2420 223 2460 tates,
246 2411 453 2467 praefatus
473 2420 593 2461 esset,
616 2411 808 2468 exposuit
830 2411 1008 2452 civitatis
1034 2412 1215 2468 primum
1241 2427 1338 2453 suae
1364 2412 1493 2454 bene-
1507 2394 1602 2425 Rom.

104 2468 224 2519 facta,
247 2478 288 2509 et
308 2478 460 2518 vetera,
483 2479 525 2510 et
553 2485 614 2516 ea,
638 2484 745 2526 quae
772 2469 912 2510 Persei
942 2469 1053 2511 bello
1082 2470 1384 2526 praestitissent
1414 2470 1493 2511 du-

104 2526 221 2569 cibus
241 2527 577 2583 exercitibusque
603 2527 827 2568 Romanis:
863 2536 952 2569 tum
973 2542 1081 2584 quae
1108 2528 1243 2584 primo
1268 2528 1317 2569 C.
1335 2528 1493 2569 Lucre-

145 2666 166 2696 9
180 2657 301 2694 Simul]
318 2656 488 2695 Superssua
501 2660 546 2685 est
561 2655 639 2686 haee
654 2656 777 2693 vot-ula,
822 2656 1036 2686 coniecturam
1054 2656 1208 2687 (tronovii
1225 2662 1362 2688 secutus.

105 2700 153 2730 vc}
171 2710 253 2738 (μείω
271 2699 376 2738 potius
392 2698 509 2729 iudicet
529 2699 675 2738 pluscula
692 2699 775 2729 exci-
865 2709 881 2729 2
906 2701 946 2730 ln
973 2701 1054 2740 qua}
1096 2700 1259 2736 Quoniam
1289 2699 1332 2730 ita
1358 2701 1492 2730 atl'ectus

104 2741 195 2772 disse.
252 2741 425 2772 1‘'‹›rt;·..*⁴sis:
454 2743 550 2781 Ιιῃιιίί
577 2743 674 2771 simul
699 2744 774 2772 l'ar-
821 2747 951 2781 tamque
974 2743 1057 2772 mule
1080 2754 1113 2772 se
1136 2743 1267 2779 habt-ns,
1283 2748 1336 2773 :tut
1355 2743 1422 2783 ipse
1441 2754 1491 2782 pt·-

105 2785 353 2823 tramaricus-ium
391 2790 421 2814 r!
451 2785 647 2815 Alnsini.‹.=·111·
686 2796 774 2815 rme·
821 2786 950 2815 tendum
988 2796 1048 2815 uon
1081 2785 1290 2816 existimasset
1321 2797 1339 2816 ιι
1370 2786 1492 2816 civibus

105 2832 202 2857 runt:
237 2828 565 2867 (ἰινΙΙιαμιίιὶεη-νὲυιη,
592 2829 692 2858 tritici
715 2833 771 2859 cte.
818 2828 892 2863 uuis,
907 2833 963 2858 aut
987 2832 1098 2867 petens
1121 2839 1182 2858 non
1210 2828 1420 2867 inlpetrnwet.
1437 2838 1489 2858 ex-

105 2870 210 2900 (jum.
817 2871 980 2901 mantione
1011 2871 1213 2906 valetudinis,
1242 2871 1364 2901 veniant
1398 2870 1491 2900 huius

154 2920 162 2941 ι
193 2913 305 2942 strictio
330 2914 479 2952 prinecps
505 2914 630 2951 rorum]
672 2915 771 2952 Mivss-
818 2919 882 2943 tarn
910 2913 991 2952 longi
1017 2919 1147 2953 tamque
1173 2913 1318 2944 laboriosi
1335 2912 1490 2945 Chalcide

107 2953 191 2983 anion
217 2964 272 2993 pro
293 2957 406 2986 Mis-tio
433 2956 597 2987 lit-kkvrun
623 2958 772 2996 reposuit,
822 2957 957 2987 Romam
977 2956 1105 2987 itineris.
1129 2957 1234 2986 ('1‹11·.r.
