1888 3194
538 200 664 243 LIB.
698 201 862 243 XLIV.
903 203 1048 244 CAP.
1080 208 1120 244 4.
1445 209 1522 248 127

132 293 215 336 late
242 301 412 350 patente
438 307 491 335 ex
519 301 604 334 tam
630 293 715 335 alto
745 293 844 350 iugo
874 303 1112 350 prospectu,
1134 294 1265 336 oeulis
1293 296 1522 338 subiicitur.
1541 308 1584 340 U.
1601 309 1640 341 c.
1662 310 1735 349 583·

136 351 259 400 Quae
283 365 348 392 res
372 350 565 392 accendit
592 350 715 392 militi
743 351 917 401 animos,
939 360 1162 408 postquam
1184 367 1390 393 summam
1411 353 1524 403 belli,
1538 352 1578 384 A.
1602 353 1640 384 C.
1665 351 1736 393 ¹69·

133 424 182 450 ac
215 408 349 464 regias
385 423 531 449 omnes
565 408 718 465 copias,
753 418 991 466 terramque
1027 409 1223 451 hostilem
1257 419 1340 451 tam
1374 425 1396 451 e
1430 426 1525 466 pro-

132 466 293 523 pinquo
343 475 663 522 conspexerunt.
734 465 883 522 Itaque
934 482 1067 523 quum
1117 467 1284 517 alacres,
1332 468 1524 523 protinus

132 523 306 564 duceret
345 523 398 564 ad
438 533 571 565 castra
606 523 804 574 hostium,
841 524 1056 566 consulem
1092 524 1386 574 hortarentur3
1433 525 1523 566 dies

132 595 243 622 unus
268 580 383 622 fessis
411 580 551 623 labore
577 581 666 623 viae
695 581 748 623 ad
774 581 962 638 quietem
983 582 1105 624 datus
1126 591 1198 624 est.
1262 582 1410 624 Tertio
1438 582 1521 632 die,

131 648 249 695 parte
270 639 484 695 copiarum
509 638 562 679 ad
588 639 844 696 praesidium
872 649 1102 682 castrorum
1123 641 1279 690 relicta,
1303 640 1448 682 consul
1468 640 1522 681 ad

130 695 296 738 hostem
317 695 447 739 ducit.
510 695 691 754 Hippias
715 712 852 754 nuper
876 697 929 739 ad
951 698 1156 739 tuendum
1178 697 1330 740 saltum
1350 698 1401 739 ab
1423 713 1520 754 rege
1607 696 1651 756 '4-

131 753 281 796 missus
310 763 423 796 erat:
457 754 544 810 qui,
570 770 624 796 ex
655 770 739 811 quo
770 763 903 797 castra
930 756 1124 797 Romana
1154 756 1198 797 in
1229 755 1391 798 tumulo
1422 771 1522 797 con-
1536 750 1733 823 {tex-lamoe-

132 811 283 868 spexit,
315 813 570 869 praeparatis
604 813 657 854 ad
693 822 904 855 certamen
941 814 1090 855 animis
1120 829 1303 864 suorum,
1335 814 1521 855 venienti
1536 804 1722 867 §inigeni-

132 869 291 926 agmini
336 869 517 911 consulis
562 871 708 912 obvius
752 871 844 912 fuit.
907 871 965 913 Et
1007 871 1191 913 Romani
1235 871 1425 928 expediti
1469 871 1522 914 ad
1536 880 1604 910 bus.

132 942 319 984 pugnam
339 928 542 978 exierant,
560 938 603 970 et
623 928 774 970 hostes.
837 928 962 970 Levis
983 940 1191 971 armatura
1211 939 1311 979 erat,
1334 940 1523 986 prompt-

132 985 318 1026 issimum
370 1000 502 1042 genus
552 986 605 1027 ad
654 986 942 1028 lacessendum
992 997 1215 1029 certamen.
1296 988 1522 1044 Congressi

132 1042 261 1098 igitur
280 1043 504 1099 extemplo,
524 1043 606 1085 tela
626 1044 909 1085 coniecerunt.
957 1044 1097 1086 Multa
1117 1045 1328 1102 utrimque
1350 1045 1523 1087 vulnera

132 1100 353 1141 temerario
389 1100 557 1142 incursu
594 1111 636 1142 et
671 1111 855 1158 accepta,
888 1110 931 1143 et
966 1102 1104 1144 illata:
1143 1104 1266 1159 pauci
1303 1103 1521 1160 utriusque

131 1157 260 1214 partis
308 1157 564 1199 ceciderunt.
628 1158 802 1200 Irritatis
853 1159 896 1199 in
942 1169 1155 1216 posterum
1199 1160 1311 1201 diem
1357 1161 1520 1210 animis,

131 1214 357 1256 maioribus
383 1216 514 1272 copiis
541 1225 666 1272 atque
695 1216 885 1266 infestius
912 1232 1161 1258 concursum
1189 1218 1240 1259 ab
1262 1218 1355 1268 illis,
1378 1218 1411 1259 si
1441 1218 1521 1259 loci

131 1273 229 1314 satis
263 1273 318 1314 ad
352 1273 646 1330 explicandam
682 1274 815 1315 aciem
850 1274 1006 1316 fuisset.
1083 1274 1238 1332 Iugum
1274 1276 1439 1325 montis,
1476 1276 1521 1316 in

101 1340 355 1387 sangustum
388 1331 558 1373 dorsum
593 1342 832 1382 cuneatum,
866 1332 936 1373 vix
973 1333 1102 1374 ternis
1137 1333 1355 1375 ordinibus
1387 1348 1521 1375 arma-

132 1397 267 1430 torum
290 1389 334 1430 in
354 1389 490 1431 fronte
511 1390 658 1447 patuit.
713 1389 876 1446 Itaque,
898 1391 1041 1447 paucis
1063 1392 1359 1447 pugnantibuS,
1381 1400 1519 1433 cetera

130 1446 369 1497 multitudo,
401 1448 624 1504 praecipue
658 1448 731 1504 qui
767 1448 956 1503 gravium
993 1464 1202 1490 armorum
1236 1459 1369 1500 erant,
1401 1465 1520 1506 spec-

130 1513 284 1546 tatores
318 1520 484 1562 pugnae
521 1506 696 1547 stabant.
770 1505 896 1547 Levis
931 1516 1140 1548 armatura
1175 1507 1298 1548 etiam
1335 1523 1411 1564 per
1445 1523 1519 1548 an-

128 1561 283 1604 fractus
310 1563 397 1619 iugi
424 1578 680 1619 procurrere,
704 1572 746 1605 et
773 1565 825 1605 ab
853 1564 1051 1606 lateribus
1078 1580 1174 1606 cum
1202 1564 1283 1606 levi
1312 1574 1519 1607 armatura

98 1632 362 1669 6conserere‚
396 1636 470 1676 per
504 1621 650 1678 iniqua
684 1631 810 1677 atque
846 1637 981 1678 aequa
1016 1622 1107 1664 loca
1141 1638 1325 1679 pugnam
1361 1633 1515 1679 petere.

132 1677 212 1726 Ac,
234 1676 422 1734 pluribus
450 1693 499 1719 ea
525 1678 593 1720 die
623 1679 860 1729 vulneratis,
884 1695 1011 1736 quam
1041 1680 1283 1730 interfectis,
1311 1680 1517 1738 proelium

130 1744 255 1776 nocte
276 1735 531 1791 diremptum
553 1746 626 1777 est.

190 1792 336 1834 Tertio
376 1793 444 1835 die
485 1809 606 1849 egere
648 1793 820 1835 consilio
858 1794 1075 1836 Romanus
1116 1795 1366 1852 imperator:
1419 1811 1517 1837 nam

130 1863 270 1907 neque
301 1866 469 1892 manere
501 1851 544 1892 in
576 1852 673 1907 iugo
705 1852 833 1908 inopi,
860 1868 998 1908 neque
1031 1853 1194 1909 regredi
1226 1854 1314 1895 sine
1346 1854 1516 1910 flagitio,

129 1917 256 1964 atque
287 1908 412 1949 etiam
444 1909 643 1965 periculo,
670 1909 702 1949 si
735 1909 901 1951 cedenti
933 1926 986 1951 ex
1017 1908 1297 1967 superioribus
1327 1911 1426 1953 locis
1454 1912 1518 1952 in-

128 1974 255 2014 staret
286 1965 428 2015 hostis,
460 1975 647 2022 poterat:
683 1982 759 2007 nec
792 1967 906 2008 aliud
940 1968 1130 2018 restabat,
1159 1984 1286 2024 quam
1319 1969 1519 2011 audacter

127 2023 394 2065 commissum
428 2024 630 2080 pertinaci
663 2024 849 2074 audacia,
880 2040 987 2081 quae
1020 2025 1203 2082 prudens
1232 2026 1443 2067 interdum
1472 2028 1516 2068 in

127 2080 246 2125 exitu
288 2090 362 2130 est,
406 2082 623 2138 corrigere.
688 2081 875 2123 Ventum
919 2082 1091 2139 quidem
1133 2093 1221 2125 erat
1271 2098 1334 2133 cO,
1380 2094 1439 2133 nt,
1483 2085 1516 2126 si

126 2138 290 2180 hostem
332 2138 510 2180 similem
553 2140 738 2196 antiquis
774 2140 1060 2182 Macedonum
1096 2142 1263 2198 regibus
1306 2142 1517 2183 habuisset

126 2196 286 2247 consul,
310 2212 460 2253 magna
480 2197 619 2239 clades
640 2198 772 2254 accipi
794 2199 989 2254 potuerit.
1045 2198 1141 2249 Sed,
1159 2215 1291 2256 quum
1313 2200 1365 2241 ad
1384 2200 1515 2241 Dium

125 2269 202 2311 per
236 2254 357 2296 litora
388 2271 483 2296 cum
517 2256 730 2312 equitibus
762 2267 981 2312 vagaretur
1012 2272 1099 2306 rex,
1133 2266 1174 2299 et
1207 2258 1258 2299 ab
1291 2257 1515 2299 duodecim

126 2311 308 2354 millibus
328 2328 458 2370 prope
480 2313 704 2355 clamorem
725 2323 766 2355 et
787 2315 1007 2371 strepitum
1033 2316 1313 2371 pugnantium
1338 2316 1514 2365 audiret,

125 2384 204 2412 nec
235 2371 352 2412 auxit
382 2371 521 2428 copias
552 2371 735 2427 integros
765 2372 881 2413 fessis
910 2373 1226 2422 summittendo,
1248 2389 1387 2430 neque
1414 2374 1514 2430 ipse,

125 2428 240 2484 quod
262 2428 486 2485 plurimum
510 2429 719 2479 intererat,
737 2430 954 2471 certamini
976 2431 1116 2472 affuit:
1141 2446 1273 2487 quum
1298 2431 1515 2473 Romanus

124 2485 362 2542 imperator,
398 2487 528 2528 maior
559 2488 777 2544 sexaginta
812 2488 945 2538 annis,
979 2497 1022 2530 et
1057 2490 1292 2545 praegravis
1327 2505 1513 2546 corpore,

123 2544 265 2586 omnia
295 2544 488 2586 militaria
518 2559 693 2587 munera
720 2546 807 2602 ipse
838 2546 1014 2603 impigre
1041 2547 1186 2588 obiret.
1251 2546 1429 2603 Egregie
1462 2548 1514 2589 ad

124 2601 319 2643 ultimum
355 2603 396 2643 in
430 2601 629 2646 audacter
659 2604 881 2645 commisso
914 2605 1217 2660 perseveravit:
1256 2615 1310 2654 et,
1334 2605 1515 2661 Popillio

124 2658 269 2701 relicto
300 2660 343 2701 in
374 2660 562 2701 custodia
590 2661 688 2717 iugi,
712 2676 786 2717 per
815 2661 927 2702 invia
954 2672 1242 2718 transgressum,
1266 2663 1513 2719 praemissis,

124 2717 197 2774 qui
233 2728 506 2775 repurgarent
542 2719 632 2769 iter,
670 2718 862 2760 Attalum
900 2729 943 2761 et
978 2719 1255 2777 Misagenem,
1290 2735 1385 2761 cum
1416 2736 1514 2761 suae

167 2849 185 2880 5
212 2843 325 2873 Term‘e
351 2843 533 2881 ordim'bux]
579 2843 717 2874 Ordines
746 2843 796 2883 liic
842 2855 982 2876 suorum.

125 2882 279 2931 introi-nun
309 2886 444 2925 porrecti
480 2886 680 2925 intelligendi
712 2891 797 2923 nunt,
885 2887 904 2917 6
921 2889 1111 2927 (buscrerel
1137 2889 1512 2927 ,minanam-1pugnam.

126 2929 171 2956 nn
191 2930 226 2956 ut
242 2927 321 2958 terni
345 2928 489 2959 hominen
513 2928 543 2959 in
562 2929 665 2959 fronte
681 2934 798 2963 (ssent.
845 2930 956 2962 hortu.

126 2978 206 3007 quon
225 2971 415 3008 sequebatur
435 2982 454 3001 a
478 2977 565 3011 tergo
589 2972 700 3011 longus
720 2973 797 3003 ordo
