1888 3194
316 211 399 253 374
806 203 1217 248 PRAEFATIO

319 318 418 357 288.
441 329 531 371 cap.
556 316 624 357 36.
647 328 689 370 p.
712 316 810 356 289.
834 329 925 370 cap.
948 317 1019 356 38.
1041 328 1083 370 p.
1107 316 1205 354 290.
1253 311 1350 354 Lib.
1377 310 1625 353 XXXVII.
1644 311 1712 352 37.

321 399 363 440 p.
387 386 483 425 322.
518 397 607 438 cap.
629 385 700 424 40.
729 396 771 437 p.
795 384 893 423 324.
928 396 1020 437 cap.
1044 384 1114 422 43.
1138 395 1180 436 p.
1204 381 1302 421 326.
1338 393 1429 435 cap.
1451 381 1521 420 45.
1550 392 1592 434 p.
1615 378 1714 420 327.

323 466 414 508 cap.
437 455 507 492 50.
525 466 566 507 p.
586 453 684 491 330.
717 449 813 491 Lib.
839 449 1109 491 XXXVIII.
1134 452 1173 490 2.
1196 463 1237 504 p.
1258 450 1356 489 341.
1379 461 1470 503 cap.
1492 448 1532 488 5.
1555 460 1596 502 p.
1615 448 1714 487 343.

323 534 414 575 cap.
439 521 478 560 6.
500 533 542 574 p.
568 521 665 560 344.
698 532 788 573 cap.
813 519 851 560 7.
875 532 917 572 p.
948 518 1047 558 345.
1080 531 1171 572 cap.
1197 519 1235 557 9.
1259 530 1301 571 p.
1326 517 1424 556 345.
1457 529 1546 571 cap.
1575 516 1640 556 13.
1671 528 1714 569 p.

324 590 422 629 349.
455 601 546 641 cap.
573 589 639 627 14.
662 600 703 641 p.
728 587 825 626 350.
859 599 950 639 cap.
977 585 1043 625 17.
1065 598 1108 639 p.
1133 586 1230 625 353.
1261 591 1302 624 et
1332 586 1430 624 354.
1463 596 1554 638 cap.
1579 585 1648 623 28.
1671 595 1714 637 Ρ.

324 658 421 696 361.
445 668 534 709 cap.
560 656 627 694 30.
651 667 692 707 p.
716 654 812 693 362.
837 666 927 706 cap.
952 653 1019 691 36.
1042 665 1083 705 p.
1107 652 1205 691 365.
1228 664 1319 705 cap.
1344 653 1412 691 38.
1434 664 1476 705 p.
1501 650 1599 692 367.
1623 663 1714 706 cap.

324 727 394 764 40.
421 737 462 778 p.
487 724 585 761 368.
614 734 704 775 cap.
733 723 804 760 42.
835 733 875 774 p.
911 721 1010 759 370.
1045 716 1232 772 aliosque
1265 716 1379 757 locos
1411 717 1715 759 annotavimus.

329 789 458 839 Quid,
489 787 605 843 quod
635 786 858 827 Goellerus
887 800 941 826 ne
974 784 1157 840 priorem
1188 784 1360 840 quidem
1392 783 1487 825 libri
1519 784 1718 825 tricesimi

325 857 436 899 tertii
457 863 619 911 partem
641 869 695 894 ex
715 853 842 894 unico
863 852 1007 893 codice
1029 851 1186 892 editam
1208 851 1391 892 studiose
1409 851 1718 908 diligenterque

324 922 630 981 pervestigavit,
668 936 747 962 nec
784 921 902 970 vidit,
940 928 987 961 ut
1021 920 1178 961 leviora
1212 920 1390 970 mittam,
1427 935 1518 976 cap.
1553 923 1594 962 3.
1631 934 1719 961 non

326 991 562 1048 quingenti,
584 989 658 1030 sed
687 990 760 1045 qui
788 990 969 1044 ingenti,
1001 1003 1092 1044 cap.
1114 992 1155 1030 4.
1187 1003 1275 1029 non
1302 995 1343 1030 et
1362 989 1501 1044 regni,
1523 987 1598 1029 sed
1627 988 1719 1030 eius

325 1061 466 1116 regni,
487 1058 589 1101 ibid.
620 1072 708 1099 non
736 1058 934 1113 equitum,
964 1056 1039 1097 sed
1067 1058 1141 1113 qui
1170 1063 1267 1106 tum,
1296 1071 1386 1112 cap.
1410 1059 1451 1098 5.
1474 1071 1560 1098 non
1581 1072 1610 1098 a
1630 1057 1720 1098 the·

327 1129 418 1178 bas,
445 1125 519 1168 sed
550 1128 610 1168 ad
634 1126 827 1175 athebas,
857 1124 959 1166 ibid.
992 1139 1079 1166 non
1101 1126 1361 1180 praebeant,
1392 1123 1467 1165 sed
1487 1125 1716 1181 praebent,

324 1210 415 1251 cap.
441 1197 480 1236 6.
502 1209 589 1235 non
611 1194 816 1248 utrisque,
838 1191 912 1233 sed
933 1193 1055 1241 utris,
1078 1191 1180 1234 ibid.
1210 1206 1296 1233 non
1315 1207 1620 1248 praegressus,
1642 1191 1718 1233 sed

320 1277 599 1320 progressus,
628 1276 718 1317 cap.
743 1261 782 1302 7.
805 1275 892 1301 non
913 1261 974 1302 ad
999 1261 1260 1310 Thetideum,
1282 1259 1357 1301 sed
1377 1266 1424 1302 at
1453 1260 1716 1310 Thetideum,

325 1330 427 1372 ibid.
450 1345 537 1371 non
559 1331 799 1379 detexerat,
829 1327 903 1368 sed
929 1329 1080 1369 dexter
1101 1333 1210 1378 erat,
1241 1342 1331 1384 cap.
1358 1330 1396 1370 9.
1419 1341 1506 1369 non
1527 1328 1717 1377 Dextro,

325 1398 400 1441 sed
421 1400 610 1447 dextero,
632 1396 733 1438 ibid.
757 1411 842 1437 non
866 1396 1047 1445 omissis,
1065 1394 1138 1436 sed
1160 1397 1312 1437 deinde
1333 1396 1513 1445 omissis,
1536 1409 1626 1451 cap.
1649 1398 1716 1438 10.

323 1481 411 1508 non
431 1481 508 1522 spe
520 1466 720 1521 praedae
741 1464 922 1513 irruunt,
945 1462 1019 1504 sed
1040 1478 1115 1517 spe
1128 1465 1340 1518 praedae,
1363 1462 1515 1504 omisso
1535 1463 1717 1514 irruunt,

324 1533 426 1576 ibid.
449 1547 535 1574 non
561 1538 656 1573 octo
677 1532 872 1580 hostium,
895 1530 969 1572 sed
1001 1533 1127 1573 VIII.
1151 1532 1334 1573 hostium
1361 1531 1447 1572 sive
1476 1537 1572 1573 octo
1597 1531 1718 1572 milia

324 1602 520 1651 hostium,
543 1599 645 1640 ibid.
674 1613 761 1639 non
790 1600 886 1654 quis
914 1601 1077 1649 credat,
1106 1598 1180 1640 sed
1208 1600 1281 1654 qui
1313 1600 1474 1649 credat,
1505 1597 1607 1640 ibid.
1630 1612 1718 1640 non

323 1670 487 1718 scribit,
519 1666 593 1708 sed
623 1667 770 1716 scribi,
803 1681 895 1722 cap.
923 1669 988 1709 11.
1016 1682 1104 1708 non
1136 1667 1480 1722 quaerentisque,
1511 1665 1586 1707 sed
1617 1681 1718 1722 que-

322 1738 552 1792 rentisque,
584 1734 684 1776 ibid.
714 1748 800 1775 non
828 1736 1147 1784 succensebant,
1170 1733 1244 1775 sed
1271 1735 1586 1784 suscensebant,
1612 1733 1716 1777 ibid.

323 1819 409 1846 non
443 1803 700 1860 offendebat,
732 1801 807 1842 sed
839 1803 1147 1858 offendebatur,
1184 1816 1275 1857 cap.
1303 1805 1369 1843 12.
1401 1815 1489 1843 non
1519 1803 1716 1853 tuendae,

323 1871 397 1913 sed
425 1871 586 1920 tu-dae,
609 1868 767 1925 syllaba
787 1884 837 1910 en
859 1869 1021 1919 omissa,
1044 1868 1145 1911 ibid.
1175 1884 1261 1910 non
1290 1885 1382 1911 cum
1407 1870 1464 1911 iis
1492 1870 1716 1912 communi-

323 1946 443 1981 caret
475 1939 669 1987 consilia,
700 1937 774 1978 sed
807 1953 897 1979 cum
933 1939 989 1979 iis
1023 1938 1330 1980 communicare
1351 1938 1486 1993 pacis
1518 1938 1714 1987 consilia,

322 2008 424 2050 ibid.
447 2021 533 2048 non
554 2021 635 2048 non
663 2007 723 2047 ad
749 2005 1071 2046 internecionem
1093 2005 1339 2054 bellaretur,
1361 2003 1436 2045 sed
1456 2006 1519 2046 ad
1535 2005 1716 2046 interne-

323 2077 483 2117 cionem
517 2074 763 2122 bellaretur,
796 2071 947 2112 omisso
979 2087 1074 2121 non,
1102 2071 1206 2113 ibid.
1240 2085 1326 2112 non
1357 2072 1401 2113 in
1423 2072 1612 2128 proelio,
1640 2070 1715 2113 sed

314 2142 503 2198 proelio,
536 2154 626 2195 cap.
654 2142 720 2180 13.
742 2153 829 2180 non
842 2139 1008 2194 potius,
1030 2139 1104 2180 sed
1135 2140 1280 2190 totius,
1307 2138 1410 2181 ibid.
1439 2153 1526 2180 non
1557 2154 1716 2181 rerum-

324 2224 416 2265 que,
440 2207 514 2249 sed
534 2222 688 2258 rerum,
710 2206 814 2249 ibid.
840 2221 926 2248 non
954 2209 1166 2257 mensium,
1189 2206 1263 2249 sed
1284 2222 1479 2256 mensum,
1501 2205 1603 2249 ibid.
1626 2220 1714 2248 non

322 2293 349 2319 a
370 2283 534 2326 senatu,
557 2276 630 2317 sed
659 2277 714 2317 ab
735 2282 898 2325 senatu,
922 2275 1024 2317 ibid.
1050 2291 1136 2317 non
1159 2277 1292 2332 pacis
1321 2278 1617 2327 maturandae,
1639 2275 1715 2317 sed

321 2345 604 2386 maturandae
625 2344 772 2398 pacis,
807 2357 897 2398 cap.
925 2346 990 2385 14.
1021 2359 1107 2385 non
1140 2344 1421 2394 BIacedones,
1454 2342 1529 2384 sed
1560 2343 1714 2385 blace-

322 2414 470 2461 donas,
493 2410 594 2452 ibid.
618 2425 703 2451 non
732 2412 1127 2461 transscendebant,
1150 2410 1224 2452 sed
1245 2412 1586 2461 trascendebant,
1608 2410 1710 2453 ibid.

321 2494 407 2520 non
430 2479 735 2527 Phliasiorum,
758 2476 832 2517 sed
854 2478 1142 2528 Phiasiorum,
1164 2477 1284 2519 litera
1305 2479 1323 2518 l
1340 2478 1502 2527 omissa,
1525 2492 1615 2533 cap.
1643 2480 1709 2520 15.

321 2561 406 2587 non
428 2553 469 2587 et
490 2546 750 2601 Sicyonium,
773 2543 846 2585 sed
869 2546 1129 2601 Sicyonium,
1151 2544 1254 2587 ibid.
1278 2559 1365 2586 non
1385 2545 1615 2594 exercitus,
1637 2545 1712 2586 sed

321 2613 554 2661 emercitib3
587 2612 672 2652 sive
701 2613 977 2662 exercitibus,
1006 2613 1108 2654 ibid.
1132 2627 1219 2653 non
1240 2618 1377 2668 porta
1400 2626 1614 2668 egressus,
1636 2612 1712 2654 sed

318 2687 475 2736 portae
510 2694 705 2735 gressus,
740 2679 843 2721 ibid.
884 2692 970 2720 non
1011 2681 1198 2721 instituit
1238 2680 1388 2729 aciem,
1422 2678 1496 2720 sed
1537 2680 1711 2722 instruit

320 2749 468 2798 aciem,
490 2761 581 2803 cap.
609 2749 672 2789 16.
696 2761 781 2787 non
809 2747 852 2788 in
877 2748 1097 2796 societate,
1119 2746 1193 2788 sed
1222 2748 1266 2788 in
1293 2743 1512 2796 societate,
1535 2746 1620 2788 sive
1643 2763 1711 2789 so-

320 2816 532 2865 cietatem,
554 2814 656 2857 ibid.
692 2829 779 2856 non
811 2815 871 2856 ibi
905 2816 1127 2870 quoddam,
1160 2813 1234 2855 sed
1267 2815 1479 2870 quoddam
1509 2815 1583 2864 ibi,
1609 2814 1708 2857 ibid.

318 2897 404 2923 non
426 2883 669 2937 abfuerant,
691 2882 765 2923 sed
787 2883 1035 2938 adfuerant,
1057 2882 1160 2925 ibid.
1189 2897 1275 2924 non
1302 2883 1355 2924 de
1381 2897 1432 2924 ea
1453 2897 1512 2932 re,
1535 2881 1609 2924 sed
1629 2884 1711 2925 dea

317 2965 377 2999 re,
415 2949 515 2991 ibid.
554 2965 637 2991 non
675 2966 868 3005 namque,
904 2950 978 2991 sed
1014 2966 1122 3002 nam,
1158 2950 1260 2992 ibid.
1299 2964 1384 2991 non
1418 2956 1602 3000 oratore,
1636 2949 1710 2991 sed
