1888 3194
328 147 410 188 170
843 142 992 185 ΤΙΤΙ
1034 142 1212 184 LIVII

121 245 163 277 U.
180 244 219 276 C.
242 243 313 284 584·
331 236 384 284 Q.
408 235 537 277 Fabio
572 236 660 276 filio
693 243 736 276 et
771 234 820 276 L.
853 234 1038 275 Lentulo
1075 243 1118 275 et
1157 233 1210 282 Q.
1237 232 1416 275 Metello
1456 248 1553 274 cum
1592 232 1722 274 literis

118 289 157 320 A.
182 287 219 319 C·
246 285 316 317 ¹63·
330 293 511 335 Romam
533 293 679 342 missis,
702 292 834 348 spolia
861 292 1035 332 iacentis
1062 291 1245 332 hostium
1273 292 1482 332 exercitus
1509 290 1723 347 peditibus

329 351 559 399 concessit3
607 350 819 406 equitibus
858 349 1057 405 praedam
1098 348 1355 389 circumiecti
1390 348 1491 405 agri,
1528 347 1631 388 dum
1666 361 1721 387 ne

331 408 509 464 amplius
529 408 691 448 duabus
712 407 905 448 noctibus
930 407 980 447 ab
1002 406 1144 446 castris
1169 406 1372 446 abessent.
1435 405 1530 461 Ipse
1551 404 1723 461 propius

331 480 444 506 mare
476 464 529 506 ad
560 465 754 521 Pydnam
785 472 916 504 castra
947 463 1088 503 movit.
1152 462 1314 503 Beroea
1344 463 1540 518 primum,
1567 460 1722 502 deinde

118 531 204 562 Tota
219 532 291 579 Ma·
333 522 644 570 Thessalonica,
667 530 710 562 et
730 521 860 570 Pella,
879 532 921 561 et
941 520 1140 575 deinceps
1161 520 1296 560 omnis
1316 519 1445 560 ferme
1468 518 1725 560 Macedonia

117 575 252 647 {egionxa
267 574 442 620 de'intra
463 579 638 620 biduum
660 578 813 619 dedita.
856 577 1062 633 Pydnaei,
1081 576 1154 631 qui
1174 576 1357 631 proximi
1377 585 1509 626 erant,
1532 575 1724 616 nondum

141 627 151 647 ¹
167 627 196 649 δ’
332 637 531 677 miserant
551 636 734 691 legatos:
768 634 995 674 multitudo
1023 633 1240 673 incondita
1266 633 1450 688 plurium
1477 632 1601 674 simul
1621 647 1725 688 gen-

332 694 450 742 tium,
474 693 694 747 turbaque,
718 706 824 747 quae
847 705 900 731 ex
921 690 1008 731 acie
1029 689 1128 745 fuga
1155 690 1201 729 in
1227 704 1359 729 unum
1385 689 1600 745 compulsa
1620 697 1723 738 erat,

330 750 549 792 consilium
581 758 624 790 et
654 762 903 789 consensum
935 747 1112 787 civitatis
1139 745 1420 801 impediebat:
1453 761 1533 787 nec
1561 746 1724 787 clausae

331 807 457 848 modo
478 814 635 862 portae,
658 805 732 846 sed
759 804 884 845 etiam
911 803 1199 844 inaedificatae
1222 811 1350 843 erant.
1414 802 1538 843 Missi
1560 802 1726 843 Medon

330 873 373 905 et
394 862 664 905 Pantauchus
689 862 765 903 sub
791 875 931 902 muros
954 860 1007 901 ad
1028 859 1287 914 colloquium
1311 859 1488 909 Solonis,
1511 859 1586 916 qui
1605 874 1726 915 prae—

204 957 206 960 .
330 921 436 962 sidio
471 928 672 976 praeerat.
737 919 819 959 Per
854 933 951 958 eum
992 917 1197 958 emittitur
1233 916 1422 957 militaris
1457 918 1604 958 turba:
1650 931 1727 973 op-

121 990 229 1025 Persei
245 990 303 1021 mi-
329 978 478 1034 pidum
499 977 689 1018 deditum
712 976 914 1016 militibus
935 975 1059 1015 datur
1079 973 1378 1030 diripiendum.
1431 973 1624 1023 Perseus,
1642 988 1727 1015 una

119 1034 254 1067 seranda
330 1044 494 1077 tantum
515 1049 587 1090 spe
611 1033 862 1074 Bisaltarum
884 1031 1030 1073 auxilii
1052 1040 1225 1081 tentata,
1244 1031 1296 1072 ad
1313 1046 1419 1086 quos
1440 1031 1725 1087 nequicquam

119 1089 194 1110 ⁸⁰¹³·
330 1094 499 1134 miserat
526 1091 697 1147 legatos,
720 1091 765 1131 in
795 1090 1043 1131 concionem
1071 1088 1284 1145 processit,
1308 1088 1557 1144 Philippum
1582 1102 1726 1129 secum

329 1150 465 1190 filium
497 1149 682 1189 habens:
726 1156 773 1188 ut
807 1156 851 1188 et
884 1147 995 1202 ipsos
1028 1145 1412 1202 Amphipolitanos,
1449 1154 1492 1186 et
1532 1145 1726 1201 equitum

329 1207 622 1263 peditumque,
646 1205 720 1261 qui
748 1213 820 1246 aut
847 1218 1012 1259 semper
1040 1203 1184 1252 secuti,
1208 1213 1279 1243 aut
1298 1202 1398 1258 fuga
1425 1202 1573 1243 eodem
1596 1202 1727 1243 delati

330 1273 462 1314 erant,
505 1262 768 1304 adhortando
813 1262 974 1303 animos
1014 1261 1292 1302 confirmaret.
1376 1259 1461 1300 Sed
1505 1259 1728 1315 aliquoties

330 1321 469 1362 dicere
491 1320 764 1376 incipientem
786 1334 917 1375 quum
939 1317 1133 1358 lacrimae
1155 1316 1469 1373 praepedissent
1482 1333 1492 1366 3
1516 1317 1618 1372 quia
1637 1316 1726 1372 ipse

331 1379 471 1419 dicere
492 1377 670 1433 nequiit,
690 1376 891 1417 Euandro
911 1374 1105 1416 Cretensi
1127 1374 1265 1424 editis,
1283 1389 1390 1429 quae
1412 1374 1475 1429 agi
1500 1388 1597 1415 cum
1618 1372 1728 1414 mul-

331 1436 513 1477 titudine
534 1434 672 1484 vellet,
695 1433 748 1474 de
780 1432 938 1489 templo
967 1431 1196 1473 descendit.
1259 1430 1509 1481 Multitudo,
1536 1430 1644 1472 sicut
1674 1430 1759 1475 ad9

332 1501 606 1548 conspectum
638 1491 748 1546 regis
779 1491 1010 1545 fletumque
1046 1500 1129 1530 tam
1159 1488 1440 1529 miserabilem
1471 1497 1515 1529 et
1543 1488 1634 1544 ipsa
1662 1488 1728 1528 in-

330 1557 548 1606 gemuerat
570 1548 956 1602 lacrimaveratque,
978 1546 1037 1587 ita
1058 1545 1250 1586 Euandri
1276 1545 1508 1586 orationem
1533 1559 1728 1601 asperna-

332 1608 477 1648 batur:
506 1614 548 1647 et
565 1605 736 1661 quidam
758 1605 847 1646 ausi
867 1612 965 1644 sunt
986 1603 1127 1644 media
1147 1617 1202 1644 ex
1223 1602 1425 1643 concione
1447 1601 1724 1644 succlamare:

123 1673 316 1714 Amphipoli
334 1670 346 1688 ‘
364 1664 492 1705 Abite
520 1663 633 1711 hinc,
662 1677 729 1712 ne,
752 1662 826 1718 qui
853 1660 977 1717 pauci
1004 1674 1284 1716 supersumus,
1310 1667 1482 1715 propter
1508 1674 1581 1701 vos
1607 1674 1729 1715 pere-

121 1717 197 1748 abit.
334 1728 346 1746 ‘
361 1721 505 1762 amus.'
578 1719 744 1760 Horum
785 1719 941 1760 ferocia
979 1732 1126 1759 vocem
1167 1716 1358 1757 Euandri
1397 1716 1555 1758 clausit.
1631 1716 1728 1757 Rex
1744 1732 1757 1754 1

332 1778 432 1819 inde
454 1777 627 1819 domum
649 1791 692 1817 se
714 1776 885 1832 recepit,
908 1775 1172 1831 pecuniaque
1202 1782 1245 1815 et
1272 1788 1373 1815 auro
1402 1782 1661 1830 argentoque
1682 1773 1729 1814 in

332 1836 505 1883 lembos,
528 1834 602 1890 qui
623 1834 668 1874 in
693 1833 916 1890 Strymone
937 1832 1115 1881 stabant,
1133 1831 1296 1880 delatis,
1319 1840 1362 1872 et
1382 1831 1470 1887 ipse
1493 1831 1548 1872 ad
1567 1831 1729 1871 fiumen

333 1891 563 1934 descendit.
646 1891 845 1939 Thraces,
887 1889 1063 1930 navibus
1103 1904 1146 1929 se
1187 1888 1450 1929 committere
1495 1903 1583 1928 non
1623 1888 1726 1937 ausi,

333 1949 480 1990 domos
502 1948 665 2003 dilapsi,
688 1956 731 1988 et
755 1947 859 1987 aliae
885 1945 1074 1986 militaris
1101 1945 1266 2000 generis
1294 1945 1466 1985 turbae:
1503 1944 1728 1986 Cretenses

333 2021 451 2061 spem
480 2005 684 2060 pecuniae
715 2003 873 2044 secuti:
908 2011 963 2051 et,
986 2003 1186 2057 quoniam
1218 2001 1261 2041 in
1292 2001 1522 2042 dividendo
1547 2001 1642 2057 plus
1667 2001 1728 2042 of-

333 2063 584 2110 fensionum,
622 2076 748 2116 quam
788 2060 958 2116 gratiae,
997 2068 1097 2108 erat,
1135 2058 1443 2114 quinquaginta
1482 2058 1640 2099 talenta
1677 2058 1729 2099 iis

333 2120 469 2176 posita
498 2126 596 2159 sunt
626 2119 670 2158 in
696 2118 787 2173 ripa
814 2115 1063 2172 diripienda.
1127 2116 1197 2156 Ab
1228 2115 1304 2156 hac
1330 2115 1566 2171 direptione
1595 2130 1728 2171 quum

335 2191 410 2232 per
430 2175 658 2217 tumultum
680 2189 806 2215 naves
828 2173 1171 2222 conscenderent,
1194 2172 1381 2213 lembum
1402 2187 1535 2213 unum
1556 2172 1601 2212 in
1622 2173 1728 2214 ostio

126 2250 309 2281 Samothra-
337 2234 470 2274 amnis
510 2232 781 2273 multitudine
823 2239 1039 2287 gravatum
1080 2238 1325 2271 merserunt,
1405 2229 1636 2285 Galepsum
1676 2245 1728 2271 eo

126 2303 197 2339 cani
213 2302 282 2331 per-
337 2291 418 2340 die,
460 2299 627 2346 postero
672 2288 997 2337 Samothracam,
1040 2302 1164 2343 quam
1206 2288 1419 2342 petebant,
1460 2287 1725 2343 perveniunt.

126 2340 223 2365 vemt.
338 2348 411 2388 Ad
431 2347 516 2388 duo
538 2346 668 2387 millia
685 2346 888 2387 talentum
909 2354 1105 2400 pervecta
1126 2360 1175 2385 eo
1197 2344 1407 2385 dicuntur.

188 2407 256 2445 46.
395 2404 578 2453 Paullus,
600 2419 676 2460 per
707 2417 850 2444 omnes
880 2401 1041 2443 deditas
1071 2401 1259 2442 civitates
1290 2401 1481 2450 dimissis,
1505 2401 1578 2457 qui
1608 2415 1728 2457 prae-

337 2470 486 2511 essent,
509 2477 562 2502 ne
585 2477 668 2516 qua
689 2461 842 2501 iniuria
862 2460 906 2499 in
927 2474 1035 2500 nova
1054 2474 1155 2515 pace
1178 2459 1295 2499 victis
1317 2459 1447 2507 fieret,
1470 2459 1727 2514 retentisque

337 2518 449 2574 apud
481 2534 524 2559 se
558 2517 902 2558 caduceatoribus
938 2516 1058 2572 regis,
1093 2516 1139 2556 P.
1161 2515 1371 2564 Nasicam,
1405 2516 1574 2571 ignarus
1605 2515 1727 2570 fugae

336 2576 457 2631 regis,
485 2574 774 2630 Amphipolim
795 2574 908 2614 misit
931 2588 1027 2614 cum
1053 2572 1218 2613 modica
1237 2573 1429 2628 peditum
1450 2573 1727 2628 equitumque

380 2724 400 2754 9
423 2716 474 2744 De
501 2714 614 2752 templo
639 2713 815 2749 descendit]
848 2712 900 2741 De
923 2712 1006 2747 loco,
1051 2710 1114 2740 viii.
1134 2720 1179 2747 14.
1205 2710 1312 2741 CREV.

338 2757 424 2786 unde
440 2756 598 2795 populum
615 2754 736 2793 alloqui
752 2764 821 2783 mos
833 2757 910 2783 erat.
946 2753 1006 2782 Lo-
1098 2762 1109 2781 1
1135 2753 1207 2783 Rem
1229 2753 1302 2782 inde
1324 2752 1466 2789 domum]
1499 2752 1597 2791 Vulg.
1618 2753 1655 2782 in
1676 2754 1728 2783 do-

339 2799 447 2837 quitur
462 2808 549 2828 more
562 2798 712 2828 Romano
730 2796 850 2827 Livius.
883 2795 1010 2825 Notum
1054 2805 1149 2824 mum.
1186 2794 1308 2824 Nostra
1323 2794 1419 2824 lectio
1436 2804 1453 2824 e
1469 2804 1567 2825 manu
1584 2794 1730 2826 Gronov.

339 2845 387 2872 est
404 2841 522 2871 Rostra
542 2841 693 2879 lemplum
714 2839 821 2875 fuisse,
838 2838 870 2867 id
891 2840 950 2874 est,
966 2837 1010 2866 lo—
1056 2836 1212 2875 provenit.
1237 2837 1277 2867 cf.
1294 2846 1381 2875 supr.
1399 2842 1449 2875 27.

340 2893 412 2914 cum
430 2882 569 2922 auguriis
589 2884 819 2912 consecratum.
846 2879 907 2910 vid.
925 2889 1010 2918 supr.
