1888 3194
647 160 1077 204 KREYSSIGII.
1477 171 1561 210 363

163 267 342 324 —Cap.
365 268 432 310 34.
450 267 631 323 faceret
660 267 1003 323 p1·osacere.—
1021 269 1127 324 Cap.
1152 269 1219 310 41.
1253 276 1294 311 et
1325 272 1455 314 lateri
1486 276 1564 315 ad-

163 336 348 378 haerens
378 342 588 390 tyrannus
619 349 700 390 pro
734 335 862 376 lateri
897 336 1139 378 adhaerens
1174 339 1559 392 tyranni—Ihm.

159 404 369 460 gaudium
382 403 658 458 praebebant
684 418 764 458 pro
789 405 1000 459 gaudium
1024 405 1276 459 praebebat.
1292 406 1469 462 -Cap.
1494 409 1560 448 59.

163 485 457 514 concessurum
494 485 574 526 pro
610 486 918 512 consensurum.
937 472 1110 514 --Lib.
1146 473 1346 515 XXXV.
1385 474 1491 530 Cap.
1521 475 1561 515 4.

163 544 208 579 ut
230 553 448 594 egressum
474 539 565 580 suis
576 539 745 593 finibus
773 539 935 580 hostem
959 554 1130 582 sensere
1151 555 1230 595 pro
1251 542 1325 582 ubi
1345 556 1565 597 egressum

161 620 185 647 e
190 605 360 661 finibus
379 606 470 647 suis
490 606 652 648 hostem
675 621 857 648 sensere.
875 631 931 636 -—
945 606 1050 662 Cap.
1074 608 1141 649 20.
1176 609 1413 664 quindecim
1440 610 1563 652 milia

150 676 350 731 peditum
366 691 446 731 pro
464 675 650 732 quinque
663 676 801 717 millia
814 676 1021 731 peditum.
1037 701 1094 706 —-
1107 677 1213 732 Cap.
1231 678 1300 719 36.
1324 679 1563 735 absumpsit

159 757 243 798 pro
285 744 557 800 consumpsit.
576 743 761 785 -Ibid.
805 744 982 785 eductus
1025 759 1106 800 pro
1149 746 1369 787 educatus.
1388 747 1560 788 —Lib.

161 811 386 853 XXXVI.
411 812 518 867 Cap.
543 813 610 852 25.
641 818 726 853 tum
753 812 970 868 regionem
997 814 1184 855 maxime
1209 814 1347 856 Oetae
1377 821 1560 871 spectat,

160 879 322 934 oppido
351 895 477 934 quam
505 880 629 921 breve
656 879 925 920 intereatlmn
948 880 1116 921 videtur
1135 895 1215 935 pro
1239 887 1324 922 tum
1345 883 1563 937 regionem

159 961 214 988 ea
241 947 426 988 maxime
453 948 674 1002 despectat
702 947 918 1002 oppidum,
942 962 1026 1001 qua
1058 948 1183 990 breve
1210 949 1481 991 intervallum
1505 951 1565 992 vi-

161 1014 297 1055 detur.
314 1014 483 1055 —Lib.
510 1014 756 1055 XXXVII.
791 1014 897 1069 Cap.
921 1015 987 1055 23.
1019 1017 1134 1070 quod
1158 1017 1271 1057 velut
1297 1023 1452 1059 statum
1475 1018 1563 1060 Fa-

159 1083 279 1124 vonis
294 1083 381 1123 sive
403 1083 548 1137 potius
565 1083 775 1123 Favoniis
792 1083 928 1124 ventis
949 1089 1013 1124 est
1035 1099 1113 1138 pro
1135 1086 1252 1139 quod
1270 1086 1383 1126 velut
1404 1092 1562 1128 statum

159 1150 368 1191 Favoniis
397 1150 534 1190 ventis
559 1149 875 1204 esset.-Cap.
900 1150 967 1190 40.
1001 1151 1120 1192 missi
1151 1152 1239 1192 sive
1268 1153 1413 1206 potius
1436 1154 1563 1209 Mysi

158 1217 387 1273 sagittarii
409 1217 478 1258 leis
499 1217 698 1258 adiuncti
714 1223 838 1257 erant
855 1232 935 1272 pro
949 1217 1076 1273 XII-issi
1096 1219 1348 1274 sagittariis
1367 1221 1562 1262 adiuncti

159 1290 295 1326 erant.
310 1285 486 1339 ——Cap.
511 1286 577 1326 52.
603 1300 659 1326 ex
689 1285 846 1340 templo
870 1286 1060 1327 excessit
1080 1301 1159 1340 pro
1182 1287 1336 1342 templo
1357 1289 1560 1330 excessit.

160 1352 258 1394 Lib.
278 1353 547 1395 XXXVIII.
573 1353 680 1408 Cap.
701 1354 765 1395 15.
789 1353 845 1394 ab
867 1354 956 1395 sive
978 1354 1123 1408 potius
1145 1355 1205 1395 ad
1223 1355 1564 1410 Lysisfluminis

144 1421 301 1476 sontes
328 1437 407 1476 pro
437 1422 492 1463 ab
515 1422 650 1478 Lysis
666 1422 867 1477 flunzinis
883 1421 1221 1477 fonte—Cap.
1246 1424 1314 1464 20.
1344 1437 1372 1463 a
1393 1430 1561 1479 septen-

159 1489 297 1531 trione
319 1505 396 1544 pro
424 1490 485 1531 ad
508 1490 850 1545 septentrionem.
871 1513 929 1518 —
945 1489 1051 1545 Cap.
1070 1491 1229 1531 52:212&
1250 1506 1349 1532 vero
1372 1506 1452 1532 non
1473 1493 1562 1534 vul-

160 1558 423 1599 nerabantur
443 1572 522 1612 pro
545 1557 612 1598 Hi
635 1572 732 1598 vero
754 1572 835 1598 non
856 1558 1200 1599 vulnerabantur.

221 1624 377 1680 Neque
415 1632 558 1666 tamen
591 1625 772 1666 eximias
806 1625 968 1666 codicis
1007 1625 1343 1681 Bambergensis
1380 1627 1561 1670 virtutes

161 1693 219 1734 ita
241 1693 553 1748 praedicamus,
577 1700 624 1734 ut
645 1693 759 1742 vitia,
783 1693 942 1747 quibus
964 1692 1033 1734 ille
1054 1692 1236 1744 laborat,
1260 1693 1412 1736 callide
1435 1695 1563 1736 dissi-

161 1761 369 1804 mulemus
405 1768 534 1816 atque
571 1761 839 1815 obtegamus.
903 1761 1095 1803 Primum
1138 1763 1250 1803 enim
1286 1763 1468 1805 maiores
1503 1763 1563 1806 la-

160 1845 311 1881 cunae,
335 1839 382 1872 ut
407 1829 576 1885 singula
597 1829 807 1871 vocabula
835 1829 1013 1880 mittam,
1037 1845 1092 1871 ex
1122 1830 1271 1872 codice
1296 1830 1560 1886 Moguntino

160 1900 321 1954 optime
353 1897 594 1953 suppletae,
615 1913 747 1952 quum
779 1913 804 1938 a
833 1898 973 1938 verbis
1004 1898 1102 1939 Lib.
1135 1898 1359 1940 XXXIV.
1383 1899 1452 1941 46.
1483 1901 1562 1941 tri-

162 1967 294 2008 bunus
326 1966 517 2015 militum,
555 1965 654 2005 Lib.
686 1964 910 2005 XXXVI.
938 1966 978 2005 5.
1013 1966 1061 2006 id
1088 1967 1179 2021 agi,
1210 1980 1304 2021 cap.
1333 1967 1398 2008 10.
1430 1973 1561 2023 atque

159 2033 476 2090 oppugnationi
498 2040 628 2087 atque
649 2038 690 2073 et
713 2032 1036 2073 Demetriadem
1060 2034 1202 2082 rediit,
1224 2049 1318 2087 cap.
1343 2035 1412 2075 27.
1436 2035 1562 2076 meri-

159 2108 288 2157 taque
322 2102 365 2142 in
391 2101 600 2156 populum
636 2100 888 2150 Romanum,
929 2114 1021 2155 cap.
1057 2101 1125 2142 43.
1160 2102 1276 2142 alias
1308 2102 1561 2151 maioribus,

162 2170 260 2211 Lib.
297 2168 545 2210 XXXVII.
583 2170 623 2209 2.
662 2168 727 2209 M.
753 2168 932 2209 Fulvius
958 2169 1254 2223 peregrinam,
1287 2184 1382 2225 cap.
1415 2170 1483 2210 54⁴.
1517 2171 1561 2211 in

159 2238 405 2279 servitutem
435 2244 479 2278 et
501 2236 672 2277 Adistis
698 2235 934 2285 Graeciae,
968 2251 1047 2290 pro
1079 2251 1166 2291 quo
1198 2237 1240 2277 in
1271 2237 1369 2278 cod.
1406 2236 1558 2278 Bamb.

160 2306 324 2347 additis
365 2304 583 2346 Graeciae
622 2303 795 2358 legitur,
836 2303 931 2345 Lib.
971 2304 1242 2346 XXXVIII.
1277 2306 1315 2346 8.
1352 2311 1560 2361 parceret

159 2374 271 2423 urbi,
293 2373 472 2427 aliisque
504 2371 625 2422 locis,
648 2372 723 2412 ubi
752 2371 921 2426 singula
946 2371 1156 2414 vocabula
1186 2373 1228 2413 in
1257 2373 1411 2414 ceteris
1444 2373 1559 2414 codi-

159 2442 280 2483 cibus
306 2441 462 2482 omissa
490 2440 531 2480 in
555 2439 867 2494 Bainbergensi
898 2440 1060 2494 pariter
1088 2455 1137 2481 ac
1161 2439 1425 2496 Moguntino
1447 2455 1561 2482 com-

161 2517 326 2564 parent,
350 2508 615 2557 discesseris,
638 2508 680 2548 in
711 2508 860 2549 codice
888 2507 1200 2562 Bambergensi
1232 2524 1405 2563 quoque
1437 2523 1560 2563 repe-

159 2578 341 2619 riuntur.
405 2577 583 2631 Quippe
609 2591 663 2617 ex
689 2574 780 2616 solo
809 2576 958 2617 codice
981 2576 1257 2630 Moguntino,
1278 2577 1400 2618 cuius
1423 2576 1558 2618 virtus

160 2646 202 2687 in
229 2653 470 2688 ceterorum
501 2659 690 2699 quoquc,
713 2644 785 2698 qui
818 2644 966 2685 codice
1000 2644 1313 2699 Bainbergcnsi
1347 2659 1431 2685 non
1461 2659 1561 2686 con-

161 2713 365 2762 tinentur,
420 2713 530 2755 Livii
580 2712 786 2754 librorum
837 2712 1002 2754 lacunis
1058 2713 1280 2754 commode
1332 2710 1559 2766 explendis

160 2782 327 2829 enituit,
369 2797 393 2823 a
436 2781 545 2822 Livii
587 2781 827 2823 editoribus
874 2780 981 2822 haec
1029 2789 1128 2822 sunt
1175 2779 1376 2835 suppleta
1397 2796 1404 2820 :
1461 2778 1556 2819 Lib.

163 2847 385 2890 XXXIV.
420 2850 554 2904 ⁴⁸'Cap.
589 2851 626 2889 7.
665 2850 734 2891 hic
773 2850 933 2891 Itomae
970 2850 1109 2905 infimo
1142 2849 1296 2903 generi
1333 2846 1557 2901 magistris
