1888 3194
574 140 702 183 LIB.
734 139 877 182 XLV.
920 139 1068 183 CAP.
1106 145 1170 184 12.
1501 148 1581 186 183

152 231 348 282 9tradita,
381 230 538 273 Pelusii
574 229 758 271 validum
793 229 989 271 relictum
1024 239 1114 272 erat
1147 231 1414 287 praesidium.
1483 233 1574 289 Ap-
1594 243 1636 276 U.
1657 243 1695 275 C.
1715 243 1789 283 584.

181 290 368 345 parebat,
400 288 579 329 claustra
608 287 799 343 Aegypti
834 288 980 337 teneri,
1010 297 1070 337 ut,
1099 303 1232 344 quum
1263 287 1402 338 vellet,
1434 303 1575 332 rursus
1589 287 1629 318 A.
1653 286 1692 319 C·
1718 285 1787 319 168.

182 346 414 388 exercitum
434 344 677 386 induceret:
713 343 822 386 bello
843 345 1043 387 intestino
1074 360 1171 386 cum
1200 345 1325 386 fratre
1357 360 1454 386 eum
1486 347 1575 387 exi-

182 412 273 445 tum
302 402 402 451 fore,
425 411 473 443 ut
493 401 636 451 victor,
658 401 788 443 fessus
811 402 1052 452 certamine,
1075 417 1345 459 nequaquam
1375 417 1450 458 par
1482 403 1575 445 An-

181 459 320 502 tiocho
342 459 505 500 futurus
526 468 645 500 esset.
709 458 842 508 Haec,
864 459 1096 515 prudenter
1115 459 1404 501 animadversa
1433 475 1458 501 a
1487 474 1575 501 ma-

179 517 279 567 iore,
302 531 400 557 cum
420 531 592 558 assensu
611 516 749 557 minor
769 516 908 566 frater,
931 517 1089 573 quique
1111 532 1207 558 eum
1230 532 1280 558 eo
1302 525 1434 565 erant,
1456 532 1574 559 acee-

179 582 354 632 perunt:
390 589 506 615 soror
536 573 765 629 plurimum
798 573 972 623 adiuvit,
999 589 1086 615 non
1119 574 1294 616 consilio
1327 574 1465 624 modo,
1499 575 1574 616 sed

180 631 304 674 etiam
327 631 532 687 precibus.
581 631 744 687 Itaque,
762 631 1122 673 consentientibus
1143 632 1305 673 eunetis
1325 647 1429 688 pace
1450 631 1571 682 facta,

180 688 495 731 Alexandream
516 689 729 745 recipitur,
743 703 797 730 ne
814 688 1086 730 multitudine
1107 689 1279 745 quidem
1301 689 1570 732 adversante:

179 746 353 803 quaein
375 746 497 796 bello,
520 761 605 787 non
636 761 712 802 per
741 746 1004 788 obsidionem
1036 747 1174 796 modo,
1201 746 1272 788 sed
1302 747 1430 788 etiam
1459 756 1574 802 post-

179 818 307 860 quam
340 818 364 845 a
399 804 618 845 moenibus
648 804 884 845 abscessum
915 813 990 853 est,
1019 804 1119 860 quia
1149 803 1256 845 nihil
1285 819 1339 845 cx
1370 803 1496 861 Aegy
1531 814 1573 847 to

151 861 499 911 xsubvehebatur,
528 861 718 902 omnium
745 876 885 902 rerum
912 870 1129 902 attenuata
1155 862 1299 918 inopia
1328 870 1427 903 erat.
1491 820 1573 904 ilis

178 933 311 974 quum
346 918 490 960 laetari
527 918 790 960 Antiochum
823 919 1078 960 conveniens
1113 928 1233 968 esset,
1269 919 1304 960 si
1339 919 1573 961 reducendi

177 976 268 1017 eius
292 991 417 1017 causa
446 976 679 1017 exercitum
710 976 958 1032 Aegyptum
989 976 1237 1026 induxisset,
1270 991 1354 1032 quo
1385 977 1572 1033 specioso

178 1033 300 1074 titulo
332 1033 386 1074 ad
418 1047 564 1074 omnes
592 1033 720 1074 Asiae
752 1042 795 1074 et
825 1033 1028 1074 Graeciae
1061 1034 1262 1083 civitates,
1294 1033 1574 1089 legationibus

176 1089 429 1146 recipiendis
464 1089 678 1146 literisque
709 1089 984 1140 dimittendis,
1017 1105 1115 1131 usus
1146 1100 1247 1140 erat,
1280 1091 1385 1132 adeo
1418 1101 1481 1132 est
1511 1092 1574 1133 of-

175 1146 330 1197 fensus,
362 1155 410 1188 ut
440 1146 573 1188 multo
603 1147 738 1188 acrius
768 1146 1043 1203 infestiusque
1076 1147 1272 1189 adversus
1303 1148 1421 1198 duos,
1444 1164 1572 1204 quam

175 1213 274 1246 ante
307 1204 503 1246 adversus
535 1219 681 1254 unum,
709 1214 874 1261 pararet
902 1204 1071 1246 bellum.
1137 1204 1330 1261 Cyprum
1357 1206 1572 1262 extemplo

176 1261 350 1304 classem
382 1262 517 1303 misit:
550 1262 653 1318 ipse,
681 1262 819 1318 primo
845 1277 942 1304 vere
974 1277 1070 1304 cum
1104 1262 1293 1304 exercitu
1327 1262 1572 1320 Aegyptum

232 1328 337 1370 tens,
369 1320 414 1361 in
449 1319 612 1361 Coelen
649 1319 811 1377 Syriam
847 1320 1058 1374 processit.
1126 1319 1252 1361 Circa
1283 1319 1574 1362 Rhinocolura

175 1334 411 1418 ffiolemaei
440 1377 587 1434 legatis
614 1377 835 1433 agentibus
855 1377 1020 1434 gratias,
1043 1377 1160 1434 quod
1180 1392 1256 1434 per
1275 1392 1373 1419 eum
1394 1393 1573 1434 regnum

146 1435 357 1491 2patrium
378 1435 616 1491 recepisset,
630 1435 971 1491 petentibusque,
986 1445 1033 1476 ut
1050 1450 1172 1476 suum
1194 1450 1348 1476 munus
1370 1444 1572 1486 tueretur,

176 1501 220 1534 et
248 1492 408 1534 diceret
437 1493 590 1549 potius,
616 1493 722 1549 quid
751 1492 843 1534 fieri
873 1492 1012 1543 vellet,
1042 1508 1182 1549 quam,
1215 1492 1346 1534 hostis
1376 1508 1430 1534 ex
1460 1493 1574 1535 socio

177 1548 322 1600 factus,
337 1550 378 1590 vi
399 1559 526 1606 atque
548 1551 672 1591 armis
693 1558 849 1606 ageret,
867 1550 1106 1606 respondit:
1143 1556 1154 1574 ‘
1169 1549 1272 1592 Non
1292 1549 1413 1592 aliter
1432 1565 1573 1607 neque

178 1606 378 1648 ‘classem
409 1618 713 1657 revocaturum,
745 1622 885 1663 neque
917 1608 1149 1649 exercitum
1180 1607 1467 1657 reducturum,
1494 1607 1574 1649 nisi

178 1669 191 1688 ‘
206 1664 284 1706 sibi
307 1673 351 1706 et
378 1673 466 1706 tota
490 1665 647 1720 Cypro,
671 1673 715 1706 et
736 1664 918 1714 Pelusio,
941 1680 1138 1721 agroque,
1161 1664 1235 1720 qui
1256 1665 1366 1706 circa
1385 1664 1576 1707 Pelusia-

178 1727 191 1746 ‘
206 1737 303 1763 cum
331 1722 484 1764 ostium
513 1721 605 1763 Nili
633 1730 752 1771 essct,
780 1721 988 1771 cederet3’
1016 1722 1215 1778 diemque
1237 1722 1487 1778 praestituit,
1509 1723 1575 1764 in-

146 1789 241 1823 3tra
270 1794 397 1836 quam
433 1780 486 1821 de
520 1779 833 1821 conditionibus
864 1780 1045 1835 peractis
1076 1794 1320 1835 responsum
1351 1779 1572 1836 acciperet.

145 1837 408 1893 4Postquam
428 1837 519 1878 dies
540 1837 637 1877 data
658 1836 832 1878 indutiis
861 1837 1086 1892 praeteriit,
1110 1838 1131 1858 *
1154 1836 1447 1892 navigantibus
1468 1838 1574 1879 ostio
1655 1839 1719 1878 12.

178 1893 270 1935 Nili
298 1894 352 1935 ad
377 1894 607 1943 Pelusium,
631 1909 706 1949 per
726 1894 891 1935 deserta
912 1895 1094 1935 Arabiae
1118 1895 1138 1915 ³*
1161 1895 1214 1935 ad
1237 1894 1478 1950 Memphim
1509 1895 1575 1936 in-

176 1951 384 2001 colebant,
406 1960 449 1993 et
479 1952 531 1993 ab
561 1951 711 1992 ceteris
733 1951 829 2007 Aeg
861 1952 971 2007 ptiis‚
995 1952 1146 2007 partim
1168 1951 1397 2001 voluntate,
1420 1953 1573 2008 partim

145 2018 306 2059 5metu,
328 2009 382 2050 ad
404 2008 719 2051 Alexandream
752 2024 820 2049 mo
854 2009 927 2050 icis
957 2009 1177 2050 itineribus
1208 2008 1438 2050 descendit.
1502 2009 1574 2051 Ad
1589 2022 1773 2053 Occurrunt

178 2066 422 2108 Eleusinem
444 2077 699 2123 transgresso
719 2066 892 2116 flumen,
914 2067 987 2122 qui
1010 2066 1125 2108 locus
1146 2074 1347 2122 quattuor
1371 2066 1503 2108 millia
1523 2068 1574 2108 ab
1590 2064 1751 2112 Antiqcho

178 2124 450 2166 Alexandrea
470 2125 599 2174 abest,
617 2124 743 2181 legati
763 2123 947 2165 Romani
969 2133 1254 2165 occurrerunt.
1308 2124 1429 2173 Quos
1442 2140 1574 2181 quum
1589 2107 1741 2181 lfigffiffssffli·

177 2181 450 2224 advenientes
470 2182 700 2232 salutasset,
719 2182 996 2238 dextramque
1019 2181 1202 2238 Popillio
1223 2181 1481 2238 porrigeret;
1515 2191 1576 2224 ta—

177 2239 305 2281 bellas
325 2240 364 2281 ei
386 2239 591 2305 Popillius
612 2239 1022 2281 senatusconsultum
1054 2239 1257 2280 habentes
1286 2239 1425 2290 tradit,
1447 2249 1575 2297 atque

177 2297 367 2338 omnium
398 2312 580 2354 primum
602 2297 645 2338 id
668 2297 807 2354 legere
829 2297 956 2339 iubet.
1024 2297 1192 2346 Quibus
1212 2296 1420 2354 perlectis,
1443 2313 1576 2354 quum

220 2432 407 2480 9⁴1¹elusii]
442 2432 481 2462 cf.
509 2431 644 2463 Diodor.
672 2431 754 2463 Exc.
773 2431 849 2462 vat.

177 2483 264 2505 xxvi.
283 2483 331 2512 ²4-

897 2431 1166 2462 Drakenhorcliio
1192 2435 1315 2463 certum
1343 2431 1480 2469 videtur,
1507 2432 1566 2462 nisi

897 2475 978 2505 sorte
990 2477 1134 2514 peractis
1149 2485 1294 2513 exponas
1305 2476 1468 2514 perfer-tis.

225 2526 234 2547 ι
262 2518 443 2547 Attenuata
465 2518 575 2557 inopia
597 2516 686 2557 erat]
715 2517 852 2557 Propter

178 2558 320 2590 omnium
336 2570 439 2589 rerum
458 2560 600 2599 inopium
618 2561 657 2590 zul
676 2565 806 2590 tenuem
821 2564 853 2590 et

177 2602 337 2641 trepidum
355 2608 474 2632 statum
492 2603 622 2632 redacta
638 2607 715 2633 erat.
743 2603 851 2633 Dor-zu.

223 2654 238 2674 2
262 2648 363 2674 Suum
386 2646 520 2683 munus]
551 2646 699 2683 Regnum
724 2656 853 2684 nempe,

178 2688 263 2726 qnod
280 2693 434 2727 tanquam
454 2698 571 2718 munus
587 2698 643 2728 per
656 2687 855 2718 Antiochum

178 2736 353 2769 receperat.
381 2730 490 2761 Dmcn.

222 2780 239 2810 3
265 2774 314 2802 De
336 2774 571 2803 cnn‹!0·te'nnibr1„v
595 2775 753 2813 parm-lix]
782 2773 855 2802 Vox

179 2816 318 2851 prr-actia
344 2816 507 2846 (Jrevierio
534 2817 688 2846 mendosa
716 2827 784 2846 esse
813 2816 852 2845 vi-

180 2855 284 2891 detur,
322 2867 378 2896 pro
415 2868 477 2897 qun
519 2859 646 2889 Livium
693 2858 855 2898 scripsisse

181 2898 293 2928 delatis
307 2899 446 2931 coniicit.
488 2901 618 2939 Aliquid
635 2902 733 2931 luti-re
748 2901 853 2931 mendi

941 2529 959 2556 4
984 2518 1252 2556 'Ntwifflmtilms
1267 2519 1345 2547 ostio
1360 2518 1450 2555 Nili]
1471 2517 1577 2548 Locus

898 2559 985 2590 luuul
999 2560 1095 2590 dubie
1113 2570 1246 2590 mancus
1262 2564 1292 2590 et
1307 2561 1502 2599 depravatus
1517 2565 1577 2596 est.

898 2613 993 2642 quem
1031 2602 1180 2641 Sigonius
1216 2607 1247 2633 et
1279 2602 1462 2634 Crevierius
1495 2603 1578 2633 ulter

898 2645 1000 2675 altero
1018 2646 1114 2675 modo
1130 2646 1272 2685 supplet.

946 2697 962 2727 5
987 2689 1041 2717 Ad
1068 2689 1271 2726 lu'le’usinem]
1312 2688 1363 2718 lm
1393 2687 1577 2718 emendavit

902 2730 1074 2761 Turnebus
1100 2741 1155 2770 pro
1181 2731 1266 2769 vulg.
1291 2732 1470 2761 Lem-inem.
1516 2732 1577 2761 Ce-

904 2776 1006 2803 terum
1035 2775 1166 2804 Eleusis
1194 2773 1282 2803 viena
1310 2773 1368 2803 fuit
1393 2774 1433 2803 zui
1460 2774 1575 2803 sussum

900 2815 1113 2855 Canopicum,
1135 2815 1226 2846 cuiun
1250 2815 1467 2846 meminerunt
1492 2817 1576 2845 Stru-

902 2860 941 2887 lm
974 2858 1048 2890 xvii.
1077 2861 1149 2889 2⁴00.
1177 2864 1207 2888 et
1238 2859 1426 2889 Athenaeus
1454 2857 1520 2887 xiii.
1547 2867 1576 2896 p.

904 2901 974 2938 57⁶-
