1888 3194
191 169 568 216 EDITIONIS
610 169 1382 214 DRAKENBORCHIANAE.
1435 175 1519 214 513

118 275 333 318 asperam.
347 260 519 302 —Ibid.
541 275 564 302 e
582 259 759 314 castris]
784 274 839 300 ea:
861 260 1032 301 castris.
1050 283 1107 289 -—
1124 260 1232 314 Cap.
1253 263 1323 302 22.
1349 263 1519 316 quando

120 319 290 374 quiesse
327 317 386 359 sit
425 317 590 359 melius.
650 316 761 366 Nec,
805 317 913 372 quid
935 316 1195 371 faciendum
1233 316 1306 371 sit]
1349 319 1519 372 quando

151 375 415 417 uiescendum
436 375 507 415 sit.
553 374 662 423 Nec,
686 374 792 428 quid
810 373 1224 427 meliusfaciendum
1246 374 1317 415 sit.
1335 398 1392 402 —-
1406 373 1516 414 Ibid.

118 389 274 487 &eque
294 430 421 485 enim]
444 445 520 472 nec
540 431 663 472 enim.
681 454 740 462 —
757 430 868 471 Ibid.
892 431 1002 471 male
1022 430 1325 485 rempublicam
1343 430 1518 485 gerere]

117 489 227 529 male
258 502 347 530 rem
373 487 741 544 gerere—Ibid.
777 487 816 528 is
846 502 897 528 ne
928 487 1127 544 deneget]
1166 502 1217 528 ne
1253 489 1445 542 deneget.
1464 511 1522 517 —

117 544 225 600 Cap.
249 546 319 587 23.
343 544 561 598 Meteone]
593 545 809 586 DIedione.
827 568 885 574 —
901 544 1012 585 Ibid.
1038 551 1095 594 ut,
1120 543 1417 598 iureiurando]
1444 545 1519 592 uti,

117 602 409 643 iureiurando.
434 624 489 632 ——
512 601 619 656 Cap.
644 602 713 642 24.
745 601 1004 656 Herophon]
1036 601 1231 656 Eropon.
1249 625 1302 630 —
1317 600 1425 653 Cap.
1449 602 1518 641 25.

116 658 279 714 apisci]
303 659 505 714 adipisci.
526 682 580 688 —
597 658 707 699 Ibid.
731 659 972 707 interesset,
999 658 1020 679 ’ξ
1050 659 1164 699 mille
1193 664 1235 699 et
1263 657 1520 714 quingenta]

117 715 356 765 interesset,
379 716 494 757 mille
519 721 559 757 et
587 716 837 772 quingenta.
860 738 917 746 —
939 715 1046 771 Cap.
1076 717 1143 757 526.
1177 717 1256 757 sed
1284 721 1370 755 tam
1402 715 1519 767 ante]

116 773 196 815 sed
213 774 355 814 etiam.
373 797 432 805 ——
448 773 561 814 Ibid.
583 774 695 814 satis
716 772 825 827 esse]
854 779 922 814 sat
943 787 1048 814 esse.
1068 797 1125 801 ——-
1142 771 1249 827 Cap.
1273 772 1344 813 27.
1369 772 1522 828 Appa-

116 830 242 871 rebat
272 830 371 872 inde
401 829 609 884 omnibus]
635 830 894 886 Adparebat
924 830 967 870 in
999 830 1203 871 omnibus.
1222 828 1408 870 -Ibid.
1441 843 1522 869 non

117 886 278 941 tenere]
310 893 583 928 contemnere.
598 886 780 928 -Ibid.
804 902 860 928 esc
881 901 925 927 se
948 887 1078 940 victo]
1111 902 1167 928 ex
1189 887 1314 927 victo.
1334 908 1388 916 —·
1407 885 1521 926 Ibid.

116 943 380 999 Herophon]
406 945 600 999 Eropon.
617 968 674 972 —
692 944 799 998 Cap.
823 944 890 985 28.
915 943 1234 999 Herophontis]
1265 943 1520 998 Eropontis.

117 1024 173 1030 —
194 1000 307 1042 Ibid.
332 1001 532 1055 sparsas]
566 1015 763 1055 sparsae.
783 1025 838 1030 —-
856 1001 969 1041 Ibid.
992 1000 1239 1052 inviolatos]
1273 1000 1519 1040 inviolatas.

115 1056 297 1098 —Ibid.
321 1057 377 1098 ab
399 1057 592 1110 Subotis]
625 1072 652 1097 a
679 1057 869 1098 Subotis.
888 1081 947 1088 —
963 1057 1076 1099 Ibid.
1093 1057 1240 1112 parti]
1264 1056 1448 1112 partim.
1467 1079 1522 1086 —-

117 1113 230 1156 Ibid.
265 1113 465 1170 Aegaeo]
504 1113 865 1168 Aegea—Cap.
902 1115 970 1154 29.
1000 1113 1224 1168 poterant]
1256 1119 1523 1168 poterat.—

117 1170 229 1213 Ibid.
262 1169 588 1224 succurrebant]
622 1170 917 1212 subcurrebat.
936 1195 993 1199 —
1010 1170 1118 1224 Cap.
1142 1171 1210 1211 30.
1243 1169 1520 1223 simillimum]

116 1227 311 1270 similias.
329 1251 384 1259 —
400 1227 513 1268 Ibid.
543 1227 833 1282 praemissos]
875 1228 1038 1268 missos.
1058 1251 1117 1258 ·—-
1133 1226 1245 1267 Ibid.
1285 1225 1521 1280 Genusum]

123 1283 578 1326 Gemmatum—Ibid.
618 1284 927 1326 Parthinorum
960 1283 1132 1337 iunctis]
1172 1283 1379 1324 adsumtis
1412 1283 1524 1323 Par-

117 1342 331 1384 thinorum
351 1341 593 1383 iuventutis.
612 1365 669 1369 ——
686 1341 794 1394 Cap.
819 1341 886 1382 31.
912 1342 1029 1396 quod
1054 1341 1152 1382 belli
1180 1346 1311 1395 caput
1332 1338 1446 1394 erat]
1480 1339 1528 1379 id

118 1399 235 1453 quod
257 1398 359 1440 belli
389 1404 520 1454 caput
536 1399 710 1452 suerat.
727 1422 784 1428 —
801 1398 913 1440 Ibid.
938 1396 1200 1451 Barbanna]
1224 1397 1450 1438 Bar-bana.
1469 1420 1523 1426 --

119 1455 232 1497 Ibid.
256 1455 440 1509 Scordo]
465 1455 641 1496 Scodro.
665 1479 724 1485 —
744 1453 857 1496 Ibid.
883 1455 1090 1509 Scordus]
1120 1455 1323 1495 Seodrus.
1338 1453 1521 1495 —Ibid.

118 1511 381 1565 Barbanna]
414 1513 641 1554 Barbaria.
666 1537 715 1543 —
734 1512 847 1553 Ibid.
881 1511 1065 1566 coactis]
1099 1512 1226 1553 actis.
1244 1535 1302 1540 —
1319 1511 1425 1565 Cap.
1452 1511 1522 1552 32.

119 1568 384 1623 Meteonem]
410 1569 672 1610 Medeonem.
689 1593 747 1599 —
762 1568 873 1611 Ibid.
898 1569 1062 1623 liberis]
1087 1583 1140 1610 ac
1161 1568 1322 1609 liberis.
1338 1591 1395 1598 —-
1409 1567 1521 1609 Ibid.

118 1625 327 1680 Aeneam]
372 1625 566 1668 Aeniam.
582 1650 641 1656 —
656 1626 767 1667 Ibid.
803 1625 985 1680 Medon]
1029 1626 1158 1667 Milo.
1174 1624 1357 1666 ——Ibid.
1399 1631 1523 1665 cocta

119 1682 309 1735 cibaria]
332 1689 525 1732 coactae,
549 1683 733 1724 cibaria.
750 1706 807 1713 —
822 1682 933 1724 Ibid.
958 1683 1081 1724 silvis
1103 1683 1282 1738 benigne
1297 1680 1364 1734 *Ἴ
1388 1682 1521 1722 silvis.

118 1739 296 1795 —Cap.
319 1740 389 1781 33.
410 1740 463 1766 *³*
487 1740 698 1795 conferre,
715 1739 951 1795 postremo]
986 1740 1069 1766 *ΞΗ
1085 1745 1318 1795 postremo.
1337 1761 1391 1768 ——
1410 1737 1521 1780 Ibid.

119 1796 315 1851 diducta]
345 1797 542 1838 deducta.
561 1796 738 1852 —Cap.
773 1797 842 1837 34.
881 1795 1125 1850 adt-ocarit]
1160 1796 1448 1837 advocaverit.
1470 1819 1523 1825 —

121 1852 232 1896 Ibid.
256 1854 412 1895 milites
433 1855 684 1902 consultent,
709 1853 962 1909 imperator]
996 1854 1165 1902 milites,
1189 1853 1350 1902 consul,
1378 1858 1418 1893 et
1448 1853 1524 1892 im-

113 1910 509 1967 perator.—Ibid.
544 1911 650 1966 quid
667 1911 870 1965 futurum
907 1909 982 1963 sit]
1020 1909 1350 1966 quodfetturum
1383 1910 1522 1950 sit.—

120 1968 233 2010 Ibid.
256 1973 380 2009 scuta
401 1968 495 2017 alii,
519 1968 598 2008 alii
620 1968 782 2009 loricas
803 1966 993 2023 tergere]
1022 1973 1143 2008 scuta
1172 1967 1251 2007 alii
1279 1967 1525 2021 loricasque

121 2031 305 2081 tergere.
326 2049 380 2054 —
397 2023 506 2066 Ibid.
525 2024 755 2079 finituros]
788 2025 984 2066 inituros.
1003 2048 1060 2053 -
1077 2024 1182 2078 Cap.
1206 2024 1275 2064 35.
1309 2022 1523 2077 celantur]

121 2088 342 2124 curantur.
363 2105 416 2112 —-
433 2081 543 2123 Ibid.
574 2080 779 2135 Coenum]
805 2081 1053 2122 Schoenum.
1069 2107 1120 2112 ›---
1140 2080 1248 2122 lbid.
1282 2087 1408 2121 notae
1439 2081 1525 2121 iam

120 2139 207 2180 sibi
228 2145 270 2181 et
276 2140 392 2195 fidei
413 2145 454 2180 et
474 2139 734 2193 prudentiae
755 2138 961 2192 homines]
994 2144 1122 2179 notae
1146 2144 1186 2178 et
1199 2137 1314 2192 fidei
1335 2138 1419 2178 iam
1441 2137 1525 2178 sibi

121 2201 165 2239 et
180 2196 442 2251 prudentiae
463 2196 664 2237 homines.
691 2219 744 2227 -
768 2195 881 2237 Ibid.
905 2195 1060 2251 regiis]
1085 2195 1218 2250 regis.
1243 2218 1299 2225 --
1320 2194 1430 2235 lbid.
1456 2195 1525 2235 de-

123 2252 298 2307 tineret]
321 2253 558 2294 distineret.
582 2277 639 2282 —
660 2252 767 2307 Cap.
791 2253 860 2293 36.
890 2267 942 2293 ne
971 2252 1039 2293 his
1066 2251 1254 2308 quidem]
1288 2266 1339 2292 ne
1370 2251 1450 2292 his.
1470 2274 1525 2281 —

123 2308 234 2351 Ibid.
272 2309 345 2351 Ne
382 2311 556 2358 hostem,
598 2309 864 2364 ludificatum
897 2309 1076 2365 priores
1112 2307 1413 2364 imperatores]
1455 2307 1527 2348 Ne

123 2366 285 2408 hostem
328 2366 497 2422 quidem
537 2367 781 2421 ludificato-s·
814 2366 992 2422 priores
1031 2366 1327 2421 imperatores.
1342 2388 1398 2394 —
1414 2365 1522 2405 Ibid.

123 2424 317 2466 manibus
346 2422 574 2477 emitteret]
607 2424 803 2465 manibus
829 2424 1036 2465 emittere.
1052 2446 1107 2453 —
1122 2422 1235 2464 Ibid.
1259 2437 1324 2471 ne,
1346 2422 1385 2462 si
1407 2428 1527 2462 nocte

124 2479 273 2535 abeat]
315 2495 366 2521 ne
400 2485 525 2521 nocte
558 2479 896 2521 abeat.—-lbid.
935 2479 1228 2521 Macedoniae
1261 2478 1336 2533 sit]
1374 2478 1528 2520 Mace-

125 2537 295 2579 doniae.
314 2560 370 2568 —
386 2536 497 2578 Ibid.
531 2534 779 2592 caesusque]
817 2537 1129 2592 exercitusque.
1148 2560 1204 2567 —-
1221 2535 1329 2589 Cap.
1360 2536 1429 2576 37.
1462 2550 1528 2576 se-

125 2593 379 2647 nes-centem]
416 2593 872 2647 senescente.—Cap.
906 2593 975 2634 38.
1009 2608 1061 2634 ne
1094 2593 1191 2650 quis
1224 2598 1402 2633 cestrum
1436 2592 1527 2633 sine

126 2664 260 2693 eausa
281 2650 450 2705 credat]
473 2665 525 2692 ne
578 2651 643 2691 uis
663 2651 756 2692 sine
777 2665 932 2691 caussa
950 2656 1133 2692 vestrum
1155 2650 1319 2692 credat.
1338 2673 1393 2679 —-
1413 2648 1524 2690 Ibid.

126 2705 412 2762 explicatam]
463 2666 741 2763 implicatam.
765 2729 821 2737 --
843 2706 954 2748 Ibid.
996 2722 1128 2763 opere
1154 2705 1347 2762 fessam]
1399 2720 1527 2746 onere

113 2763 370 2818 sessum.—
387 2763 496 2805 Ibid.
521 2770 709 2805 torrente
739 2764 977 2805 meridiano
1007 2763 1114 2818 sole]
1147 2769 1376 2804 torrentem
1404 2762 1527 2802 meri-

127 2819 260 2861 diano
289 2821 390 2863 sole.
406 2820 586 2862 -Ibid.
617 2821 829 2876 requieto]
863 2821 1020 2876 qnietO.
1037 2844 1094 2850 --
1111 2819 1219 2874 Cap.
1241 2820 1309 2861 39.
1338 2818 1527 2874 saepsis-

127 2874 239 2929 sent]
260 2876 485 2931 sepissent.
503 2900 558 2906 —
577 2877 685 2931 Cap.
708 2878 777 2918 40.
804 2878 914 2918 hora
944 2877 1120 2918 circiter
1147 2875 1276 2929 nona]
1307 2876 1414 2915 hora
1445 2873 1528 2913 eir-
