1888 3194
522 190 803 236 LIBROR.
838 191 1138 235 DEPERD.
1446 200 1526 238 231

135 285 333 334 facerent,
366 282 617 339 indignitate
650 281 711 322 rei
743 281 796 322 ad
832 280 1122 323 rebellandum
1157 282 1289 324 Carth
1318 284 1529 326 oinienses

134 357 228 384 com
261 341 439 382 ulerunt.
504 338 701 381 obsideri
721 339 1042 395 oppugnarique
1058 348 1209 396 coepta
1227 349 1289 381 est
1355 341 1529 398 arthago

134 400 187 441 ab
257 429 267 439 .
291 397 469 446 Marcio,
502 395 576 438 M'.
595 394 776 437 Manilio
802 395 1054 438 consulibus.
1117 396 1168 438 In
1196 412 1280 453 qua
1310 412 1529 454 oppugna-

134 456 248 498 tione
284 469 417 511 quum
456 453 670 510 neglectos
705 453 757 494 ab
793 469 879 495 una
912 462 1030 510 parte
1069 468 1212 495 muros
1247 454 1333 496 duo
1369 455 1528 496 tribuni

133 521 290 554 temere
325 526 422 553 cum
458 511 699 553 cohortibus
734 511 819 552 suis
854 511 1113 568 irrupissent,
1146 520 1189 553 et
1220 511 1272 553 ab
1306 512 1528 568 oppidanis

130 569 312 627 graviter
341 568 628 618 caederentur,
661 583 685 609 a
717 567 914 624 Scipione
948 569 1149 610 Africano
1179 568 1370 625 expliciti
1400 579 1524 611 sunt:

187 641 208 667 r
227 641 354 683 quem
381 635 424 668 et
451 625 667 668 castellum
691 625 994 676 Romanorum,
1017 626 1132 682 quod
1159 636 1284 668 nocte
1309 642 1528 683 expugna-

130 641 245 734 ἔξω,
278 684 423 741 paucis
455 683 668 740 equitibus
700 683 953 733 iuvantibus,
985 683 1208 725 liberatum
1239 692 1327 725 est:
1372 693 1527 726 castro-

130 756 322 798 rumque,
360 756 468 798 quae
508 739 891 796 Carthaginienses,
928 741 1124 783 omnibus
1163 741 1295 798 copiis
1334 742 1387 783 ab
1422 742 1526 784 urbe

130 799 287 856 pariter
302 799 469 856 egressi,
487 798 799 854 oppugnabant,
816 798 1085 840 liberatorum
1103 799 1137 840 is
1153 799 1241 855 ipse
1258 799 1527 855 praecipuam

130 856 306 913 gloriam
346 856 452 898 tulit.
516 855 751 904 Praeterea,
789 870 920 911 quum
962 856 1013 898 ab
1054 856 1170 897 irrita
1209 857 1524 912 oppugnatione

134 912 403 970 Carthaginis
433 913 579 955 consul
609 912 735 967 (alter
764 913 878 954 enim
906 913 1087 954 Romam
1119 913 1172 954 ad
1203 914 1372 955 comitia
1401 914 1526 970 ierat)

130 971 364 1012 exercitum
392 971 566 1012 duceret
593 970 789 1011 adversus
818 969 1141 1020 Hasdrubalem,
1171 971 1243 1027 qui
1272 985 1369 1012 cum
1397 971 1527 1013 altera

130 1043 259 1070 manu
289 1028 482 1084 iniquum
514 1027 665 1068 saltum
695 1027 920 1077 insederat,
946 1028 1075 1069 suasit
1103 1028 1240 1084 primo
1270 1028 1444 1078 consuli,
1470 1043 1525 1070 ne

130 1094 215 1127 tam
247 1085 395 1140 iniquo
426 1084 519 1126 loco
549 1084 804 1141 confligeret.
868 1083 1017 1126 Victus
1042 1085 1197 1126 deinde
1230 1085 1524 1141 complurium,

129 1142 203 1198 qui
231 1151 273 1183 et
299 1141 548 1198 prudentiae
578 1141 667 1182 eius
697 1150 741 1182 et
771 1141 915 1182 virtuti
946 1141 1205 1192 invidebant,
1228 1143 1459 1192 sententiis,
1482 1152 1525 1184 et

127 1199 140 1240 i
173 1214 216 1240 se
256 1199 408 1240 saltum
449 1199 660 1254 ingressus
695 1206 782 1239 est:
831 1213 1063 1254 quumque,
1100 1199 1209 1240 sicut
1243 1199 1523 1255 praedixerat,

127 1214 243 1298 fiisus
257 1255 509 1312 fugatusque
531 1265 639 1297 esset
658 1255 876 1297 Romanus
898 1257 1119 1305 exercitus,
1138 1265 1181 1297 et
1201 1255 1310 1298 duae
1331 1256 1525 1298 cohortes

127 1314 180 1355 ab
214 1313 334 1355 hoste
375 1313 680 1363 obsiderentur,
717 1328 814 1354 cum
855 1313 1019 1369 exiguis
1058 1314 1250 1370 equitum
1291 1315 1440 1356 turmis
1479 1315 1524 1355 in

127 1370 278 1413 saltum
299 1385 500 1420 reversus,
519 1370 710 1412 liberavit
731 1385 812 1420 eaS,
831 1379 874 1412 et
896 1371 1128 1412 incolumes
1148 1371 1329 1413 reduxit.
1381 1371 1523 1420 Quam

126 1428 324 1470 virtutem
358 1429 448 1470 eius
480 1437 523 1469 et
559 1427 681 1478 Cato,
716 1428 779 1469 vir
810 1428 1078 1485 promptioris
1111 1428 1164 1470 ad
1196 1429 1523 1485 vituperandum

97 1497 104 1504 ·
127 1485 310 1542 linguae,
333 1486 377 1526 in
405 1494 553 1527 senatu
577 1486 636 1526 sic
664 1495 909 1542 prosecutus
937 1495 1013 1535 est,
1036 1495 1083 1527 ut
1104 1486 1277 1536 diceret,
1303 1486 1522 1543 Reliquos,

128 1543 202 1599 qui
234 1543 279 1583 in
311 1542 456 1584 Africa
488 1542 728 1593 militarent,
761 1543 929 1584 umbras
960 1542 1154 1593 militare,
1191 1543 1433 1600 Scipionem
1463 1545 1525 1585 vi-

127 1615 253 1657 gere:
306 1609 350 1641 et
393 1599 574 1656 populus
621 1599 839 1641 Romanus
885 1615 936 1641 eo
981 1600 1120 1641 favore
1172 1601 1430 1657 complexuS,
1475 1610 1524 1643 ut

128 1657 307 1699 comitiis
339 1657 543 1713 plurimae
577 1672 674 1698 eum
709 1657 839 1697 tribus
871 1657 1087 1698 consulem
1120 1658 1363 1708 scriberent,
1390 1673 1523 1714 quum

128 1714 208 1756 hoc
242 1729 318 1770 per
351 1723 529 1756 aetatem
567 1729 653 1755 non
689 1713 845 1755 liceret.
911 1714 1058 1762 Quum
1094 1713 1144 1755 L.
1171 1715 1414 1756 Scribonius
1451 1716 1524 1756 tri-

127 1772 266 1813 bunus
291 1771 424 1828 plebis
448 1771 706 1827 rogationem
763 1770 895 1812 romul
928 1780 1046 1820 asset,
1070 1781 1117 1812 ut
1138 1771 1345 1822 Lusitani,
1368 1772 1454 1828 qui,
1478 1773 1523 1814 in

128 1829 256 1870 fidem
287 1829 431 1885 populi
463 1828 645 1869 Romani
671 1786 818 1878 degiti,
846 1844 869 1869 a
899 1787 989 1870 {en
1012 1828 1149 1870 Galba
1179 1829 1222 1870 in
1247 1828 1430 1871 Galliam
1452 1846 1523 1871 ve-

126 1887 298 1936 nissent,
341 1888 384 1927 in
425 1885 660 1927 libertatem
700 1886 1033 1935 restituerentur,
1076 1885 1138 1927 M.
1169 1886 1280 1928 Cato
1320 1887 1521 1929 acerrime

126 1944 266 1985 suasit.
330 1943 479 1984 Exstat
506 1943 638 1984 oratio
666 1943 710 1983 in
734 1943 973 1984 Annalibus
997 1943 1088 1984 eius
1112 1943 1282 1985 inclusa.
1349 1944 1402 1993 Q.
1423 1944 1523 1986 Ful-

125 2001 216 2042 vius
239 1999 446 2050 Nobilior,
469 2010 512 2042 et
532 2015 656 2056 saepe
677 2000 729 2041 ab
750 2016 801 2041 eo
828 2000 870 2041 in
895 2010 1044 2042 senatu
1065 2000 1280 2051 laceratus,
1303 2002 1523 2058 respondit

125 2073 201 2115 pro
225 2057 372 2100 Galba„
436 2057 531 2114 Ipse
553 2073 723 2114 quoque
749 2057 899 2108 Galba,
917 2073 1049 2114 quum
1071 2073 1113 2099 se
1136 2058 1323 2100 damnari
1347 2059 1520 2110 videret,

125 2115 369 2172 complexus
389 2115 495 2157 duos
517 2115 625 2157 filios
650 2123 942 2172 praetextatos,
966 2124 1008 2157 et
1036 2114 1213 2172 Sulpicii
1237 2116 1350 2157 Galli
1373 2116 1520 2167 filium,

125 2173 244 2216 cuius
276 2182 389 2215 tutor
421 2182 522 2223 erat,
557 2174 615 2214 ita
649 2173 940 2214 miserabiliter
974 2188 1050 2229 pro
1086 2188 1129 2215 se
1166 2173 1330 2215 locutus
1366 2183 1440 2224 est,
1475 2185 1522 2216 ut

126 2231 285 2286 rogatio
312 2231 613 2287 antiquaretur.
678 2230 858 2272 Exstant
889 2239 973 2272 tres
1007 2231 1216 2272 orationes
1251 2232 1366 2273 eius:
1412 2232 1520 2274 duae

126 2287 322 2330 adversus
358 2288 565 2329 Libonem
603 2288 819 2330 tribunum
857 2288 990 2344 plebis
1031 2289 1376 2346 rogationemque
1417 2290 1520 2340 eius,

125 2344 291 2387 habitae
312 2345 365 2387 de
388 2345 624 2388 Lusitanis:
650 2361 735 2387 una
755 2355 902 2388 contra
922 2345 972 2387 L.
992 2345 1239 2387 Cornelium
1265 2346 1519 2403 Cethegum,

126 2403 171 2444 in
211 2418 295 2459 qua
335 2402 562 2445 Lusitanos
611 2412 783 2460 propter
824 2418 912 2444 sese
956 2412 1090 2445 castra
1132 2403 1335 2445 habentes
1381 2420 1522 2447 caesos

125 2459 289 2510 fatetur,
312 2461 427 2517 quod
448 2471 709 2517 compertum
734 2461 939 2510 habuerit,
962 2476 1074 2517 equo
1099 2471 1225 2517 atque
1252 2461 1423 2504 homine
1445 2478 1521 2504 suo

125 2517 207 2559 ritu
237 2517 473 2568 immolatis,
496 2534 571 2575 per
600 2518 781 2575 speciem
815 2519 928 2574 pacis
955 2519 1108 2560 adoriri
1136 2520 1370 2560 exercitum
1398 2535 1520 2561 suum

126 2574 170 2615 in
211 2575 352 2617 animo
396 2575 602 2618 habuisse.
681 2576 915 2617 Andriscus
955 2576 1142 2632 quidam,
1185 2577 1355 2619 ultimae
1400 2578 1522 2619 sortis

126 2631 266 2682 homo,
288 2633 430 2675 Persei
452 2634 561 2690 regis
585 2649 628 2675 se
651 2633 784 2674 fllium
806 2633 956 2682 ferens,
979 2643 1021 2674 et
1043 2643 1204 2675 mutato
1226 2635 1397 2676 nomine
1421 2635 1522 2676 Phi-

127 2687 264 2754 lippus
285 2700 466 2741 vocatus,
489 2706 621 2748 quum
654 2691 705 2732 ab
734 2692 836 2733 urbe
869 2691 1074 2740 Romana,
1097 2707 1182 2747 quo
1215 2691 1331 2733 illum
1364 2693 1522 2734 Deme-

128 2754 242 2796 trius,
268 2748 412 2804 Syriae
434 2763 521 2798 rex,
545 2749 598 2790 ob
630 2749 709 2790 hoc
741 2749 878 2805 ipsum
911 2748 1179 2790 mendacium
1210 2750 1390 2799 miserat,
1414 2750 1520 2791 claun

127 2803 389 2860 profugisset,
413 2805 555 2847 multis
583 2806 635 2847 ad
657 2806 799 2847 falsam
823 2807 913 2847 cius
933 2806 1130 2855 fabulam,
1155 2806 1270 2848 velut
1291 2807 1343 2848 ad
1366 2822 1519 2855 veram,

127 2861 386 2912 coeuntibus,
407 2872 622 2905 contracto
649 2864 852 2913 exercitu,
875 2872 1004 2905 totam
1028 2863 1325 2905 Macedoniam
1357 2875 1428 2905 aut
1450 2880 1521 2904 vo-

129 2914 287 2959 luntate
309 2918 597 2970 incolentium,
619 2931 690 2962 aut
716 2921 840 2963 armis
861 2921 1093 2977 occupavit.
1158 2921 1356 2963 Fabulam
1380 2931 1519 2962 autem
