1888 3194
378 185 460 224 512
509 207 511 209 »
659 179 1010 224 VARIETAS
1055 179 1491 225 LECTIONUM

369 270 621 327 perior-ibus
642 270 748 311 locis
767 270 948 311 instaret
967 269 1116 320 hostis,
1135 269 1330 325 poterat]
1353 276 1484 326 atque
1503 270 1632 311 etiam
1646 270 1770 325 peri-

379 327 475 375 culo
491 346 506 375 ,·
545 328 624 368 sed
661 327 826 368 cedenti
866 342 922 368 ex
960 327 1255 382 superioribus
1295 328 1402 368 locis
1438 328 1599 368 instare
1633 326 1769 368 hostis

370 389 561 439 poterat.
581 408 638 413 —
656 384 763 438 Cap.
787 384 826 424 5.
856 384 909 424 In
937 398 1022 432 eos,
1046 390 1287 424 transverso
1315 384 1600 425 incumbentes
1626 382 1768 439 tigno]

378 442 423 482 in
453 455 526 482 eos
558 441 791 482 transversi
822 440 1108 481 incumbentes
1139 440 1261 495 tigni.
1279 440 1464 481 ——Ibid.
1497 439 1766 496 elephantus]

378 498 566 554 elephas.
581 522 638 527 —
653 497 764 538 Ibid.
781 497 852 538 Ibi
869 497 982 538 vallo
999 497 1141 552 campi
1158 512 1323 552 quoque
1339 495 1531 552 partem]
1554 498 1587 539 ii
1603 497 1768 546 vallem,

379 555 520 610 campi
550 569 717 610 quoque
740 560 926 609 partem.
945 553 1122 606 ——Cap.
1156 556 1194 593 (5.
1229 569 1310 607 per
1343 554 1435 594 alia
1465 553 1656 609 aliaque]
1686 568 1772 608 per

378 611 471 652 alia
497 617 626 666 atque
649 611 754 651 alia.
770 609 954 650 ——Ibid.
979 610 1085 649 duos
1113 624 1169 650 ex
1197 610 1360 659 amicis,
1383 610 1550 651 Pellam
1576 611 1769 659 alterum,

379 668 451 708 ubi
463 668 652 722 pecunia
674 667 871 721 deposita
891 671 1000 714 erat,
1022 666 1202 706 alterum
1231 681 1364 720 usque
1388 667 1448 706 ad
1471 666 1690 715 Parthum,
1715 680 1771 707 ex

371 724 615 778 praesidiis
654 722 845 774 revocat]
889 722 1049 762 duobus
1089 736 1144 762 ex
1185 723 1336 763 amicis
1371 722 1552 772 Pellam,
1589 724 1772 764 alterum

379 779 743 835 Asclepiodotum,
771 779 844 819 ubi
865 778 1056 834 pecunia
1088 779 1285 832 deposita
1315 784 1423 827 erat,
1452 794 1507 819 ex
1526 780 1772 834 praesidiis

379 842 566 877 revocat.
584 859 640 864 —
658 834 766 876 Ibid.
791 834 950 890 raptis]
972 835 1142 889 raptim.
1161 859 1220 865 —-
1235 834 1346 875 Ibid.
1375 836 1542 876 incolas
1570 836 1661 876 eius
1687 836 1772 877 loci

379 893 625 948 demigrare
647 892 845 946 Pydnam
874 891 1008 947 cogit]
1038 892 1080 932 in
1107 892 1284 932 classem
1313 892 1541 946 congestis,
1564 893 1681 933 ocius
1702 893 1774 934 de-

379 949 572 1005 migrare
604 949 802 1004 Pydnam
838 948 1164 1004 cogit—Ibid.
1193 949 1438 1003 praesidiis
1473 947 1610 1004 regis]
1637 963 1772 1004 prae-

379 1006 504 1047 sidiis
535 1007 666 1061 regis.
685 1031 742 1036 -—
758 1005 870 1046 Ibid.
902 1006 962 1046 ad
991 1005 1229 1060 Condylon]
1268 1004 1503 1061 Condylon.
1522 1031 1580 1037 —
1595 1005 1708 1047 Ibid.
1732 1012 1773 1047 et

379 1063 535 1118 ipsum]
578 1064 729 1118 ipsum.
746 1086 803 1092 ——
819 1063 925 1116 Cap.
970 1063 1008 1103 7.
1052 1063 1095 1102 in
1135 1062 1308 1114 Pieria]
1343 1068 1566 1117 paratam.
1585 1084 1642 1091 —
1657 1062 1769 1104 Ibid.

379 1119 600 1175 Agassas]
634 1119 864 1174 Agassam.
881 1142 939 1149 —-
955 1119 1067 1160 Ibid.
1102 1119 1290 1172 Philam]
1326 1119 1498 1160 Philan.
1516 1143 1572 1149 -—
1588 1118 1695 1174 Cap.
1729 1120 1768 1160 8.

380 1176 571 1230 Philam]
610 1177 781 1217 Philan.
801 1176 978 1216 *Ibid.
1017 1175 1059 1216 in
1093 1176 1264 1229 Pieria]
1300 1176 1566 1232 imperatori.
1584 1176 1768 1225 —Ibid.

380 1234 492 1274 ultro
525 1233 802 1288 offerentibus
836 1247 930 1273 sese
964 1231 1107 1286 rebus]
1151 1238 1195 1273 ut
1232 1233 1319 1287 qui,
1356 1233 1646 1287 olgferentibus
1677 1248 1772 1275 sese

379 1290 517 1330 rebus.
534 1313 589 1320 —-
604 1290 621 1329 I
630 1290 714 1329 bid.
750 1289 937 1330 emisisse
964 1290 1016 1330 de
1043 1289 1256 1344 manibus]
1286 1290 1497 1330 omisisset
1518 1304 1541 1330 e
1561 1289 1769 1331 manibus.

378 1370 436 1376 —
449 1346 559 1387 Ibid.
577 1352 674 1387 tunc
695 1345 880 1399 tandem]
903 1361 1012 1386 nunc
1029 1346 1210 1387 tandem.
1226 1371 1282 1377 -—-
1298 1345 1408 1386 Ibid.
1422 1345 1645 1402 gurgites]
1664 1361 1772 1402 gur-

374 1403 553 1458 gitibus.
574 1426 626 1432 —-
645 1403 754 1443 Ibid.
792 1409 833 1443 et
873 1403 1007 1457 infra,
1034 1408 1264 1457 prorutam
1304 1402 1346 1442 in
1386 1417 1505 1444 mare
1544 1403 1771 1444 evolvendo

378 1460 555 1514 terram]
585 1466 625 1500 et
652 1459 769 1514 infra
793 1465 1012 1514 prorupta
1045 1459 1087 1499 in
1119 1473 1238 1500 mare
1267 1459 1493 1500 evolvendo
1523 1465 1772 1501 terram.—

380 1516 486 1571 Cap.
510 1517 550 1557 9.
573 1516 687 1570 nam]
720 1531 809 1557 nec.
829 1515 1012 1556 ——lbid.
1040 1516 1402 1570 apparationibus
1431 1516 1561 1570 ludis]
1593 1516 1772 1571 adpari-

378 1574 542 1614 toribus
573 1573 675 1613 ludi.
693 1572 878 1614 —Ibid.
913 1571 1213 1627 elegantioris]
1246 1572 1525 1626 elegantioris
1555 1573 1767 1614 exercitii.

377 1629 558 1671 —Ibid.
593 1629 714 1670 Huic
748 1630 915 1670 testudo
949 1629 1166 1669 simillima
1201 1629 1463 1670 humillimae
1497 1630 1621 1684 parti
1660 1630 1771 1670 muri

376 1686 566 1741 admota]
590 1686 713 1727 IIuic
732 1686 935 1727 testudini
953 1686 1233 1726 simillissima
1250 1686 1372 1741 parti
1388 1686 1495 1727 muri
1516 1688 1701 1728 admota.
1714 1710 1772 1715 ——

377 1743 490 1785 Ibid.
516 1743 766 1799 praetenta]
795 1741 1237 1798 praetecta—Ibid.
1268 1742 1505 1797 deversari]
1540 1743 1768 1785 diversari.

377 1824 434 1830 -—-
452 1800 559 1855 Cap.
587 1801 649 1841 10.
677 1815 699 1841 e
720 1799 910 1856 pavore]
943 1815 970 1841 a
993 1799 1375 1855 pavore—Ibid.
1413 1800 1456 1840 in
1489 1799 1692 1853 errorem]
1727 1800 1771 1840 in

378 1872 554 1898 rem.—-
575 1856 685 1898 Ibid.
720 1856 928 1910 Aeneam]
965 1855 1365 1898 Aeniam—Ibid.
1400 1856 1474 1911 qui
1511 1857 1554 1897 in
1589 1856 1770 1898 navibus

377 1913 519 1967 erant]
542 1920 584 1955 et
606 1914 680 1969 qui
700 1914 742 1954 in
764 1914 944 1955 navibus
964 1919 1101 1954 erant.
1116 1937 1173 1942 -
1187 1913 1295 1968 Cap.
1319 1914 1382 1954 11.
1402 1913 1586 1954 inclutus
1605 1913 1768 1968 magni-

377 1970 540 2024 tudine]
570 1971 613 2012 in
635 1972 766 2012 altum
788 1970 1096 2026 magnitudine.
1112 1994 1170 1999 -—
1187 1970 1298 2011 Ibid.
1323 1970 1526 2012 Diversis
1549 1967 1767 2024 partibus]

378 2027 551 2068 Divisis
572 2028 793 2083 partihuS.
809 2027 989 2068 ——Ibid.
1025 2026 1324 2081 irrumperent]
1357 2027 1568 2081 inrupere.
1588 2049 1642 2055 —-
1661 2025 1766 2080 Cap.

381 2085 443 2125 12.
482 2084 698 2139 deprensi]
739 2084 1004 2138 deprehensi.
1020 2108 1076 2112 -—
1091 2083 1194 2137 Cap.
1233 2084 1297 2124 13.
1345 2083 1500 2124 Oreum
1540 2082 1766 2136 Euboeae]

382 2140 538 2182 Oreum
577 2140 1001 2193 Boeotiae.-—Cap.
1041 2140 1105 2180 14.
1140 2139 1409 2194 Pamphylii]
1448 2139 1769 2194 Pamphyli.—

377 2196 489 2238 Ibid.
506 2197 734 2251 ponerent]
750 2212 882 2251 posse
903 2197 977 2237 uti.
997 2219 1053 2224 --
1070 2196 1177 2249 Cap.
1207 2197 1269 2235 15.
1288 2201 1459 2251 gentem
1487 2195 1636 2249 sciret]
1661 2210 1769 2251 gen-

377 2258 459 2294 tem
480 2252 505 2277 *
527 2254 696 2294 scirent.
714 2277 772 2282 —
789 2253 900 2292 Ibid.
929 2252 1057 2303 nunc]
1089 2252 1251 2292 nuncio.
1269 2275 1326 2280 ——
1342 2251 1453 2294 Ibid.
1479 2252 1766 2306 Rhodiorum]

377 2309 583 2350 Deorum.
602 2332 659 2338 ———
675 2309 786 2349 Ibid.
811 2308 940 2349 Itane
960 2309 1127 2349 tandem
1141 2311 1160 2348 l
1219 2308 1283 2349 Ni
1299 2314 1511 2362 pareatur
1531 2307 1606 2363 iis]
1640 2309 1769 2350 Itane

377 2366 542 2405 tandem
575 2365 633 2405 iis
667 2370 890 2419 pareatur.
906 2364 1083 2418 ——Cap.
1127 2365 1191 2405 16.
1233 2365 1422 2419 quotidie
1462 2364 1528 2406 bis
1567 2364 1766 2420 indicem]

377 2422 570 2476 quotidie
601 2420 666 2461 bis
696 2421 740 2461 in
771 2420 1049 2462 dia—Ibid.
1077 2421 1329 2476 transfugit,
1352 2427 1395 2462 et
1421 2421 1596 2476 magno]
1628 2427 1764 2463 trans-

362 2478 520 2533 fugit:
547 2491 715 2532 magno.
731 2477 905 2530 -Cap.
930 2478 993 2517 17.
1017 2483 1171 2532 quarto
1193 2476 1371 2530 decimo]
1394 2478 1574 2532 septimo
1591 2477 1764 2519 decimo.

376 2534 558 2575 ——--Ibid.
596 2532 820 2587 evenisset]
859 2533 1252 2587 venisset—Cap.
1292 2534 1356 2574 18.
1384 2532 1537 2588 petiit]
1567 2533 1767 2588 petit.—

376 2590 488 2631 Ibid.
511 2590 639 2630 simul
656 2590 698 2629 in
728 2590 903 2630 Veienti.
945 2590 1028 2630 Bis
1047 2590 1293 2630 novendiale
1309 2590 1661 2644 sacrumfactum
1681 2589 1764 2644 est]

377 2647 505 2688 simul
534 2647 578 2687 in
622 2645 881 2688 Veientibus.
920 2647 1183 2687 novemdiale
1213 2660 1381 2686 sacrum
1402 2645 1578 2700 sactum
1614 2651 1767 2687 est.—

378 2703 484 2756 Cap.
523 2703 587 2742 19.
620 2701 821 2755 reiectos]
855 2702 1026 2743 eiectos.
1045 2702 1226 2742 -Ibid.
1256 2702 1404 2757 pridie
1433 2702 1540 2742 Idus
1566 2701 1765 2757 Apriles]

370 2759 518 2814 pridie
548 2758 654 2799 Idus
684 2758 1066 2813 ApriliS.—Ibi(l.
1103 2757 1240 2799 Primi
1272 2756 1578 2812 Alexandrini]
1620 2758 1766 2799 Sacri·

362 2816 475 2871 ficio
497 2816 579 2856 rite
594 2814 808 2871 perfecto,
824 2815 960 2870 primi
981 2814 1286 2856 Alexandrini.
1303 2838 1360 2845 —
1377 2813 1484 2868 Cap.
1507 2814 1574 2855 20.
1599 2820 1658 2864 ut,
1679 2814 1766 2856 nisi

376 2886 524 2927 vesper
551 2870 678 2924 esset]
712 2872 787 2920 uti,
809 2871 894 2912 nisi
922 2885 1071 2925 vesper
1097 2877 1221 2912 esset.
1239 2894 1294 2899 ——
1311 2870 1421 2912 Ibid.
1445 2885 1501 2911 ex
1521 2870 1762 2926 insperato]
