1888 3194
349 174 1045 220 MANUSCRIPTORUM
1090 176 1280 218 LIVII.
1429 184 1514 222 429

115 280 215 308 ceus
254 274 331 315 est,
372 264 519 306 maiori
558 263 703 318 forma,
746 263 820 319 qui
865 263 910 304 in
956 263 1256 306 bibliothecam
1301 267 1512 321 publicam

115 322 374 364 Academiae
417 319 839 377 Lugduno-Batavae
879 320 1018 362 illatus
1057 331 1299 363 recensetur
1338 324 1382 363 in
1423 325 1514 365 eius

117 379 323 435 Catalogo
361 394 401 434 p.
435 381 531 420 369.
566 393 683 419 num.
721 378 826 419 XX.
890 377 942 418 In
982 378 1063 419 hoc
1104 379 1248 420 codiee
1290 380 1343 421 ad
1383 380 1513 422 finem

114 436 336 478 cuiuslibet
356 435 452 477 libri
470 435 652 484 Liviani,
670 434 757 476 solo
775 443 940 476 tantum
957 435 1106 477 ultimo
1123 446 1314 492 excepto,
1333 438 1513 493 ascripta

113 503 202 536 erat
222 492 400 534 formula
420 493 465 533 in
485 491 576 533 aliis
601 491 817 534 nonnullis
838 492 1055 534 codicibus
1076 494 1211 543 obvia,
1244 495 1514 536 Victorianus

122 551 166 592 V.
185 552 230 593 S.
259 549 325 605 (in
343 549 601 606 ‘quibusdam
630 549 732 590 locis
758 564 835 605 pro
876 551 918 591 V.
943 552 988 592 S.
1022 550 1240 607 legebatur
1270 567 1408 600 mmm
1440 552 1514 592 sed

112 606 427 649 emendandum
448 607 616 648 videtur
640 607 684 648 V.
701 607 773 661 C.)
794 609 1067 649 emendabant
1087 610 1250 650 domnis
1269 611 1511 665 Symaclris.

114 663 328 721 Septimus
347 679 448 706 vero
469 664 574 706 liber
594 664 672 705 hac
690 663 870 705 formula
885 664 1180 706 claudebatur:
1217 667 1513 707 Emendabam

110 723 215 764 Nic.
245 721 347 778 (vox
380 721 451 763 illa
477 723 580 763 Nic.
611 721 793 762 delenda
825 722 908 776 est)
939 724 1232 764 Nicomachus
1271 724 1361 764 Titi
1393 725 1514 765 Livii

112 779 308 847 terpraff
331 789 439 846 (lege
471 796 537 831 ter
560 791 730 845 praef.)
765 791 883 831 urbis
917 793 1037 846 apud
1067 792 1283 840 IIennam,
1317 793 1373 833 ab
1409 793 1514 833 urbe

112 849 301 889 condita.
374 848 646 888 Victorianus
695 848 741 889 V.
793 857 831 888 e.
882 848 994 902 (lege
1046 849 1088 889 Γ.
1129 852 1194 900 C.)
1240 850 1513 890 ememlabam

112 906 276 946 domni-s·
306 905 547 960 ›Symac·leis.
611 903 772 944 Eadem
794 905 933 953 verba,
957 904 1030 945 sed
1052 904 1176 960 longe
1210 905 1512 955 emendatiora,

111 961 259 1002 itidem
302 961 416 1002 Livii
458 960 563 1002 libro
603 961 782 1016 septimo
823 962 866 1001 in
911 962 1142 1003 Codieibus
1185 962 1428 1004 Florentino
1470 973 1512 1004 et

112 1018 317 1060 Leidensi
345 1018 482 1074 primo
509 1033 552 1059 re
586 1018 696 1067 eriri,
729 1033 853 1074 supra
881 1019 1055 1060 notavi.¹
1101 1019 1257 1061 Iisdem
1288 1021 1414 1061 etiam
1443 1036 1513 1061 eo-

110 1074 275 1116 dicibus
307 1075 493 1116 bonitate
524 1033 753 1131 pfurimtlm
785 1076 910 1116 cedit.
975 1075 1180 1117 Vossiano
1215 1077 1294 1118 hoe
1325 1078 1512 1119 secundo

110 1131 145 1173 I.
176 1131 242 1173 Fr.
273 1131 514 1173 Gronovius
546 1132 720 1187 quidem
756 1147 853 1173 usus
886 1142 960 1181 est,
995 1133 1069 1174 scd
1102 1133 1274 1175 demum
1308 1150 1404 1175 eum
1439 1136 1514 1175 ad-

109 1189 254 1230 hibere
288 1189 428 1245 eoepit
460 1188 514 1229 ad
549 1189 661 1230 Livii
695 1189 764 1230 lib.
791 1189 842 1230 V.
874 1205 963 1245 cap.
997 1189 1075 1231 ΙΙΙ.
1108 1192 1141 1244 ξ.
1178 1195 1216 1233 5.
1255 1201 1299 1232 ut
1337 1192 1424 1247 ipse
1459 1192 1512 1233 ad

109 1245 228 1288 illum
249 1245 389 1288 locum
410 1246 585 1288 notavit.

251 1617 323 1657 Ad
340 1616 511 1657 Deeoda
533 1618 690 1657 tertiam
711 1618 772 1657 Itis
793 1618 990 1658 codicibus
1011 1618 1135 1658 Mvtis
1157 1634 1251 1659 usus
1271 1635 1370 1659 sam.

223 1749 660 1792 EROLINENSIS
699 1758 760 1790 est
797 1749 960 1790 Mstum
998 1750 1040 1790 in
1078 1751 1343 1801 membranum,
1382 1751 1513 1794 forma

118 1854 128 1856 ἴ
250 1807 409 1856 maiori,
444 1806 560 1848 (uod
594 1806 674 1847 Vir
710 1807 908 1862 Optimus
942 1806 964 1848 ὁ
996 1807 1235 1863 μακαρίτης
1272 1808 1515 1851 Maturinus

114 1863 337 1921 Veyssiere
370 1864 410 1905 la
445 1823 581 1905 &roze
616 1879 670 1905 ex
703 1864 957 1905 bibliotheca
990 1865 1103 1920 regia
1139 1865 1415 1915 Berolinensi‚
1446 1868 1515 1907 cui

112 1936 278 1962 summa
310 1936 407 1962 cum
442 1920 566 1962 laude
600 1921 793 1977 praefuit,
826 1921 1007 1962 officiose
1040 1923 1337 1979 th)1·0111ptuxn
1373 1924 1516 1965 usibus

113 1979 217 2020 meis
244 1978 431 2019 indulsit.
497 1978 597 2019 Erat
628 1988 771 2019 autem
803 1979 938 2019 codex
967 1979 1108 2035 paullo
1139 1981 1359 2030 recentior,
1387 1997 1515 2037 quem

112 2035 244 2077 ferme
266 2050 362 2077 cum
384 2035 529 2091 priscis
551 2035 808 2077 editionibus
829 2037 1054 2077 convenire
1078 2037 1353 2093 deprehendi.

171 2092 228 2135 II.
259 2093 672 2134 CANTABmmENffls
693 2103 755 2134 cst
777 2093 911 2134 codex
930 2095 1287 2145 membranaceus,
1307 2096 1379 2151 qui
1401 2096 1516 2137 Can-

116 2151 316 2208 tabrigiae
351 2151 395 2191 in
428 2150 683 2192 bibliotheca
717 2150 938 2192 Trinitatis
974 2162 1219 2194 asservatur.
1293 2152 1404 2194 Eum
1439 2153 1518 2194 Vir

115 2207 381 2250 Clarissimus
418 2207 500 2249 Iac.
537 2208 792 2258 Gronovius,
830 2224 961 2264 quum
1003 2208 1302 2266 Cantabrigiae
1341 2211 1517 2252 hiberna

167 2274 268 2315 eret,
286 2265 512 2321 diligenter
532 2266 729 2315 excussit,
747 2281 794 2306 ae
817 2275 992 2308 testatus
1009 2277 1084 2316 est,
1101 2283 1144 2308 se
1168 2283 1253 2309 non
1274 2269 1514 2310 meminisse

113 2280 242 2365 :iinm
264 2323 437 2380 propius
459 2324 511 2364 ab
540 2323 770 2380 archetypo
792 2323 1012 2366 Puteaneo
1033 2325 1247 2367 dissidere.
1313 2325 1516 2367 Eiusdem

114 2390 326 2438 excerpta,
349 2380 401 2421 ad
431 2395 544 2422 oram
574 2381 746 2422 ultimae
776 2381 972 2423 editionis
997 2382 1294 2424 Gronovianae
1324 2384 1516 2440 ascripta,

114 2437 296 2495 benigne
319 2438 422 2478 mihi
445 2438 598 2480 obtulit
619 2439 681 2479 vir
704 2438 873 2480 Clariss.
899 2439 1064 2496 Ioseph.
1092 2440 1258 2482 Wasse:
1296 2441 1408 2482 unde
1436 2452 1518 2483 tes-

115 2495 354 2546 timonium,
377 2495 493 2552 quod
518 2495 759 2538 Gronovius
787 2497 826 2537 ei
851 2496 974 2547 dixit,
997 2498 1272 2548 verissimum,
1295 2509 1337 2540 et
1365 2499 1517 2540 librum

116 2552 230 2595 hunc
252 2570 276 2595 o
310 2553 435 2595 timae
458 2563 582 2595 notae
605 2569 693 2595 csse
716 2554 867 2610 passim
890 2565 1090 2611 expertus
1111 2571 1215 2597 sum.

175 2611 256 2653 111.
307 2611 605 2653 “Lonswrmtrs
639 2621 702 2653 est
742 2611 878 2653 codex
916 2613 1272 2663 membranaceus,
1311 2614 1384 2679 qui
1424 2614 1520 2655 Flo-

118 2668 277 2709 tentiae
306 2668 359 2709 ad
387 2668 443 2711 D.
467 2669 686 2711 Laurentii
716 2669 758 2710 in
790 2669 1044 2711 bibliotheca
1075 2670 1337 2712 Serenissinn
1368 2671 1517 2727 Magni

121 2722 313 2767 Etruriae
349 2725 483 2768 Ducis
516 2736 652 2768 exstat
686 2726 830 2783 pluteo
866 2728 1037 2770 LXIII.
1072 2744 1186 2770 num.
1221 2733 1289 2770 20.
1327 2730 1517 2770 omnium

119 2779 246 2822 huius
275 2783 417 2839 partis,
456 2795 549 2840 post
579 2785 917 2840 antiquissimum
950 2795 992 2826 et
1025 2787 1331 2828 sanctissimum
1365 2787 1520 2827 Putea-

122 2852 263 2887 neum,
285 2854 310 2881 o
343 2840 482 2882 timus.
542 2841 682 2883 Huius
703 2842 860 2883 codicis
881 2842 1032 2884 librum
1056 2844 1236 2900 primum
1260 2854 1302 2884 et
1323 2844 1519 2899 exiguam

122 2906 283 2951 partem
336 2897 412 2938 ibri
448 2898 620 2939 secundi
659 2898 759 2940 olim
796 2899 966 2940 Gudius
1001 2900 1041 2941 in
1079 2900 1199 2942 Italia
1230 2900 1388 2954 degens
1424 2915 1520 2940 cuin
