1888 3194
529 197 655 239 LIB.
690 197 810 238 XLI.
853 197 1000 239 CAP.
1037 198 1119 256 [2.]
1499 206 1525 243 3

138 288 476 345 temporibusque
505 287 678 336 diversa,
705 287 763 328 ita
792 302 835 328 re
864 287 1101 338 coniuncta,
1127 289 1204 330 sub
1234 304 1320 331 uno
1350 300 1520 346 aspectu
1536 299 1580 332 U.
1597 300 1635 332 C.
1657 308 1730 341 574·

134 346 203 387 hic
228 360 382 401 ponere
404 344 537 394 libuit,
561 345 741 386 intuenti
774 345 996 386 imminens
1027 361 1125 387 mox
1149 346 1351 388 Romanis
1371 362 1395 388 a
1415 347 1519 389 Per-
1532 343 1572 375 Α·
1595 343 1634 376 C·
1658 345 1727 383 ¹73·

133 418 204 445 seo
234 402 402 451 bellum,
431 402 543 443 unde
575 402 740 442 initium
772 402 952 444 maxime
980 403 1195 445 crescendi
1214 419 1278 445 res
1302 404 1516 447 Romanae

133 475 291 517 cepere.
354 460 467 501 Illud
499 459 653 501 bellum
696 469 796 500 tunc
828 460 1034 516 coquebat
1070 461 1280 502 occultum
1310 461 1513 504 Perseus:

130 516 387 559 lacessebant
407 517 549 574 magis,
567 532 694 573 quam
715 518 978 568 exercebant,
997 519 1194 560 Romana
1209 533 1323 560 arma
1338 519 1517 576 Ligures

130 584 174 617 et
197 575 320 616 Galli.

191 631 249 689 [2.
284 632 345 674 M.
370 632 493 674 Iunio
523 631 668 682 Bruto,
697 633 752 674 A.
773 631 935 674 Manlio
962 632 1141 674 Vulsoni
1172 634 1411 676 consulibus
1441 634 1516 676 de-

100 699 266 732 2cretae
302 705 400 747 ergo
435 690 671 746 provinciae
711 699 820 739 sunt,
858 690 997 732 Gallia
1029 699 1072 731 et
1104 690 1306 747 Ligures:
1350 692 1514 735 Manlio

133 746 283 797 Gallia,
316 747 439 789 Iunio
470 747 646 802 Ligures
679 748 878 804 obtigere.
952 747 1230 798 Praetoribus,
1264 748 1327 791 M.
1351 749 1513 792 Titinio

132 804 275 847 Curvo
311 806 480 855 urbana,
514 805 579 846 Ti.
606 805 787 846 Claudio
825 804 987 847 Neroni
1022 807 1242 862 peregrina
1281 807 1512 849 iurisdictio

128 863 294 904 evenit:
330 863 377 905 P.
398 863 522 904 Aelio
544 863 692 919 Liguri
717 862 869 912 Sicilia,
893 863 942 904 T.
964 863 1148 905 Aebutio
1173 863 1283 906 Caro
1307 864 1510 915 Sardinia,

129 919 192 962 M.
212 920 373 962 Titinio
394 921 498 977 (duo
519 921 632 962 enim
655 920 717 962 M.
737 920 887 962 Titinii
907 930 1144 977 praeturam
1174 921 1254 964 hoc
1282 938 1392 964 anno
1419 938 1513 979 ges-

96 989 114 1021 3
127 979 292 1033 serunt)
309 977 515 1034 Hispania
530 978 709 1027 citerior,
727 978 777 1019 T.
795 978 971 1020 Fonteio
991 978 1189 1035 Capitoni
1207 979 1388 1022 ulterior.
1440 980 1514 1022 In-

127 1035 323 1077 cendium
345 1036 454 1077 circa
471 1036 606 1077 forum
623 1045 760 1076 ortum
783 1045 857 1085 est,
872 1051 957 1092 quo
973 1046 1016 1077 et
1035 1036 1215 1092 plurima
1234 1037 1380 1079 deusta
1400 1047 1510 1089 sunt,

126 1102 169 1135 et
191 1092 368 1135 Veneris
397 1093 522 1134 aedes
552 1093 641 1134 sine
672 1092 757 1134 ullo
779 1093 954 1149 vestigio
981 1103 1175 1143 cremata,
1198 1094 1352 1136 Vestae
1383 1111 1512 1151 pene-

127 1150 238 1192 tralis
266 1150 373 1206 ignis
403 1151 643 1192 exstinctus.
706 1149 850 1206 Virgo,
873 1150 992 1191 cuius
1021 1151 1210 1193 custodia
1229 1151 1375 1202 fuerat,
1398 1153 1513 1195 iussu

127 1206 189 1250 M.
213 1208 381 1249 Aemilii
402 1208 612 1265 pontificis
633 1208 804 1250 maximi
825 1208 954 1264 flagro
975 1223 1105 1258 caesa,
1127 1218 1170 1250 et
1190 1209 1512 1266 supplicationes

125 1265 179 1308 de
210 1280 323 1308 more
355 1266 519 1308 habitae
552 1275 660 1307 sunt.
723 1265 924 1307 Lustrum
959 1265 1039 1307 hoc
1072 1282 1182 1308 anno
1218 1283 1242 1308 a
1273 1268 1513 1310 censoribus

125 1322 191 1366 M.
215 1323 399 1366 Aemilio
435 1323 613 1380 Lepido,
649 1323 711 1365 M.
736 1323 883 1365 Fulvio
918 1323 1136 1366 Nobiliore
1177 1325 1393 1367 conditum
1435 1335 1508 1368 est.

128 1380 269 1423 Censa
297 1391 395 1423 sunt
421 1382 573 1423 civium
599 1382 735 1438 capita
759 1381 941 1423 ducenta
964 1382 1229 1439 septuaginta
1260 1383 1338 1425 tria
1367 1383 1509 1434 millia,

125 1438 308 1482 ducenta
327 1439 604 1496 quadraginta
625 1449 834 1496 quattuor.
897 1438 1049 1496 Legati
1078 1455 1102 1481 a
1132 1440 1287 1482 Perseo
1308 1440 1512 1483 Macedo-

124 1511 227 1538 num
248 1512 344 1554 rege
365 1507 584 1547 venerunt,
603 1497 872 1554 postulantes,
890 1506 937 1538 ut
957 1512 1032 1539 rex
1052 1498 1270 1554 sociusque
1292 1508 1335 1540 et
1355 1499 1512 1541 amicus

125 1569 151 1596 a
178 1564 327 1597 senatu
357 1555 646 1612 appellaretur,
675 1554 907 1611 foedusque
938 1570 1034 1597 cum
1067 1571 1130 1606 eo,
1153 1556 1269 1613 quod
1290 1572 1387 1598 cum
1408 1557 1512 1598 Phi-

125 1611 240 1669 lippo
260 1622 377 1669 patre
398 1613 488 1654 eius
508 1613 654 1662 fuerat,
676 1622 957 1654 renovaretur.
1022 1612 1249 1670 Suspectus
1269 1614 1510 1671 invisusque

126 1679 214 1711 erat
236 1669 438 1712 Romanis
459 1670 648 1720 Perseus,
679 1685 756 1712 nec
787 1670 1035 1712 dubitabant
1063 1671 1266 1728 plerique,
1289 1673 1392 1728 quin
1423 1672 1512 1714 bel-

94 1726 226 1777 4lum,
249 1743 274 1769 a
293 1727 491 1784 Philippo
512 1737 574 1769 tot
594 1742 668 1784 per
689 1742 820 1768 annos
840 1728 1012 1769 occultis
1033 1729 1216 1770 consiliis
1246 1730 1510 1780 instructum,

126 1785 198 1826 ubi
228 1785 409 1842 primum
437 1785 606 1826 daretur
626 1785 800 1834 occasio,
822 1785 1013 1841 viresque
1045 1786 1084 1827 ci
1114 1801 1212 1828 suae
1243 1787 1340 1828 satis
1369 1787 1513 1843 placu-

125 1842 266 1892 issent,
295 1842 482 1884 illaturus
509 1851 626 1883 esset.
690 1842 866 1891 Tamen,
899 1858 951 1883 ne
983 1843 1172 1898 quietum
1209 1853 1251 1886 et
1283 1845 1395 1900 pacis
1425 1854 1512 1886 stu-

125 1899 290 1941 diosum
320 1899 541 1949 lacessisse,
564 1898 758 1954 belloque
779 1914 944 1946 causam
971 1900 1047 1953 ipsi
1070 1900 1233 1942 dedisse
1255 1902 1510 1953 viderentur,

124 1956 331 2014 postulata
361 1957 399 1998 ei
433 1972 507 1998 sua
540 1965 845 1998 concesserunt.
909 1956 1099 2007 Perseus,
1131 1957 1211 1999 hoc
1244 1968 1416 2015 accepto
1447 1975 1512 2002 re-

124 2029 288 2072 sponso,
310 2014 521 2056 firmatum
543 2014 625 2055 iam
646 2014 818 2055 omnino
838 2014 917 2055 sibi
939 2029 1115 2071 regnum
1137 2015 1391 2067 existimans,
1412 2033 1437 2059 o
1469 2033 1513 2059 es

81 2080 87 2085 “
124 2071 237 2130 apud
267 2072 452 2114 Graecos
481 2087 625 2128 parare
653 2071 808 2113 statuit.
873 2071 1067 2129 Cupidus
1087 2088 1186 2129 ergo
1207 2033 1512 2131 comparandae

124 2144 269 2172 eorum
301 2130 522 2179 amicitiae,
555 2138 763 2187 quotquot
795 2129 901 2171 aeris
935 2130 1061 2172 alieni
1093 2146 1217 2173 causa
1248 2141 1320 2173 aut
1354 2132 1512 2175 iudicio

123 2188 392 2230 condemnati
413 2187 547 2230 solum
568 2196 790 2237 verterant,
812 2188 970 2244 quique
1001 2189 1055 2230 ob
1083 2188 1310 2231 maiestatis
1336 2191 1513 2233 crimina

125 2244 381 2288 Macedonia
409 2254 684 2295 excesserant,
707 2245 921 2287 universos
949 2246 992 2287 in
1018 2245 1315 2289 Macedoniam
1343 2263 1512 2290 revoca·-

94 2303 196 2354 svit,
217 2303 366 2346 edictis
390 2303 433 2344 in
455 2303 590 2345 insula
610 2303 733 2353 Delo,
757 2318 804 2345 ac
827 2303 1018 2360 Delphis,
1041 2314 1083 2346 et
1104 2304 1147 2345 in
1170 2305 1326 2362 templo
1349 2305 1510 2348 Itoniae

124 2360 343 2403 Minervae
364 2361 500 2418 palam
523 2361 756 2418 propositis,
774 2361 926 2417 quibus
947 2377 1032 2403 non
1055 2362 1180 2404 modo
1202 2363 1509 2419 impunitatem,

123 2416 353 2462 sedetiam
385 2419 590 2461 bonorum
619 2419 808 2461 omnium
833 2419 1151 2469 restitutionem,
1181 2436 1278 2462 curn
1307 2421 1511 2464 fructibus

123 2477 175 2520 ab
195 2492 247 2519 eo
268 2487 467 2534 tempore,
490 2492 543 2518 cx
565 2492 650 2533 quo
670 2477 848 2542 quisque
870 2477 1088 2527 exsularet,
1117 2478 1391 2521 redeuntibus
1411 2495 1512 2521 con-

124 2534 310 2577 cedebat.
375 2534 460 2577 Sed
480 2544 523 2576 ct
543 2535 605 2584 iis,
627 2550 700 2600 qul
722 2535 766 2576 in
789 2534 1042 2577 Macedonia
1062 2536 1284 2593 degebant,
1307 2537 1512 2594 quicquid

124 2591 356 2635 debebatur
375 2593 488 2642 fisco,
511 2593 692 2642 remi81t;
726 2601 985 2650 cunctosque
1013 2594 1066 2635 ob
1097 2594 1255 2636 crimen
1287 2595 1512 2637 maiestatis

170 2747 188 2769 ἰ
212 2737 423 2778 Provinciae]
450 2738 489 2770 cf.
511 2738 589 2769 Infr.
607 2747 624 2778 5
642 2742 673 2769 ct
692 2747 718 2778 7.
885 2746 902 2777 5
928 2739 1052 2769 Edit-eis
1075 2739 1110 2769 in
1130 2740 1238 2769 insula
1261 2740 1351 2777 Delo,
1374 2751 1412 2770 ne
1438 2742 1511 2772 Dc!-

170 2790 188 2820 3
213 2782 378 2821 Hispan-'a
394 2781 539 2822 citerior]
566 2782 606 2812 cf.
626 2782 704 2812 lnsr.
718 2780 796 2812 xliii.
839 2780 930 2821 pluis]
962 2781 1052 2811 llaec
1069 2786 1099 2812 et
1112 2781 1228 2812 similia
1243 2782 1426 2813 huiusmodi
1444 2795 1511 2814 unr-

130 2832 158 2855 2.
183 2823 246 2855 Iul.
265 2825 382 2864 Obscq.
401 2823 448 2855 26.
844 2828 912 2853 ratu
929 2824 968 2854 de
990 2824 1081 2854 initio
1103 2824 1188 2864 regni
1210 2823 1315 2856 Persei
1334 2826 1405 2857 vide
1425 2827 1512 2866 apud

172 2878 191 2905 4
215 2868 355 2898 Occultis
377 2866 535 2906 consiliis]
573 2867 612 2898 cf.
638 2867 732 2907 Supr.
755 2867 798 2898 xl.
845 2867 959 2906 Polyb.
977 2867 1061 2899 xxvi.
1080 2876 1108 2906 5.

132 2908 181 2947 58.
205 2908 275 2940 infr.
292 2910 356 2941 xlv.
373 2919 402 2950 9.

1220 2956 1290 2993 1³2
