1888 3194
395 195 1090 238 MANUSCRIPTORUM
1134 197 1324 239 LIVII.
1475 204 1560 241 419

221 286 298 329 VI.
333 286 758 328 HAVERCAMPIANUS
788 285 924 327 codex
956 294 1020 327 est
1052 287 1395 328 membranaceus
1426 289 1560 330 forma

163 344 322 394 maiori,
345 343 419 399 qui
444 342 698 399 Fragmento
728 341 1108 399 Havercampiano,
1138 343 1279 398 paullo
1310 353 1408 386 ante
1439 361 1554 386 num.

162 400 219 443 II.
255 409 497 465 memorato,
535 400 579 441 in
619 399 768 441 eodem
810 399 1023 441 volumine
1064 401 1289 451 subiectus,
1327 417 1377 443 eo
1414 411 1557 443 tamen

161 458 286 522 longe
326 457 535 499 recentior
575 466 617 498 et
657 457 797 498 minus
836 457 1012 514 integer,
1054 458 1238 508 eosdem,
1280 473 1386 514 quos
1435 458 1555 508 illud,

161 514 354 556 dominos
383 514 542 556 habuit.
605 513 674 555 De
706 515 797 556 eius
827 523 962 556 aetate
993 515 1103 556 infra
1132 515 1283 565 dicam,
1306 531 1439 572 quum
1467 515 1557 557 Ha-

160 571 514 628 vercampianum,
533 572 699 613 tertiam
719 572 922 614 librorum
939 571 1051 613 Livii
1072 572 1232 614 decada
1252 573 1556 622 continentem,

159 630 396 671 recensebo.

218 686 320 728 VII.
354 685 594 728 LEmENsrs
636 686 809 728 Pmmns
844 686 980 728 codex
1023 696 1086 728 est
1126 688 1471 729 membranaceus
1513 688 1558 728 in

159 743 293 785 forma
324 744 485 794 maiori,
518 759 565 786 ac
597 745 695 785 satis
728 744 940 800 antiquus,
967 759 1095 800 quem
1128 745 1205 786 viri
1237 745 1352 786 docti
1384 760 1458 786 sex
1491 745 1556 786 vel

161 810 322 858 septem
344 801 580 843 seculorum
597 811 776 844 aetatem
793 802 899 843 ferre
917 802 1171 843 existimant.
1217 802 1401 844 Videtur
1415 812 1558 844 autem

161 859 214 900 ab
246 859 442 915 imperito
475 859 644 901 librario
677 859 910 915 descriptus
946 874 1033 900 esse
1065 875 1119 901 ex
1152 859 1297 901 codice
1330 860 1455 916 longe
1487 875 1558 901 ve-

163 917 335 958 tustiore
353 932 364 966 ;
402 917 475 973 qui
507 917 596 958 sine
627 916 713 958 ulla
742 931 893 958 vocum
926 917 1196 958 distinctione
1230 918 1432 959 continua
1463 918 1558 959 lite-

160 989 299 1015 rarum
324 989 430 1015 serle
461 984 654 1015 exaratus
680 975 771 1015 fuit.
835 974 885 1014 Id
911 984 1052 1023 autem
1085 990 1139 1015 cx
1167 990 1218 1016 co
1243 975 1435 1024 conficio,
1458 976 1559 1032 quia

160 1031 312 1087 passim
342 1031 556 1080 vocabula,
579 1047 686 1087 quae
719 1031 1018 1087 distinguenda
1049 1041 1181 1081 erant,
1204 1047 1424 1088 perperam
1456 1048 1556 1073 con-

159 1097 400 1138 nectuntur,
430 1098 471 1129 et
504 1098 661 1137 contra,
685 1103 792 1144 quac
821 1088 1036 1143 iungenda
1064 1099 1195 1138 erant,
1223 1089 1553 1145 distinguuntur.

161 1144 452 1186 Nihilominus
480 1146 669 1186 omnium
697 1146 859 1210 optimo
882 1145 1139 1195 Flmentino,
1163 1161 1290 1201 quem
1319 1162 1496 1188 numero
1522 1147 1555 1187 I.

159 1202 364 1251 recensui,
383 1202 569 1243 bonitate
587 1203 804 1267 ploximus
821 1212 895 1251 est,
910 1202 1220 1258 plurimamque
1238 1213 1400 1259 partem
1417 1204 1558 1245 eidem

160 1260 396 1300 consentit:
432 1259 544 1301 unde
577 1260 612 1301 si
645 1275 731 1301 non
765 1275 818 1301 ex
851 1259 1014 1308 eodem,
1047 1275 1101 1300 ex
1134 1275 1219 1315 quo
1253 1260 1335 1309 illc,
1366 1270 1477 1302 certe
1508 1276 1561 1302 ex

159 1316 286 1358 simili
316 1317 546 1373 exemplari
579 1327 805 1373 utrumque
837 1317 1094 1373 descriptum
1125 1332 1214 1358 esse
1246 1317 1424 1359 videtur.
1492 1318 1562 1359 Ad

161 1374 275 1416 idem
317 1374 658 1430 persuadendum
701 1374 859 1415 faciunt
903 1374 1029 1415 ctiam
1072 1374 1303 1430 singulares
1342 1375 1561 1424 formulae,

162 1447 270 1487 quae
303 1431 356 1472 ad
389 1432 518 1473 finem
552 1431 831 1488 quorumdam
864 1431 1065 1473 librorum
1103 1431 1215 1473 Livii
1251 1441 1294 1473 et
1329 1432 1373 1473 in
1406 1432 1487 1474 hoc
1520 1442 1564 1473 et

162 1489 206 1529 in
240 1488 312 1529 illo
344 1489 488 1530 codice
522 1498 773 1538 occurrunt3
819 1504 923 1545 quas
955 1489 1024 1529 hic
1058 1500 1260 1539 enotasse,
1295 1499 1337 1531 ct
1372 1489 1563 1531 Lectoris

163 1545 293 1587 oculis
314 1546 531 1595 subiicere,
555 1546 669 1587 haud
691 1547 762 1587 abs
785 1562 826 1587 rc
850 1547 938 1587 crit.

336 1693 385 1734 In
410 1693 671 1735 Florentium
1000 1694 1046 1734 In
1075 1695 1277 1736 Leidensi
1302 1696 1452 1749 primo.

660 1815 730 1856 Ad
755 1814 882 1856 finem
905 1814 1001 1856 libri
1031 1815 1060 1855 I.

232 1916 502 1957 Victorianus
563 1931 661 1956 fero
726 1915 838 1970 (lege
958 1916 1048 1956 Titi
1082 1917 1200 1958 Liria·
1237 1919 1292 1958 ab
1330 1919 1433 1959 urbe
1473 1933 1569 1960 con-

175 1984 217 2024 V.
250 1985 314 2036 C.)
349 1985 620 2025 emendabat„
659 1984 842 2024 Domuis
897 1985 985 2025 dita
1025 1985 1134 2026 liber
1171 1987 1339 2040 primns
1375 1988 1567 2042 explicit.

170 2051 454 2107 Gymnaeleis.
897 2052 1059 2107 Incipit
1080 2053 1190 2094 liber
1211 2055 1433 2095 secandus.

659 2246 727 2286 Ad
755 2246 880 2286 linem
905 2244 1001 2286 libri
1029 2246 1083 2286 ΙΙ.

234 2345 322 2386 Titi
352 2345 470 2386 Livii
501 2346 556 2385 ab
586 2346 689 2386 urbe
721 2346 838 2385 cond.
966 2346 1234 2386 Victorianus
1261 2346 1430 2400 CICss.
1456 2347 1572 2397 VC.)

168 2413 239 2454 lib.
260 2413 538 2468 Mea-plicia
584 2413 746 2468 Incipit
768 2413 840 2453 lib.
897 2415 1168 2454 emendabant
1219 2415 1403 2456 Domnis
1452 2417 1574 2470 Sym-

171 2479 458 2537 Infelicis.
902 2482 1078 2522 machis.
1150 2482 1237 2523 Titi
1255 2483 1372 2524 Livii
1393 2484 1450 2524 ab
1472 2484 1574 2524 urbe

903 2551 1024 2591 cond.
1049 2550 1157 2591 liber
1174 2551 1240 2591 ll.
1259 2552 1457 2607 explicit.
1507 2551 1574 2591 Ιη-

899 2618 1006 2673 (·ἰ])ι“ἰ
1027 2619 1188 2659 tertius.

646 2801 714 2842 Ad
742 2803 870 2842 finem
896 2802 990 2843 libri
1022 2802 1100 2842 ΙΙΙ.

239 2908 308 2949 Ad
345 2908 471 2949 finem
513 2908 640 2949 huius
676 2908 772 2949 libri
811 2910 851 2948 in
974 2910 1062 2949 'l'iti
1132 2909 1225 2948 Livi
1291 2909 1580 2948 Nicomachus

1286 2988 1309 3013 κ
1333 2991 1355 3013 (-
1379 2980 1402 3013 2
