1888 3194
638 185 1070 228 KREYSSIGII.
1473 194 1556 232 343

157 280 371 322 bendum:
405 284 420 304 ⁶
434 277 679 335 Apollinem
700 277 1008 334 Latonamque,
1032 277 1217 319 Dianam
1242 286 1285 319 et
1307 277 1552 331 Herculem,

158 343 171 362 ‘
185 337 449 380 Mercurium
468 344 595 392 atque
618 334 898 392 Neptunum.'
958 334 1072 376 Nam
1093 350 1201 391 quae
1226 334 1279 376 de
1303 335 1415 376 Livii
1437 352 1551 379 more

155 394 330 452 copulae
353 399 365 418 ‘
380 393 483 449 que'
501 392 750 449 particulam
774 398 785 417 ‘
800 393 860 434 et'
880 392 948 434 vel
970 398 982 417 ‘
997 393 1064 434 ac’
1083 392 1335 434 subiiciendi
1356 391 1551 435 Draken-

153 451 350 494 borchius
369 450 425 492 ad
444 450 538 492 Liv.
561 448 619 491 H.
643 453 711 491 31.
734 453 768 491 1.
792 458 836 491 et
857 448 926 491 lib.
949 449 1002 491 V.
1025 452 1089 492 17.
1110 453 1146 491 9.
1170 449 1348 499 monuit,
1370 449 1415 490 in
1435 449 1550 492 hunc

152 517 342 550 nostrum
373 507 527 558 locum,
560 522 646 563 quo
677 521 765 549 non
798 507 889 557 tria,
917 515 965 548 ut
997 505 1068 548 lib.
1098 506 1324 549 XXXIII.
1352 509 1420 549 25.
1444 510 1483 548 3.
1507 516 1550 549 et

152 565 263 615 alibi,
285 564 362 607 sed
386 564 507 621 plura
533 565 768 620 iunguntur
787 564 987 614 subiecta,
1009 579 1086 622 per
1112 564 1229 620 paria
1253 563 1366 605 inter
1391 578 1435 606 se
1463 564 1550 606 dis-

151 622 400 678 tinguenda,
421 622 537 663 haud
558 621 763 678 quadrare
784 621 993 663 videntur.
1056 621 1270 677 Denique,
1293 629 1340 662 ut
1367 636 1446 663 nec
1467 621 1548 663 hoc

150 680 355 730 omittam,
382 679 544 721 vinctos
574 679 678 729 illos,
702 679 854 736 quibus
882 679 1056 735 dempta
1086 679 1130 719 in
1161 694 1232 720 cos
1259 678 1349 719 dies
1379 679 1547 720 vincula

149 737 362 788 dicuntur,
392 752 481 778 esse
512 752 651 778 servos
681 752 706 778 a
735 736 918 778 dominis
947 737 993 777 in
1023 751 1187 778 carcere
1218 735 1425 786 detentos,
1450 751 1547 792 per-

149 795 292 866 spicue
309 794 601 836 demonstrant
620 794 769 836 verba:
795 792 1048 847 λελυμένων
1066 793 1145 847 μὲν
1164 795 1252 836 τῶν
1273 793 1547 850 θεραπόντων

149 869 280 895 οσους
300 869 336 894 π
365 851 510 909 ότερον
530 852 573 895 ἐν
593 854 684 894 τοῖς
710 851 886 905 δεσμοῖς
907 850 1029 908 εἶχον
1050 850 1092 893 οἱ
1112 850 1338 901 δεσπόται,
1361 867 1469 908 quae
1491 867 1546 893 ex

146 918 265 966 parte
293 925 337 951 sa
355 918 441 951 tem
462 910 713 951 confirmant
733 909 985 951 sententiam
1007 909 1186 959 Dukeri,
1209 909 1327 950 cuius
1355 909 1458 951 haec
1483 918 1547 951 est

146 967 201 1008 ad
221 967 262 1008 h.
285 967 311 1008 l.
335 976 459 1008 nota:
490 972 502 991 ‘
524 968 681 1008 Vinctis
701 982 867 1022 quoque
887 968 1058 1022 dempta
1081 968 1125 1008 in
1146 982 1219 1008 eos
1240 968 1331 1008 dies
1351 967 1541 1021 vincula]

147 1030 159 1048 ‘
176 1023 273 1066 Hoc
296 1025 572 1066 Casaubonus
599 1023 653 1065 ad
683 1023 798 1065 Suet.
826 1023 922 1065 Tib.
950 1039 984 1064 c.
1009 1026 1075 1065 61.
1099 1023 1153 1064 de
1181 1024 1243 1073 iis,
1273 1023 1346 1079 qui
1374 1023 1542 1080 publice

147 1081 305 1122 ‘vincti
325 1090 457 1130 erant,
479 1080 646 1122 videtur
665 1081 865 1136 accipere.
929 1079 1130 1122 Fortassis
1157 1080 1211 1121 ad
1238 1095 1370 1121 nexos
1398 1081 1452 1122 ob
1473 1096 1543 1122 aes

144 1138 358 1179 ‘alienum
393 1138 590 1194 pertinet,
619 1148 662 1179 et
693 1137 747 1178 ad
775 1137 1035 1193 religionem,
1064 1152 1149 1193 qua
1178 1137 1283 1180 haec
1313 1152 1429 1180 sacra
1458 1139 1544 1195 pri-

145 1201 158 1220 ‘
172 1195 301 1237 vatim
322 1195 531 1236 celebrata
549 1195 675 1236 fuisse
697 1194 801 1235 dicit
821 1194 994 1236 Livius.’

200 1251 293 1294 Iam
328 1267 440 1302 vero,
476 1266 531 1293 ne
567 1251 727 1293 diutius
763 1251 841 1302 Te,
877 1251 1029 1293 Amice
1068 1251 1333 1301 suavissime,
1370 1251 1415 1292 in
1450 1253 1544 1308 ipso

142 1309 345 1368 epistolae
385 1309 594 1366 principio
634 1323 784 1358 morer,
822 1308 876 1350 ad
916 1308 997 1351 alia
1037 1324 1222 1366 pergam,
1258 1309 1393 1350 multo
1428 1309 1542 1360 Tibi,

142 1367 306 1424 opinor,
327 1367 577 1409 iucundiora
597 1375 640 1408 et
664 1366 937 1423 exoptatiora.
1004 1365 1151 1415 Quum
1181 1367 1296 1408 enim
1327 1381 1380 1408 ex
1410 1366 1543 1408 literis

143 1424 250 1466 Tuis
270 1424 583 1475 intellexissem,
603 1424 667 1466 Te
689 1439 816 1480 quam
838 1424 1021 1465 maxime
1042 1423 1280 1465 desiderare
1304 1423 1542 1466 Romanam

142 1481 239 1524 libri
272 1482 497 1524 XXXIII.
531 1482 775 1531 editionem,
809 1497 844 1522 a.
880 1484 1001 1523 1616.
1032 1480 1269 1538 evulgatam
1301 1490 1428 1538 atque
1460 1481 1542 1524 hoc

142 1539 234 1596 ipso
267 1554 378 1581 anno
404 1538 599 1580 Venetiis
634 1548 676 1580 et
711 1539 893 1589 Parisiis,
930 1539 1172 1595 insequenti
1203 1547 1345 1580 autem
1381 1539 1542 1581 Pader—

141 1597 300 1638 bornae
334 1611 431 1637 cum
469 1595 692 1637 IIorrionis
727 1596 838 1637 notis
873 1596 1108 1652 repetitam,
1145 1596 1254 1637 hanc
1294 1604 1342 1638 ut
1376 1597 1539 1638 nancis-

143 1669 261 1696 cerer
301 1668 479 1710 usquam
522 1662 565 1695 et
606 1653 650 1694 in
684 1653 801 1695 Tuos
837 1668 936 1694 usus
976 1668 1074 1694 cum
1109 1662 1231 1694 textu
1266 1653 1541 1696 Drakenbor-

142 1710 295 1753 chiano
345 1710 592 1760 conferrem,
643 1710 750 1751 nihil
799 1709 951 1766 reliqui
999 1710 1240 1751 faciendum
1290 1711 1538 1753 existimavi.

143 1768 374 1825 Postquam
396 1769 524 1825 igitur
547 1767 760 1824 Spohnius
775 1767 1081 1808 eruditissimus
1097 1767 1286 1824 mihique
1303 1767 1540 1810 carissimus

142 1840 209 1868 me
230 1841 307 1883 per
326 1826 466 1867 literas
482 1825 696 1874 docuerat,
713 1840 804 1866 eam
828 1825 871 1865 in
892 1824 1218 1881 locupletissima
1236 1824 1414 1867 Senatus
1435 1825 1540 1882 Lip-

141 1883 289 1925 siensis
325 1882 578 1925 bibliotheca
607 1883 819 1932 asservari,
852 1882 941 1923 sine
974 1897 1091 1923 mora
1122 1882 1207 1923 adii
1242 1882 1535 1934 Bliimnerum,

140 1941 278 1982 virum
313 1940 414 1981 iuris
449 1940 805 1982 consultissimum
841 1948 968 1996 atque
1001 1940 1055 1981 ad
1086 1940 1216 1981 bonas
1248 1939 1400 1990 literas,
1435 1955 1539 1997 quas

140 1998 332 2040 doctrina
352 2007 484 2048 ornat,
503 2013 676 2055 quoquo
696 1997 823 2039 modo
845 1997 1045 2038 iuvandas
1065 1997 1384 2053 paratissimum.
1450 1998 1539 2046 Qui

140 2055 314 2112 quidem
335 2056 529 2112 precibus
551 2056 654 2097 meis
675 2070 725 2097 eo
746 2054 908 2096 facilius
928 2055 1090 2104 annuit,
1108 2070 1192 2111 quo
1213 2055 1438 2110 benignius
1455 2056 1536 2096 iam

140 2122 264 2155 antea
284 2112 395 2154 Livii
416 2113 606 2155 codicem
635 2113 1001 2154 membranaceum
1029 2128 1082 2154 ex
1110 2112 1259 2154 eadem
1283 2112 1539 2154 bibliotheca

140 2185 308 2213 mecum
329 2171 721 2212 communicaverat.
786 2169 862 2211 Est
889 2178 1030 2212 autem
1059 2169 1128 2211 ille
1158 2170 1245 2226 ipse
1271 2170 1407 2211 codex
1434 2170 1538 2226 Lip-

140 2228 299 2278 sicnsis,
321 2243 374 2270 cx
400 2244 485 2285 quo
511 2227 884 2270 Drakenborchius
911 2227 1012 2269 olim
1040 2242 1116 2284 per
1137 2227 1393 2283 Longolium
1416 2236 1538 2284 quat-

143 2292 238 2327 tuor
301 2285 458 2327 riomm
493 2285 693 2327 librorum
726 2294 927 2342 excerpta
961 2300 1057 2326 acce
1091 2285 1168 2326 isse
1205 2300 1248 2326 se
1281 2285 1539 2350 praedicavit

143 2351 240 2385 tom.
260 2301 360 2384 811.
384 2358 423 2400 p.
448 2346 543 2384 323.
567 2359 627 2400 sq.
652 2352 695 2384 et
716 2357 843 2399 quem
864 2352 1012 2401 postea
1074 2343 1266 2392 rnestius,
1289 2343 1333 2384 1d
1354 2343 1470 2399 quod
1492 2343 1536 2383 in

142 2400 396 2457 praefatione
420 2401 543 2442 Livio
578 2401 789 2442 )1·aemissa
810 2416 848 2457 p.
874 2405 910 2442 9.
935 2416 995 2456 sq.
1019 2400 1250 2456 profitetur,
1273 2400 1442 2456 penitus
1463 2415 1538 2441 cx-

141 2472 336 2500 eussurus
371 2468 470 2500 erat.
548 2416 694 2515 Atque
729 2458 884 2514 dignus
923 2473 1022 2499 sane
1059 2467 1122 2498 cst
1156 2457 1226 2499 hic
1266 2457 1373 2499 liber
1411 2473 1538 2499 manu

141 2516 332 2572 scriptus,
374 2516 448 2572 qui
488 2531 585 2557 cum
627 2525 747 2557 textu
786 2515 956 2572 vulgato
995 2515 1240 2571 diligentius
1285 2515 1537 2565 conferatur,

142 2588 274 2628 quum
308 2573 541 2630 Longolius
573 2574 617 2614 in
654 2573 859 2630 prioribus
893 2572 1008 2614 libris
1043 2572 1124 2614 alia
1155 2588 1322 2629 prorsus
1354 2583 1539 2629 praetcr-

142 2630 313 2680 miserit‚
336 2630 417 2672 alia
446 2647 532 2672 non
563 2632 661 2672 satis
691 2640 883 2672 accurate
915 2630 1210 2687 exsignaverit,
1238 2639 1364 2686 atque
1398 2631 1442 2670 in
1474 2645 1538 2671 re·

143 2685 268 2743 liquis
295 2688 420 2729 etiam
449 2688 518 2730 hic
539 2688 688 2738 codex,
709 2698 875 2745 practer
906 2688 1122 2745 ingentem
1151 2687 1381 2729 lectionum
1403 2688 1538 2728 vanis-

143 2743 341 2787 simarum
368 2746 632 2802 farraginem,
654 2746 805 2802 probas
835 2745 1058 2787 nonnullas
1085 2755 1126 2787 ct
1156 2746 1328 2786 minime
1350 2755 1539 2786 contem-

146 2801 305 2843 nendas
349 2803 497 2844 offerre
541 2803 742 2844 videatur.
809 2804 955 2851 Quum
1002 2803 1116 2844 enim
1163 2803 1244 2844 iam
1291 2803 1332 2843 in
1380 2802 1539 2857 aliquot

148 2856 298 2899 Iustini
327 2859 542 2901 codicibus
572 2860 755 2902 melioris
788 2868 910 2902 notae
944 2875 1028 2901 non
1061 2861 1150 2901 sine
1178 2860 1315 2901 fructu
1348 2859 1540 2916 pervolu-

148 2914 284 2956 tundis
327 2915 552 2970 plurimum
597 2917 747 2958 laboris
784 2933 831 2958 ac
871 2917 996 2959 taedii
1035 2917 1313 2966 exhauserim,
1351 2916 1538 2957 codicem
