1888 3194
543 182 670 224 LIB.
703 181 847 224 XLII.
894 181 1040 224 CAP.
1078 187 1142 224 10.
1482 187 1535 227 47

140 272 237 315 avit.
297 271 517 314 Praetores
532 272 689 314 exinde
701 272 802 314 facti
824 272 874 315 C.
891 272 1082 315 Licinius
1100 273 1287 323 Crassus,
1310 273 1374 315 M.
1391 274 1539 316 Iunius
1553 277 1597 309 U·
1614 277 1653 309 C.
1675 285 1748 318 579·

142 329 328 378 Pennus,
353 328 423 386 Sp.
443 328 680 380 Lucretius,
706 329 776 387 Sp.
796 329 987 381 Cluvius,
1012 330 1094 373 Cn.
1113 330 1308 381 Sicinius,
1329 331 1380 372 C.
1398 331 1539 374 Mem·
1552 321 1591 352 A.
1616 320 1655 352 C.
1682 328 1749 358 ¹73·

139 386 250 430 mins
269 386 434 429 iterum.

200 443 266 485 Eo
305 459 417 487 anno
456 444 635 487 lustrum
676 445 895 487 eonditum
936 457 1007 488 est.
1075 445 1286 488 Censores
1326 455 1447 488 erant
1482 446 1535 495 Q.
1619 450 1684 488 10.

141 501 314 544 Fulvius
334 502 520 553 Flaccus,
538 503 593 544 A.
610 503 851 545 Postumius
872 503 1068 546 Albinus.
1130 504 1372 546 Postumius
1393 504 1539 546 eondi-

140 559 216 602 dit.
281 559 422 602 Censa
442 571 540 602 sunt
560 561 715 603 civium
742 561 1034 604 Romanorum
1055 562 1193 618 capita
1216 562 1401 603 ducenta
1420 578 1540 604 sexa-

140 618 259 675 ginta
279 633 428 660 novem
453 618 584 660 millia
604 628 647 660 et
669 619 924 675 quindecim.
987 619 1135 661 Minor
1155 619 1370 676 aliquanto
1391 635 1541 661 nume-

141 691 225 726 rus,
250 676 351 733 quia
381 677 430 717 L.
451 677 691 718 Postumius
720 677 867 718 consul
897 693 973 734 pro
1004 677 1206 720 concione
1238 678 1440 728 edixerat,
1467 679 1537 734 qui

141 734 303 776 socium
329 733 473 776 Latini
495 735 678 776 nominis
698 750 752 776 ex
773 735 912 777 edicto
937 735 987 777 C.
1007 735 1179 777 Claudii
1200 736 1382 777 consulis
1403 736 1539 777 redire

141 791 188 834 in
226 792 415 834 civitates
454 808 548 834 suas
588 792 846 844 debuissent,
883 809 936 835 ne
971 794 1065 850 quis
1101 809 1247 835 eorum
1286 794 1462 844 Romae,
1499 805 1540 835 et

142 865 289 892 omnes
309 850 354 892 in
375 850 460 891 suis
480 851 717 892 civitatibus
744 861 1028 893 censerentur.
1095 851 1285 893 Concors
1309 862 1352 893 et
1373 868 1395 894 e
1417 868 1541 909 repu-

142 907 253 950 blica
272 923 448 950 censura
467 908 558 950 fuit.
624 909 797 959 Omnes,
821 925 926 966 quos
939 919 1088 951 senatu
1109 920 1345 960 moverunt,
1369 910 1542 967 quibus-

111 969 227 1023 6que
248 981 380 1022 equos
400 966 663 1017 ademerunt,
682 967 860 1008 aerarios
880 967 1083 1017 fecerunt,
1102 977 1143 1009 et
1166 968 1276 1010 tribu
1298 977 1538 1009 moverunt:

142 1038 283 1080 neque
314 1024 366 1065 ab
397 1023 527 1065 altero
558 1034 750 1066 notatum
781 1025 886 1066 alter
915 1026 1119 1082 probavit.
1185 1025 1357 1067 Fulvius
1393 1026 1541 1068 aedem

144 1080 354 1123 Fortimae
378 1081 609 1138 Equestris,
632 1097 760 1138 quam
781 1082 1006 1138 proconsul
1026 1084 1071 1124 in
1094 1082 1315 1139 Hispania,
1338 1084 1543 1125 dimicans

142 1153 241 1180 eum
284 1138 597 1181 Celtiberorum
636 1140 887 1196 legionibus,
923 1149 1106 1191 voverat,
1149 1156 1280 1183 annos
1320 1156 1394 1183 sex
1433 1151 1541 1198 post,

113 1204 131 1238 7
143 1211 271 1254 quam
291 1207 473 1247 voverat,
491 1197 719 1239 dedicavit:
754 1207 797 1239 et
818 1198 1005 1240 scenicos
1020 1198 1143 1240 ludos
1164 1214 1240 1255 per
1255 1199 1542 1256 quatriduum,

143 1269 275 1296 unum
297 1254 411 1296 diem
432 1255 477 1296 in
498 1256 609 1297 eireo
629 1255 741 1297 fecit.

201 1312 252 1354 L.
273 1311 499 1355 Cornelius
520 1313 742 1364 Lentulus,
760 1313 973 1356 decemvir
988 1329 1213 1365 sacrorum,
1228 1330 1279 1357 eo
1300 1330 1413 1357 anno
1434 1329 1545 1356 mor-

143 1379 242 1413 tuus
268 1379 342 1413 est.
405 1370 457 1412 In
482 1371 622 1413 locum
653 1372 744 1413 eius
771 1372 971 1414 suffectus
1000 1373 1053 1414 A.
1073 1372 1317 1415 Postumius
1345 1373 1542 1414 Albinus.

144 1428 425 1471 Locustarum
446 1438 586 1471 tantae
609 1430 744 1471 nubes
764 1445 789 1471 a
809 1431 913 1472 mari
933 1441 1061 1472 vento
1083 1440 1257 1487 repente
1279 1431 1322 1472 in
1342 1431 1543 1488 Apuliam
1559 1438 1719 1488 Locustap

143 1486 282 1528 illatae
306 1497 417 1538 sunt,
439 1496 488 1529 ut
507 1488 775 1529 examinibus
801 1489 886 1529 suis
916 1504 1036 1545 agros
1067 1488 1148 1530 late
1180 1489 1405 1546 operirent.
1472 1488 1544 1530 Ad
1558 1492 1590 1512 ¹¹¹
1608 1482 1739 1537 Apuha.

145 1559 272 1601 quam
292 1554 456 1601 pestem
471 1545 639 1602 frugum
662 1545 890 1588 tollendam
915 1545 995 1588 Cn.
1015 1546 1198 1588 Sicinius
1218 1556 1386 1604 praetor
1406 1547 1545 1604 desig-

145 1611 282 1652 natus,
303 1618 400 1644 eum
421 1603 478 1644 im
512 1604 599 1645 erio
619 1604 663 1644 in
686 1603 889 1661 Apuliam
910 1605 1071 1655 missus,
1094 1605 1258 1662 ingenti
1279 1605 1446 1662 agmine
1468 1605 1545 1646 ho—

145 1660 311 1701 minum
338 1660 392 1702 ad
419 1660 483 1702 col
502 1661 676 1718 igendas
697 1676 766 1703 eas
787 1671 944 1712 coacto,
967 1663 1230 1719 aliquantum
1251 1663 1452 1720 temporis
1473 1663 1545 1705 ab·

144 1717 333 1775 sumpsit.

205 1775 467 1832 Principium
482 1776 741 1833 insequentis
755 1777 868 1827 anni,
883 1793 968 1834 quo
987 1777 1038 1819 C.
1054 1777 1261 1834 Popillius
1274 1788 1317 1820 et
1330 1778 1378 1820 P.
1395 1778 1546 1820 Aelius
1561 1785 1605 1816 U.
1622 1785 1660 1816 C.
1684 1785 1755 1823 580-

147 1833 318 1875 fuerunt
344 1833 548 1883 consules,
571 1834 757 1876 residuas
784 1836 1077 1877 contentiones
1098 1851 1151 1877 ex
1179 1836 1317 1892 priore
1338 1851 1450 1877 anno
1471 1836 1545 1878 ha-
1558 1828 1755 1901 &PC-sbi?-

146 1891 250 1933 buit.
312 1891 458 1932 Patres
479 1891 621 1933 referri
642 1891 695 1933 de
718 1892 957 1949 Liguribus,
976 1894 1253 1950 renovarique
1275 1904 1545 1935 senatuscon-
1561 1892 1596 1944 p]
1610 1881 1757 1944 Aiglinono,

144 1948 303 1991 sultum
331 1948 542 1999 volebant,
568 1958 611 1990 et
635 1950 781 1991 consul
808 1950 958 1992 Aelius
988 1951 1204 1992 referebat.
1267 1951 1474 2008 Popillius
1501 1957 1648 1994 ctCoffi-
1705 1999 1712 2005 ,

145 2005 350 2063 collegam
365 2016 408 2049 et
423 2016 615 2048 senatum
632 2022 708 2064 pro
722 2008 845 2049 fratre
863 2008 1184 2065 deprecabatur3
1217 2024 1316 2065 prae
1333 2024 1376 2051 se
1393 1999 1747 2072 ferenS‚{'o‘g¹J12¹¹}J“

145 2064 180 2107 si
220 2064 325 2122 quid
364 2064 653 2115 decernerent,
695 2065 1036 2116 intercessurum,
1078 2066 1283 2123 collegam
1324 2067 1542 2109 deterruit.
1557 2085 1695 2124 guribus.

146 2122 306 2173 Patres,
334 2138 385 2164 eo
415 2123 547 2180 magis
576 2124 746 2180 utrique
777 2125 934 2180 pariter
963 2124 1184 2166 consulum
1212 2125 1378 2175 infensi,
1405 2125 1450 2166 in
1481 2126 1545 2167 in-

145 2190 270 2238 cepto
346 2181 542 2223 rstabant.
606 2181 769 2238 Itaque,
791 2197 923 2238 quum
945 2182 998 2224 de
1026 2183 1253 2240 provinciis
1274 2193 1481 2240 ageretur,
1503 2193 1546 2226 et

113 2238 273 2281 8Maee
306 2239 416 2289 onia,
433 2240 515 2281 iam
537 2239 785 2281 imminente
807 2239 951 2282 Persei
973 2241 1095 2291 bello,
1117 2250 1344 2298 peteretur,
1368 2241 1546 2298 Ligures

114 2310 135 2342 9
147 2297 350 2339 ambobus
370 2297 612 2339 consulibus
628 2297 925 2340 decernuntur.
990 2298 1289 2340 Macedoniam
1303 2299 1546 2342 decreturos

146 2364 316 2412 negant,
334 2355 378 2396 ni
394 2355 448 2397 de
471 2354 533 2397 M.
550 2355 733 2412 Popillio
754 2356 990 2398 referretur.
1044 2357 1360 2399 Postulantibus
1375 2358 1544 2407 deiude,

148 2484 243 2525 primi
273 2485 314 2516 de
352 2485 448 2525 plebe
481 2485 629 2516 consules
658 2484 755 2516 fuisse
793 2485 824 2515 in
869 2496 947 2516 esse.
975 2486 1015 2516 cf.
1028 2496 1114 2526 supr.
1130 2485 1220 2518 xxiii.
1237 2496 1288 2525 3¹.

148 2527 254 2559 Fastis
269 2527 465 2568 Capitolinis
481 2532 654 2559 notantur:
679 2533 776 2567 atque
793 2527 824 2558 id
911 2527 931 2559 6
954 2530 1109 2560 Aerarius
1124 2529 1294 2570 jecerunt]
1334 2530 1374 2561 cf.
1391 2530 1485 2570 Supr.
1503 2529 1545 2559 ix.

147 2570 282 2602 miratur
306 2582 326 2601 a
351 2571 444 2601 Livio
472 2570 729 2611 praetermissum
758 2582 826 2601 esse
871 2579 921 2610 34.

150 2613 294 2654 Pighius.
339 2614 402 2645 Sed
421 2613 451 2644 lii
467 2613 597 2653 quidem
613 2615 710 2644 ambo
730 2613 823 2653 primi
914 2622 930 2654 7
961 2615 1110 2653 foverat]
1137 2615 1178 2646 cf.
1189 2615 1283 2655 Supr.
1296 2616 1340 2646 xl.
1351 2626 1402 2655 40.
1438 2616 1475 2646 In
1489 2626 1544 2646 an-

147 2656 190 2687 de
207 2657 301 2696 plebe
316 2657 464 2687 consules
486 2658 705 2696 magistratum
721 2668 823 2694 gesm-
868 2656 917 2687 nis
933 2658 1138 2688 numerandis
1157 2664 1189 2688 et
1211 2658 1315 2695 illuni,
1331 2669 1395 2698 quo
1413 2664 1497 2694 volu,
1513 2663 1542 2687 et

148 2703 235 2738 runt,
250 2704 284 2730 nt
299 2710 362 2730 non
381 2699 474 2740 primi
490 2699 587 2730 creati
603 2704 687 2731 sunt.
728 2701 823 2730 Anno
868 2699 974 2737 illum,
989 2711 1053 2740 quo
1071 2701 1221 2731 dedicata
1243 2702 1340 2733 aedes
1362 2706 1421 2738 est,
1438 2702 1542 2732 omisit

148 2742 234 2774 enim
248 2747 362 2783 quarto
374 2742 504 2774 secundi
519 2742 632 2774 l‘unici
647 2742 722 2773 belli
738 2743 824 2774 Mur·
870 2749 984 2774 noster.

149 2786 251 2817 cellus
263 2786 453 2826 Sempronio
466 2786 616 2816 Graccho
632 2786 754 2825 collega
770 2786 824 2816 du·
911 2789 930 2814 8
955 2788 1143 2825 I'elcrctur]
1181 2787 1225 2817 Ut
1245 2787 1420 2827 provincia.
1436 2799 1455 2817 a
1471 2797 1543 2816 con·

148 2833 202 2859 tus
216 2829 341 2860 fuerat:
367 2830 421 2860 sed
437 2828 512 2859 vitio
524 2834 650 2859 creatus
662 2829 823 2866 magistus·
868 2829 1001 2859 nulibus.

149 2874 219 2901 tum
234 2872 406 2903 abdicavit.
453 2873 560 2912 Atque
583 2872 639 2902 illo
661 2872 731 2902 loco
754 2872 823 2902 ‹lili-
964 2874 1213 2911 Decernuntur]
1262 2874 1449 2904 Ila-cernunt
1480 2881 1542 2900 inu-

150 2918 261 2952 genter
285 2919 474 2945 annotatum
502 2926 522 2945 u
550 2914 642 2946 Livio
668 2920 728 2951 est,
752 2920 822 2944 tum
870 2882 937 2945 vuPt
955 2915 1095 2946 Bekker.

152 2955 291 2995 primum
305 2957 386 2988 duos
401 2957 549 2989 consules
566 2956 709 2997 plebeios
725 2958 825 2988 suctos
