1888 3194
322 215 406 253 210
854 210 1003 253 TITI
1044 209 1224 252 LIVII

118 313 160 345 U.
180 314 217 345 O.
241 303 440 352 585.tione
472 302 744 343 irritarentur.
808 301 855 342 P.
877 301 1067 343 Licinius
1097 316 1194 342 eum
1225 300 1370 357 regulo
1407 299 1626 341 Gallorum
1658 307 1753 347 est9

118 357 157 388 Α·
182 357 220 388 C·
245 355 504 409 167·locutus,
527 359 767 414 retulitque,
784 359 1029 400 ferociorem
1052 373 1150 399 eum
1171 358 1438 414 deprecando
1459 358 1642 399 factum:
1672 365 1720 398 ut

328 418 481 458 mirum
502 416 634 458 videri
656 425 808 472 posset,
826 416 936 457 inter
957 426 1039 456 tam
1064 415 1285 471 opulentos
1306 430 1437 471 reges,
1456 414 1721 456 Antiochum

328 474 720 530 Ptolemaeumque,
764 482 927 514 tantum
978 473 1210 527 legatorum
1255 472 1547 513 Romanorum
1596 472 1723 513 verba

327 532 518 581 valuisse,
542 540 588 572 ut
609 531 822 586 extemplo
847 545 994 586 pacem
1016 530 1226 579 facerent,
1261 530 1372 586 apud
1398 529 1542 570 Gallos
1566 528 1723 570 nullius

327 589 531 630 momenti
552 589 688 629 fuisse.

181 645 248 683 35.
388 647 569 688 Romam
601 645 785 701 primum
818 659 936 699 reges
966 644 1133 699 captivi,
1166 644 1343 685 Perseus
1374 652 1417 685 et
1449 644 1645 694 Gentius,
1677 644 1724 684 in

329 703 561 744 custodiam
579 717 674 743 cum
696 701 838 742 liberis
859 701 1053 749 abducti3
1084 701 1183 741 dein
1204 701 1326 741 turba
1341 701 1422 742 alia
1436 702 1720 757 captivorum:

330 770 420 801 tum
442 760 595 815 quibus
621 758 906 799 Macedonum
931 757 1228 798 denuntiatum
1257 766 1357 807 erat,
1380 767 1429 798 ut
1450 758 1632 800 Romam
1652 773 1724 799 ve-

327 818 480 866 nirent,
521 816 845 872 principumque
890 814 1105 855 Graeciae.
1188 814 1301 855 Nam
1341 815 1386 855 hi
1426 830 1596 870 quoque
1636 830 1724 856 non

108 912 111 915 Α
328 873 462 915 solum
484 882 724 929 praesentes
747 872 874 912 exciti
895 879 1026 921 erant,
1050 871 1124 912 sed
1149 872 1288 922 etiam,
1312 872 1345 912 si
1367 872 1441 927 qui
1467 872 1580 928 apud
1604 887 1723 928 reges

121 936 255 966 Paullus
328 946 416 972 esse
452 931 713 979 dicebantur,
747 930 878 970 literis
914 929 1097 970 arcessiti
1132 938 1240 970 sunt.
1303 928 1475 970 Paullus
1510 929 1599 985 ipse
1629 937 1724 985 post

118 980 261 1050 Jf'fflffi't‘
328 988 417 1029 dies
447 1003 602 1044 paucos
632 987 747 1043 regia
775 1002 884 1027 nave
914 986 1098 1042 ingentis
1129 986 1444 1042 magnitudinis,
1470 989 1598 1043 quam
1629 1001 1724 1027 sex-

119 1031 193 1093 dleiln
211 1044 287 1093 Au'i-
329 1045 467 1087 decim
483 1060 624 1086 versus
645 1059 855 1086 remorum
877 1045 1069 1100 agebant,
1088 1053 1235 1085 ornata
1256 1043 1547 1085 Macedonicis
1567 1043 1722 1100 spoliis,

120 1106 188 1152 cius
204 1109 235 1136 et
254 1106 415 1144 Oc-non
442 1102 671 1158 insignium
701 1110 864 1143 tantum
893 1116 1117 1151 armorum,
1141 1101 1214 1142 sed
1243 1101 1368 1142 etiam
1397 1101 1607 1158 regiorum
1632 1109 1724 1143 tex-

117 1151 230 1179 tax-ius.
329 1160 480 1210 tilium,
507 1160 682 1201 adverso
708 1159 854 1200 Tiberi
887 1159 940 1199 ad
974 1159 1121 1199 urbem
1153 1168 1216 1199 est
1247 1159 1482 1208 subvectus,
1505 1158 1724 1215 completis

329 1218 430 1273 ripis
451 1217 617 1258 obviam
638 1217 769 1257 effusa
788 1216 1071 1257 multitudine.
1134 1215 1298 1257 Paucos
1318 1224 1412 1272 post
1432 1216 1522 1256 dies
1543 1215 1724 1257 Anicius

117 1278 318 1326 {ljriumphus
330 1284 373 1315 et
391 1274 591 1316 Octavius
611 1274 738 1315 classe
761 1289 835 1314 sua
854 1273 1029 1314 advecti.
1073 1273 1228 1314 Tribus
1249 1273 1298 1313 iis
1319 1273 1513 1314 omnibus
1530 1273 1723 1314 decretus

117 1322 318 1394 ζζὲζξξξωῧ
330 1340 392 1373 est
412 1333 463 1373 ab
479 1340 628 1374 senatu
647 1331 905 1387 triumphus:
940 1330 1270 1386 mandatumque
1291 1330 1344 1378 Q.
1365 1330 1510 1372 Cassio
1527 1330 1721 1386 praetori,

268 1387 275 1394 ’
330 1404 426 1430 cum
444 1389 622 1432 tribunis
634 1388 767 1445 plebis
781 1397 934 1444 ageret,
946 1403 999 1429 ex
1016 1388 1260 1428 auctoritate
1271 1387 1443 1429 Patrum
1461 1388 1723 1444 rogationem

329 1447 383 1488 ad
407 1446 574 1503 plebem
596 1446 764 1495 ferrent,
787 1455 834 1486 ut
861 1446 923 1495 iis,
946 1461 1030 1501 quo
1052 1445 1120 1485 die
1149 1445 1296 1486 urbem
1324 1445 1630 1501 triumphantes
1657 1445 1723 1485 in-

328 1504 593 1553 veherentur,
620 1504 842 1559 imperium
872 1512 990 1544 esset.
1053 1501 1218 1545 Intacta
1245 1501 1404 1543 invidia
1430 1502 1571 1543 media
1596 1510 1719 1544 sunt:

117 1564 245 1595 Trium·
329 1562 382 1602 ad
415 1576 578 1602 summa
606 1561 735 1602 ferme
770 1559 917 1601 tendit.
982 1559 1076 1600 Nec
1107 1558 1159 1600 de
1186 1558 1344 1608 Anicii,
1373 1573 1452 1600 nee
1479 1559 1532 1600 de
1557 1559 1723 1601 Octavii

118 1607 238 1679 ῙΙζᾞἯΟ
254 1650 311 1680 mi-
330 1619 543 1674 triumpho
565 1618 803 1659 dubitatum
825 1625 909 1658 est:
934 1616 1144 1666 Paullum,
1162 1617 1230 1657 cui
1251 1616 1331 1673 ipsi
1353 1631 1522 1672 quoque
1543 1632 1586 1658 se
1609 1631 1723 1657 com-

118 1669 191 1722 lit‘es
205 1693 295 1722 abro-
328 1691 472 1732 parare
494 1676 771 1725 erubuissent,
790 1675 1037 1716 obtrectatio
1059 1674 1223 1729 carpsit.
1287 1673 1482 1729 Antiqua
1502 1674 1724 1730 disciplina

117 1743 192 1772 garo
209 1745 259 1765 vo-
329 1733 482 1774 milites
503 1733 733 1782 habuerat3
767 1732 819 1773 de
848 1731 1003 1788 praeda
1030 1732 1206 1787 parcius,
1230 1746 1357 1787 quam
1382 1740 1649 1787 speraverant
1669 1746 1723 1772 ex

118 1776 198 1808 lunt,
331 1791 455 1831 tantis
477 1791 601 1846 regiis
622 1790 783 1846 opibus,
806 1789 980 1830 dederat
1007 1788 1114 1829 nihil
1142 1788 1359 1838 relicturis,
1382 1789 1417 1829 si
1442 1788 1631 1830 aviditati
1658 1788 1724 1829 in-

329 1848 583 1904 dulgeretur,
603 1847 717 1903 quod
739 1847 783 1887 in
804 1847 1010 1888 aerarium
1031 1845 1222 1886 deferret.
1266 1845 1401 1887 Totus
1418 1845 1724 1887 Macedonicus

327 1905 538 1947 exercitus
578 1904 819 1960 imperatori
860 1912 949 1944 erat
994 1903 1258 1958 negligenter
1297 1903 1502 1944 affuturus
1542 1903 1722 1944 comitiis

327 1962 523 2003 ferendae
546 1961 659 2016 legiS.
726 1960 810 2001 Sed
835 1975 905 2001 eos
934 1959 1019 2000 Ser.
1043 1959 1252 2014 Sulpicius
1277 1958 1413 2000 Galba
1434 1959 1507 2014 qui
1529 1959 1722 2001 tribunus

328 2019 511 2059 militum
544 2017 753 2058 secundae
784 2017 960 2072 legionis
992 2016 1036 2056 in
1069 2016 1323 2057 Macedonia
1354 2016 1503 2066 fuerat,
1526 2016 1722 2072 privatim

328 2075 569 2130 imperatori
602 2074 808 2123 inimicus,
835 2073 1072 2129 prensando
1105 2073 1207 2129 ipse,
1234 2081 1277 2114 et
1308 2088 1384 2128 per
1414 2088 1512 2114 suae
1545 2073 1722 2129 legionis

328 2132 482 2172 milites
512 2130 789 2180 sollicitando,
818 2130 1113 2179 stimulaverat,
1143 2139 1190 2171 ut
1219 2130 1461 2186 frequentes
1492 2130 1546 2172 ad
1575 2132 1721 2173 suffra-

328 2188 444 2244 gium
480 2188 697 2229 adessent:
740 2187 1044 2244 ‘Imperiosum
1081 2187 1232 2228 ducem
1269 2196 1311 2228 et
1346 2187 1576 2243 malignum
1613 2188 1747 2230 anti-1

329 2252 342 2269 ‘
358 2246 529 2302 quando
549 2245 822 2301 rogationem,
841 2260 948 2300 quae
971 2245 1023 2285 de
1047 2244 1259 2300 triumpho
1281 2244 1370 2285 eius
1390 2245 1578 2295 ferretur,
1597 2245 1721 2286 ulcis-

357 2311 577 2344 cerentur:
640 2302 806 2358 plebem
858 2303 1058 2342 urbanam
1109 2311 1346 2342 secuturam
1396 2317 1484 2343 esse
1536 2302 1720 2343 militum

331 2360 524 2402 ‘iudicia
586 2359 818 2402 Pecuniam
854 2359 972 2400 illum
1005 2359 1103 2401 darc
1137 2374 1223 2400 non
1256 2359 1473 2414 potuisse?
1534 2359 1750 2403 Milite1n2

369 2531 388 2561 9
411 2523 624 2560 P.Lieinius]
653 2521 807 2561 Princeps
830 2520 998 2561 legationis
1092 2531 1108 2551 2
1136 2522 1277 2551 Militem
1310 2521 1459 2550 honorem
1496 2521 1574 2550 dare
1606 2523 1715 2560 posse]

325 2564 357 2593 in
376 2564 485 2594 Asiam
510 2565 633 2601 missus,
655 2564 746 2594 cuius
768 2564 903 2594 occultis
924 2563 996 2594 arti-
1043 2565 1134 2594 Dare
1155 2573 1220 2593 non
1240 2573 1331 2601 posse
1355 2561 1515 2600 Sigonius,
1534 2562 1718 2593 Gronovius

326 2607 386 2636 bus
409 2607 541 2636 fortasse
564 2607 682 2644 evenit,
706 2610 742 2636 ut>
765 2606 856 2636 Galli
882 2606 914 2636 in
943 2616 997 2644 po-
1042 2608 1152 2635 autem
1171 2605 1344 2643 pecuniam
1365 2605 1457 2634 illum
1478 2615 1544 2635 non
1563 2606 1642 2636 dare
1660 2615 1717 2645 po-

324 2651 440 2678 testate
461 2649 694 2684 Romanorum,
710 2658 823 2687 pacem
845 2648 927 2678 inter
945 2658 999 2677 eos
1043 2647 1151 2683 tuisse,
1166 2647 1296 2677 militem
1312 2647 1460 2677 honorem
1475 2657 1540 2678 non
1555 2648 1634 2678 dare
1645 2658 1717 2687 pos-

325 2694 357 2720 et
374 2690 555 2720 Eumenem
580 2690 833 2726 conciliantfflm,
855 2700 922 2720 esse
944 2700 999 2719 no-
1043 2700 1086 2725 se,
1115 2688 1248 2718 mavult.
1295 2688 1486 2726 Crevierius‚
1516 2688 1570 2728 qui
1596 2689 1717 2728 Sigonii

326 2732 455 2768 luerint,
471 2735 506 2761 ut
528 2732 573 2761 ita
597 2731 767 2770 paullatim
784 2731 865 2762 vires
881 2732 998 2761 Eume-
1044 2730 1261 2760 coniecturam
1299 2731 1425 2769 probat,
1462 2730 1613 2770 intelligit
1650 2741 1715 2762 non

325 2774 374 2804 nis
395 2785 415 2805 a
437 2774 542 2804 Gallis
563 2773 793 2813 frangerentur.
839 2773 998 2812 Suspicio-
1045 2782 1136 2812 posse
1159 2772 1308 2809 militem,
1328 2772 1383 2811 qui
1406 2782 1471 2802 non
1490 2773 1583 2810 vult;
1605 2783 1715 2812 quem-

324 2827 398 2846 nem
424 2817 507 2847 lianc
531 2816 639 2855 palam
663 2815 764 2846 iniiei't
789 2815 903 2855 Polyb.
920 2825 997 2845 xxx.
1041 2814 1216 2844 admodum
1240 2815 1467 2853 imperatorem
1488 2815 1592 2854 arguit
1608 2815 1716 2846 Galba

325 2868 354 2897 3.
379 2859 494 2890 DRAK.
1042 2857 1176 2887 iactasse
1192 2866 1256 2886 non
1272 2867 1364 2896 posse
1385 2867 1417 2888 sc
1441 2857 1613 2897 pecuniam
1629 2858 1717 2896 dare,

371 2911 382 2931 1
402 2901 606 2940 Illaliynwn]
627 2899 734 2931 Nimis
749 2910 892 2940 parcum.
912 2909 996 2939 supr.
1043 2909 1143 2938 quum
1159 2909 1268 2929 revera
1283 2900 1395 2930 nollet.

324 2943 367 2973 ix.
387 2953 435 2983 32.
460 2954 490 2975 x.
508 2942 557 2980 46.
