1888 3194
555 155 837 197 LIBROR.
885 155 1185 199 DEPERD.
1484 165 1564 204 261

172 245 297 300 pania
326 259 422 286 cum
447 243 610 285 duabus
631 243 904 285 Varronianis
929 244 1165 300 legionibus
1193 261 1217 286 a
1247 247 1433 302 partibus
1461 249 1568 290 Cae-

171 302 272 343 saris
295 300 573 343 desciverunt.
637 300 715 341 Cn.
736 300 978 356 Pompeius,
1001 302 1056 343 ad
1084 302 1398 359 Dyrrhachium
1428 305 1568 346 obses-

170 372 240 399 sus
259 373 284 399 a
305 358 496 407 Caesare,
518 365 574 407 et,
595 356 813 413 praesidiis
833 358 922 398 eius
943 373 1041 399 cum
1066 374 1219 416 magna
1239 359 1356 401 clade
1379 360 1566 402 diversae

169 414 299 470 partis
331 414 594 470 expugnatis,
627 413 845 455 obsidione
878 414 1089 466 liberatus,
1122 416 1320 458 translato
1352 417 1398 457 in
1431 417 1471 458 T
1474 418 1566 458 hes-

168 470 313 512 saliam
341 470 464 521 bello‚
487 471 601 527 apud
630 471 890 512 Pharsaliam
924 473 1012 514 acie
1038 473 1173 515 victus
1201 483 1274 515 est.
1339 474 1490 515 Cicero
1522 475 1565 515 iu

167 527 310 570 castris
349 528 562 578 remansit,
598 528 662 568 vir
697 527 802 569 nihil
838 529 977 571 minus
1012 545 1139 586 quam
1179 530 1233 572 ad
1268 530 1379 572 bella
1413 540 1562 580 natus3

167 585 447 641 omnibusque
481 585 749 626 adversarum
781 586 978 641 partium,
1000 588 1074 643 qui
1105 603 1147 629 se
1176 588 1372 644 potestati
1398 589 1565 630 victoris

166 642 460 698 permiserunt,
483 643 637 685 Caesar
658 642 829 698 ignovit.

385 815 393 833 l

790 929 934 970 CXII.

165 1037 554 1080 TREPIDATIO
588 1039 792 1079 victarum
824 1040 1008 1095 partium
1039 1040 1084 1080 in
1117 1040 1299 1082 diversas
1334 1042 1443 1083 orbis
1481 1053 1562 1084 ter-

162 1109 301 1136 rarum
336 1105 476 1152 partes
516 1104 558 1136 et
597 1095 696 1151 fuga
735 1095 984 1137 referuntur.
1049 1097 1127 1138 Cn.
1150 1098 1392 1154 Pompeius,
1429 1111 1562 1155 quum

162 1153 411 1209 Aegyptum
442 1152 627 1208 petisset,
654 1153 768 1193 iussu
797 1152 1031 1194 Ptolemaei
1062 1155 1171 1210 regis
1202 1155 1366 1210 pupilli,
1392 1166 1561 1198 auctore

162 1207 388 1251 Theodoto
408 1218 693 1266 praeceptore,
716 1210 834 1251 cuius
856 1225 1008 1266 magna
1033 1210 1146 1266 apud
1171 1226 1313 1267 regem
1339 1214 1562 1254 auctoritas

160 1274 262 1317 erat,
285 1276 329 1308 et
351 1266 551 1316 Pothino,
574 1266 734 1308 occisus
762 1276 825 1308 est
852 1267 903 1308 ab
925 1267 1109 1317 Achilla,
1133 1268 1201 1309 cui
1228 1269 1271 1309 id
1291 1269 1452 1311 facinus
1473 1280 1562 1311 erat

136 1323 415 1380 delegatum,
438 1324 482 1364 in
507 1323 713 1373 navicula,
736 1333 963 1380 antequam
992 1325 1035 1365 in
1066 1334 1218 1367 terram
1247 1326 1393 1368 exiret.
1457 1328 1562 1370 Cor-

159 1380 273 1422 nelia
312 1396 421 1423 uxor
460 1389 503 1423 et
546 1380 642 1422 Sex.
668 1381 898 1438 Pompeius
938 1382 1049 1424 filius
1087 1383 1258 1440 Cypron
1300 1384 1558 1441 refugerunt.

161 1438 328 1489 Caesar,
355 1447 449 1495 post
481 1438 652 1480 tertium
684 1438 798 1480 diem
830 1439 1057 1490 insecutus,
1085 1455 1217 1496 quum
1246 1441 1285 1482 ei
1311 1441 1561 1484 Theodotus

160 1503 288 1552 caput
318 1495 513 1552 Pompeii
546 1505 589 1537 et
621 1496 825 1537 annulum
857 1497 1088 1547 obtulisset,
1120 1506 1163 1539 et
1196 1498 1379 1540 offensus
1411 1508 1486 1549 est,
1519 1510 1561 1541 et

158 1551 448 1601 illacrimavit3
482 1567 560 1594 nec
581 1553 670 1594 sine
692 1553 880 1609 periculo
902 1553 1207 1596 Alexandriam
1231 1556 1560 1598 tumultuantem

160 1609 344 1651 intravit.
407 1611 572 1658 Caesar,
595 1609 776 1652 dictator
806 1619 982 1660 creatuS,
1007 1611 1274 1668 Cleopatram
1305 1613 1349 1654 in
1380 1629 1559 1670 regnum

159 1667 351 1724 Aegypti
379 1666 562 1716 reduxit,
585 1675 628 1708 et
661 1667 910 1708 inferentem
946 1667 1103 1709 bellum
1137 1669 1287 1710 iisdem
1318 1671 1558 1713 auctoribus

162 1724 469 1773 Ptolemaeum,
499 1724 652 1780 quibus
683 1725 934 1781 Pompeium
966 1725 1244 1776 interfecerat,
1277 1742 1373 1768 cum
1406 1743 1446 1768 m
1503 1743 1559 1770 no

159 1797 235 1823 suo
276 1781 518 1823 discrimine
560 1781 670 1822 vicit.
754 1781 1024 1823 Ptolemaeus
1064 1783 1166 1824 dum
1207 1784 1328 1840 fugit,
1370 1785 1414 1825 in
1503 1786 1558 1827 ilo

159 1838 351 1880 navicula
391 1838 591 1880 subsedit.
656 1839 881 1880 Praeterea
921 1839 1173 1881 laboriosum
1215 1842 1277 1882 M.
1303 1843 1477 1883 Catonis
1513 1843 1557 1884 in

157 1895 307 1938 Africa
325 1910 401 1952 per
421 1895 585 1936 deserta
601 1910 697 1936 cum
720 1895 954 1951 legionibus
976 1897 1068 1946 iter,
1086 1906 1129 1938 ct
1150 1897 1306 1939 bellum
1328 1914 1353 1939 a
1370 1900 1447 1941 Cn.
1467 1899 1557 1942 Do-

158 1953 278 1995 mitio
299 1962 446 1994 contra
470 1952 732 1994 Pharnacem
755 1967 901 2008 parum
924 1968 1121 2010 prospere
1146 1964 1309 2009 gestum
1332 1958 1534 1999 continet.

770 2239 936 2282 CXIII.

159 2355 196 2398 C
203 2354 288 2398 ON
297 2354 449 2397 FIRM
457 2355 538 2396 AT
543 2354 596 2396 IS
611 2356 653 2396 in
670 2355 815 2398 Africa
829 2357 1099 2414 Pompeianis
1115 2359 1315 2414 partibus,
1332 2359 1476 2418 imperi
1485 2378 1553 2404 um

156 2428 298 2455 earum
331 2414 378 2455 P.
401 2412 587 2468 Scipioni
614 2412 801 2454 delatum
828 2424 916 2464 est3
952 2416 1127 2465 Catone,
1151 2417 1218 2457 cui
1244 2432 1298 2458 ex
1324 2434 1460 2474 aequo
1481 2420 1555 2462 de-

155 2470 366 2512 ferebatur
394 2470 630 2526 imperinm,
653 2470 843 2512 cedente.
909 2471 965 2513 Et
986 2488 1117 2528 quum
1141 2473 1194 2515 de
1216 2474 1423 2518 diruenda
1451 2478 1553 2519 urbe

159 2527 286 2570 Utica
310 2537 481 2584 propter
500 2528 683 2569 favorem
714 2528 892 2569 civitatis
920 2529 1010 2570 eius
1039 2530 1082 2571 in
1106 2531 1327 2574 Caesarem
1349 2533 1555 2575 delibera—

156 2593 284 2635 retur,
307 2585 435 2641 idque
458 2600 510 2626 ne
533 2586 664 2634 fieret,
690 2586 751 2626 M.
772 2587 879 2628 Cato
902 2587 1115 2637 tenuisset,
1140 2587 1244 2629 Iuba
1266 2590 1483 2641 suadente,
1508 2602 1553 2633 ut

156 2641 418 2689 dirueretur3
458 2642 589 2684 tutela
625 2643 713 2683 eius
749 2653 790 2684 et
827 2644 1017 2685 custodia
1053 2645 1248 2687 mandata
1285 2657 1347 2688 est
1384 2649 1549 2690 Catoni.

158 2700 236 2741 Cn.
255 2699 497 2756 Pompeius,
517 2700 666 2755 Magni
689 2700 812 2749 silius,
831 2701 874 2741 in
894 2700 1113 2758 Hispania,
1137 2705 1361 2746 contractis
1383 2706 1551 2754 viribus,

157 2770 334 2811 quarum
364 2756 563 2798 ducatum
595 2772 672 2798 nec
696 2757 908 2808 Afranius,
933 2774 1010 2800 nee
1042 2760 1232 2801 Petreius
1261 2762 1454 2818 excipere
1481 2779 1551 2803 vo-

158 2811 311 2861 lebant,
339 2812 495 2855 bellum
527 2813 723 2855 adversus
753 2815 974 2857 Caesarem
1007 2818 1233 2859 renovavit.
1300 2819 1549 2863 Pharnaces,

160 2868 420 2911 Mithridatis
442 2869 563 2919 filius,
586 2885 657 2911 rex
684 2872 824 2920 Ponti,
848 2873 936 2914 sine
961 2873 1044 2914 ullu
1066 2873 1161 2915 belli
1185 2890 1299 2916 mora
1322 2876 1453 2916 vietus
1475 2886 1547 2916 est.
