1888 3194
180 279 225 312 U.
241 280 279 312 C.
302 283 373 322 581.

180 323 220 355 A.
242 324 281 356 C.
306 332 374 365 171.

386 188 465 226 102
890 184 1037 227 ΤΙΤΙ
1073 184 1251 227 LIVII

386 276 574 318 sinissam
595 292 619 318 a
639 276 793 318 Poenis
813 286 1064 334 susceptum,
1081 291 1177 318 cum
1200 276 1404 334 Romanis
1424 275 1655 331 gerendum
1670 276 1762 327 fuit,

387 349 466 376 nec
490 334 569 375 nisi
593 334 858 391 Carthaginis
888 335 1060 376 interitu
1079 335 1245 375 finitum
1267 342 1339 375 est.
1401 333 1497 375 Hoc
1517 348 1627 375 anno
1647 334 1796 379 inve-6

387 392 526 433 nimus
545 393 590 433 in
611 392 827 433 annalibus
847 408 1024 449 puerum
1043 392 1199 433 factum
1220 407 1273 433 ex
1293 391 1451 448 virgine
1476 391 1552 433 sub
1579 392 1765 448 parenti-

386 449 476 499 bus,
494 450 691 506 iussuque
712 450 978 505 haruspicum
999 450 1262 506 deportatum
1283 449 1328 490 in
1348 448 1522 490 insulam
1541 448 1757 491 desertam.

448 507 626 563 [Habita
652 516 749 548 sunt
773 523 797 548 a
821 507 870 549 C.
890 507 1034 549 Cassio
1060 506 1228 548 consule
1257 507 1436 556 comitia,
1458 506 1609 562 quibus
1635 505 1764 547 creati

387 565 575 606 consules
605 574 702 606 sunt
726 565 779 606 A.
800 564 1004 606 Hostilius
1031 564 1268 614 Mancinus,
1296 565 1349 605 A.
1369 564 1526 605 Atilius
1549 563 1760 605 Serranus.

387 622 603 664 Praetores
633 622 731 663 inde
762 622 872 673 facti,
904 622 965 664 M.
986 622 1178 672 Raecius,
1205 621 1257 670 Q.
1277 621 1485 671 Maenius,
1507 621 1556 663 L.
1577 620 1765 662 Horten-

386 680 483 730 sius,
510 679 562 728 Q.
579 679 727 722 Aelius
743 679 909 729 Paetus,
932 680 983 720 T.
1002 679 1188 720 Manlius
1205 679 1454 735 Torquatus,
1476 678 1525 720 C.
1543 678 1761 720 Hostilius.

386 736 592 778 Decretae
614 737 851 778 consulibus
871 736 1107 792 provinciae
1129 735 1250 777 Italia
1269 745 1312 777 et
1332 736 1594 778 Macedonia.
1642 735 1764 778 Italia

386 794 532 844 Atilio,
570 794 752 835 Hostilio
787 793 1039 835 Macedonia
1073 793 1253 834 obvenit.
1315 792 1544 843 Praetores,
1581 793 1763 835 Raecius

385 852 586 892 urbanam
616 850 957 900 iurisdictionem,
983 850 1246 907 peregrinam
1267 849 1464 892 Maenius
1490 850 1657 892 sortitus
1686 859 1760 892 est.

388 908 541 949 Classis
562 924 657 950 cum
680 923 751 949 ora
771 908 978 949 maritima
996 907 1196 949 Graeciae
1218 907 1447 949 Hortensio
1467 907 1628 964 obtigit.
1675 907 1764 949 Re-

384 965 523 1022 liquae
555 966 784 1022 praetoriae
814 966 1050 1022 provinciae
1078 965 1193 1007 fuere
1221 965 1366 1022 procul
1393 965 1534 1015 dubio,
1561 965 1763 1022 quemad·-

384 1023 555 1064 modum
580 1039 690 1065 anno
719 1024 869 1080 priore,
903 1023 1121 1080 Hispania,
1157 1023 1310 1073 Sicilia,
1339 1031 1381 1065 et
1411 1021 1613 1065 Sardinia.
1676 1022 1762 1065 Sed

383 1081 566 1137 singulas
593 1081 764 1138 quinam
792 1090 1001 1138 praetores
1032 1080 1301 1131 obtinuerint,
1329 1079 1545 1122 silentibus
1571 1088 1761 1122 veterum

383 1139 679 1189 monumentis,
701 1147 815 1180 certo
843 1139 937 1180 sciri
968 1154 1052 1180 non
1080 1147 1230 1195 potest.
1293 1138 1468 1179 Interim
1488 1137 1536 1179 P.
1556 1137 1760 1188 Licinius,

383 1197 500 1252 quasi
530 1197 584 1238 ad
613 1196 770 1238 bellum
793 1212 879 1238 non
900 1211 995 1237 cum
1017 1196 1185 1246 Perseo,
1207 1195 1281 1237 sed
1301 1211 1396 1237 cum
1421 1195 1592 1237 Graecis
1612 1210 1762 1252 geren-

383 1254 484 1295 dum
515 1254 661 1295 missus
691 1263 810 1304 esset,
835 1254 980 1295 inanes
1010 1254 1203 1295 adversus
1232 1253 1387 1295 iustum
1417 1253 1578 1294 hostem
1606 1253 1686 1294 iras
1715 1253 1761 1294 in

381 1312 552 1353 miseros
573 1320 615 1353 et
634 1312 789 1353 viribus
810 1312 986 1368 impares
1007 1312 1142 1362 vertit,
1165 1311 1482 1367 compluresque
1503 1310 1548 1351 in
1569 1309 1761 1361 Boeotia,

381 1369 454 1410 ubi
486 1369 744 1420 hibernabat,
778 1370 900 1410 urbes
935 1369 1202 1426 expugnavit,
1239 1377 1281 1410 et
1315 1368 1539 1409 crudeliter
1572 1367 1758 1425 diripuit.

384 1426 593 1468 Coronaei
623 1427 803 1468 maxime
835 1427 971 1468 vexa-ti
996 1442 1125 1483 quum
1158 1427 1211 1467 ad
1243 1434 1434 1467 senatum
1464 1425 1759 1481 confugissent,

380 1483 526 1526 Patres
549 1485 834 1534 decreverunt,
853 1494 900 1526 ut
920 1484 1085 1541 captivi,
1109 1484 1181 1540 qui
1202 1484 1278 1525 sub
1299 1498 1452 1525 corona
1470 1483 1692 1534 venissent,
1713 1483 1759 1524 in

379 1541 612 1583 libertatem
644 1543 970 1584 restituerentur.
1041 1541 1235 1584 Consulis
1267 1540 1554 1583 crudelitatem
1587 1549 1630 1582 et
1664 1556 1761 1582 ava-

378 1599 515 1640 ritiam
546 1600 732 1641 imitatus
753 1609 826 1650 est,
850 1609 921 1641 aut
941 1599 1067 1641 etiam
1097 1599 1305 1655 superavit
1329 1598 1551 1640 Lucretius
1580 1607 1758 1654 praetor,

379 1657 452 1712 qui
473 1656 590 1698 classi
616 1666 817 1713 praeerat,
840 1657 1034 1698 adversus
1056 1657 1186 1698 socios
1206 1657 1334 1706 ferox,
1356 1656 1466 1697 hosti
1486 1656 1755 1712 spernendus.

381 1714 599 1770 Siquidem
621 1714 791 1756 classem
813 1715 865 1755 ad
889 1714 1047 1757 Oreum
1069 1722 1247 1756 stantem
1268 1713 1436 1755 adortus
1463 1722 1634 1770 repente
1656 1713 1758 1755 Per-
1772 1734 1790 1766 7

378 1787 483 1822 seus,
515 1787 641 1813 naves
676 1773 883 1814 onerarias
915 1772 1171 1813 frumentum
1205 1780 1418 1828 portantes
1452 1771 1600 1827 viginti
1631 1771 1756 1828 cepit,

376 1829 558 1885 reliquas
585 1830 798 1886 depressit,
821 1839 863 1871 et
884 1839 1080 1886 quattuor
1100 1830 1225 1870 etiam
1247 1829 1619 1885 quinqueremibus
1648 1829 1758 1885 poti-

377 1897 443 1928 tus
471 1898 543 1929 est.
609 1888 695 1928 Res
725 1888 850 1928 etiam
881 1902 1075 1943 prospere
1105 1896 1244 1942 gestae
1273 1887 1317 1926 in
1339 1886 1520 1927 Thracia
1543 1901 1568 1927 a
1588 1886 1754 1935 Perseo,

377 1960 507 2000 quum
529 1960 579 1986 eo
600 1944 653 1985 ad
671 1944 815 2000 Cotyn
836 1943 1148 1985 defendendum
1169 1943 1364 1984 adversus
1385 1942 1571 1984 Atlesbis
1591 1951 1634 1984 et
1649 1942 1756 1984 Cor-

376 2002 463 2057 ragi
494 2002 632 2057 copias
659 2001 911 2043 devertisset.
975 2001 1068 2042 Nec
1097 2015 1194 2041 vero
1225 2001 1312 2056 ipse
1343 1999 1421 2040 sibi
1445 1999 1577 2057 Cotys
1607 1999 1753 2051 defuit,

375 2059 439 2099 vir
467 2058 576 2099 bello
607 2067 811 2108 strenuus,
843 2058 1014 2099 consilio
1044 2066 1268 2113 praestans,
1295 2057 1439 2098 Thrax
1469 2072 1622 2113 genere
1653 2057 1786 2109 solo,8

375 2130 461 2156 non
491 2116 695 2156 moribus:
734 2130 832 2156 nam
861 2124 904 2156 et
935 2115 1082 2156 unicae
1115 2114 1345 2156 sobrietatis
1378 2129 1424 2155 ac
1456 2115 1754 2171 temperantiae

375 2173 466 2222 fuit,
488 2173 685 2229 idemque
707 2172 928 2214 clementia
957 2181 1000 2214 et
1029 2172 1313 2213 moderatione
1342 2172 1470 2213 animi
1497 2171 1620 2229 plane
1641 2188 1754 2215 ama·

375 2230 481 2271 bilis.

436 2287 626 2343 [Cuncta
646 2288 799 2331 Perseo
820 2303 872 2329 ex
894 2296 988 2328 voto
1009 2287 1205 2328 fluebant.
1269 2286 1381 2328 Nam
1409 2296 1451 2329 et
1481 2295 1581 2330 tunc
1603 2287 1754 2345 Epiro-

375 2354 507 2387 tarum
538 2360 640 2401 gens
671 2346 715 2385 in
742 2346 829 2386 eius
853 2354 991 2401 partes
1015 2344 1185 2394 transiit,
1208 2354 1374 2386 auctore
1399 2344 1602 2401 Cephalo,
1625 2361 1751 2402 quem

374 2412 515 2443 tamen
551 2403 604 2443 ad
638 2402 914 2443 defectionem
955 2402 1175 2444 necessitas
1215 2403 1344 2459 magis
1379 2403 1592 2459 compulit,
1625 2418 1751 2459 quam

373 2460 574 2501 voluntas.
637 2459 690 2510 Is,
713 2459 909 2514 singulari
940 2459 1162 2515 prudentia
1190 2468 1233 2501 et
1263 2461 1494 2502 constantia
1522 2461 1749 2517 praeditus,

374 2526 462 2558 tum
494 2533 661 2573 quoque
693 2517 850 2573 optima
877 2526 1015 2558 mente
1047 2526 1144 2559 erat.
1207 2517 1322 2558 Deos
1352 2518 1464 2558 enim
1496 2517 1749 2560 immortales

373 2585 563 2630 precatus
599 2575 744 2623 fuerat,
777 2583 823 2615 ut
857 2574 1012 2615 bellum
1046 2575 1154 2616 inter
1185 2575 1399 2616 Romanos
1434 2582 1476 2616 et
1507 2575 1660 2617 Persea
1694 2590 1748 2617 ne

372 2633 632 2682 conflaretur,
655 2647 758 2673 neve
781 2632 833 2672 de
856 2647 1016 2672 summa
1036 2647 1175 2672 rerum
1197 2632 1531 2674 decernerentur.
1594 2633 1654 2674 At
1675 2648 1749 2674 ex-

372 2699 460 2730 orto
477 2689 598 2739 bello,
613 2698 808 2730 statuerat
825 2704 876 2730 ex
893 2689 1070 2729 foederis
1086 2689 1338 2745 praescripto
1354 2689 1565 2730 Romanos
1581 2690 1744 2731 iuvare:

371 2755 534 2803 praeter
559 2747 736 2788 foederis
761 2755 899 2787 autem
930 2746 1040 2803 leges
1071 2746 1175 2787 nihil
1207 2746 1314 2787 ultro
1344 2745 1491 2796 facere,
1514 2761 1652 2803 neque
1673 2747 1748 2788 ob-

411 2857 430 2888 6
452 2860 522 2889 Hoc
538 2859 639 2896 anno]
666 2859 705 2888 cf.
723 2857 807 2889 Plin.
825 2857 870 2888 H.
883 2857 926 2888 N.
941 2856 991 2892 vii.
1005 2868 1032 2895 4.
1121 2858 1139 2887 8
1166 2858 1273 2887 Τὴναω
1290 2868 1406 2896 [fenore
1421 2858 1499 2896 solo]
1525 2858 1564 2889 cf.
1583 2858 1697 2899 Polyb.
1713 2862 1746 2890 et

369 2902 613 2979 J‘a7uItg'iqm'dem
639 2901 784 2938 classem]
824 2901 861 2931 cf.
888 2900 973 2930 Plut.
1001 2900 1032 2930 in
1079 2899 1211 2931 Diodor.
1229 2900 1313 2939 apud
1333 2899 1508 2933 valesium,
