1888 3194
599 195 1027 239 KR-EYSSIGII.
1438 209 1519 247 481

112 301 190 344 hos
209 301 339 343 libros
359 300 504 343 codice
526 301 851 344 Vindobonensi
880 317 967 345 non
996 303 1216 354 contineri,
1240 305 1350 347 inter
1370 322 1516 351 omnes

112 378 288 419 constet,
307 384 434 426 quam
459 369 646 412 Goelleri
668 370 786 421 liber,
805 386 934 427 quem
954 370 1079 428 plane
1102 372 1313 428 ignorasse
1334 375 1514 426 videtur,

113 452 212 479 eum
232 437 383 478 docere
404 437 622 493 potuisset,
644 438 690 479 in
717 438 803 480 imo
830 439 1081 495 paginarum
1109 441 1298 497 margine
1325 452 1515 498 poneret,

112 503 373 561 Heusingeri
402 513 545 546 autem
575 505 841 556 coniecturis,
865 521 988 562 quae,
1014 507 1114 550 licet
1144 508 1212 550 hic
1241 508 1353 550 Livii
1385 510 1515 552 inter-

110 587 218 630 pres,
260 588 345 630 qua
383 573 545 615 ratione
586 573 744 615 librarii
784 589 959 631 peccare
993 576 1227 631 potuerint,
1265 591 1437 634 operose
1474 587 1517 620 et

110 640 259 698 putide
300 640 663 692 demonstraverit,
701 657 788 684 non
828 643 909 684 nisi
948 658 1042 686 raro
1082 645 1386 688 cordatioribus
1425 646 1515 703 pla-

111 710 280 760 cebunt,
302 710 347 751 in
375 718 541 751 textum
568 710 822 767 recipiendis
851 711 1083 754 orationem
1106 712 1328 755 Livianam
1359 715 1513 757 mirum

112 788 320 835 quantum
341 779 625 835 interpolaret.
692 780 1054 836 Circumspectius
1076 781 1248 837 quidem
1271 797 1360 824 rem
1387 784 1516 840 gessit

112 845 613 903 Baumgarten-Crusius,
656 848 969 889 recentissimus
1011 848 1122 890 Livii
1164 850 1312 900 editor,
1354 852 1428 907 qui
1469 853 1515 893 in

112 921 233 956 textu
267 915 421 971 passim
457 914 718 970 refingcndo,
761 916 823 956 uti
864 915 1059 957 codicum
1100 932 1123 957 a
1165 916 1515 962 Drakenborchio

111 981 288 1038 aliisque
317 982 602 1023 adhibitorum
631 983 896 1033 lectionibus,
918 984 977 1024 ita
1000 984 1322 1042 Bambergensis
1343 1003 1514 1045 quoque

111 1049 244 1106 copiis
275 1050 430 1091 rectius
463 1060 526 1091 est
557 1065 668 1099 usuS,
702 1059 756 1100 et,
789 1066 922 1106 quum
956 1053 1244 1109 typographus
1272 1055 1378 1110 (quo
1410 1056 1514 1107 iure,

110 1117 200 1175 ipse
236 1117 409 1172 viderit)
450 1118 588 1173 quarti
629 1117 827 1158 editionis
867 1126 1032 1159 nostrae
1069 1119 1292 1161 voluminis
1327 1121 1516 1178 plagulas

110 1184 303 1228 nondum
324 1184 537 1241 evulgatas
559 1184 619 1226 illi
641 1185 1005 1236 subministrasset,
1024 1201 1095 1228 eos
1116 1188 1244 1229 etiam
1263 1188 1390 1239 locos,
1409 1206 1516 1246 quos

112 1253 269 1296 codicis
308 1252 654 1295 Vindobonensis
699 1254 948 1296 auctoritate
990 1255 1225 1306 emendavi,
1267 1257 1516 1314 integriores

112 1321 318 1364 exhibuit.
383 1320 469 1363 Sed
502 1337 634 1379 quum
668 1322 782 1364 idem
815 1324 974 1380 pariter
1006 1339 1054 1365 ac
1083 1323 1284 1375 Tafelius,
1311 1340 1365 1367 ex
1398 1327 1518 1369 cuius

113 1389 299 1432 editione
340 1397 519 1439 textum,
561 1390 671 1431 vitiis
712 1406 934 1447 operarum
984 1406 1070 1433 non
1121 1392 1278 1448 ubique
1329 1394 1516 1446 sublatis,

114 1459 295 1502 describi
326 1459 458 1509 iussit,
481 1459 635 1515 quibus
663 1459 705 1500 in
736 1459 838 1501 locis
859 1475 882 1501 a
904 1460 1243 1503 Drakenborchii
1272 1464 1516 1507 recensione

113 1527 201 1569 sive
234 1541 401 1568 mecum
434 1526 520 1568 sive
549 1541 646 1568 cum
679 1526 771 1568 aliis
796 1527 1063 1578 discessisset,
1093 1544 1179 1570 non
1210 1541 1403 1573 accurate
1435 1533 1518 1590 sig-

115 1595 362 1645 nificaverit,
404 1602 530 1650 atque
570 1602 799 1650 praeterea,
842 1610 975 1650 quum
1021 1595 1194 1651 ingenii,
1237 1613 1321 1653 quo
1372 1599 1515 1655 pollet,

115 1663 310 1704 acumine
332 1662 376 1703 in
397 1662 478 1703 hoc
503 1661 643 1703 labore
664 1661 929 1704 festinantius
956 1663 1177 1719 profligato
1207 1665 1267 1705 uti
1297 1666 1439 1718 nollet,
1463 1683 1517 1710 ne

115 1745 251 1772 unum
291 1729 477 1786 quidem,
515 1738 721 1785 quantum
763 1730 950 1780 memini,
993 1730 1105 1772 Livii
1142 1731 1280 1773 locum
1316 1734 1518 1790 palmaria

116 1799 361 1842 coniectura
387 1799 670 1855 persanaverit
698 1808 740 1840 et
768 1799 812 1839 in
833 1799 966 1841 varias
987 1800 1136 1841 erroris
1162 1815 1208 1842 ac
1235 1802 1517 1858 negligentiae

116 1866 466 1924 reprehensiones
507 1866 781 1916 incurrerit¹³,
823 1866 875 1908 de
918 1866 1030 1908 Livii
1070 1867 1327 1910 editionibus
1367 1870 1518 1914 horum

117 1934 436 1976 duumvirorum
459 1950 586 1991 opera
606 1934 760 1991 paratis
781 1933 863 1976 alio
886 1942 1074 1991 tempore
1101 1950 1147 1977 ac
1169 1935 1261 1977 loco
1282 1937 1372 1980 siue
1395 1939 1455 1980 ira
1476 1949 1519 1983 ct

116 2002 256 2046 studio
277 2003 486 2060 copiosius
507 2017 729 2059 exponam.

174 2070 351 2113 Praeter
382 2086 452 2113 eos
485 2081 639 2121 autem,
672 2072 746 2128 qui
777 2087 923 2114 omnes
957 2073 1130 2115 omnino
1165 2074 1276 2116 Livii
1310 2075 1435 2119 libros
1465 2094 1519 2120 ex

117 2154 244 2197 opere
278 2139 442 2196 ingenti
473 2140 658 2196 reliquos
691 2140 918 2182 ediderunt
951 2150 1078 2197 atque
1112 2142 1373 2199 interpretati
1407 2155 1517 2197 sunt,

116 2216 213 2265 post
252 2207 650 2250 Drakenborchium
696 2209 894 2266 permulti
937 2209 1200 2259 exstiterunt,
1244 2211 1317 2267 qui
1358 2213 1423 2254 vel
1464 2214 1518 2256 de

119 2275 232 2318 Livii
262 2276 446 2332 ingenio,
469 2277 522 2318 de
554 2277 689 2319 lactea
713 2278 802 2319 eius
833 2278 1023 2319 ubertate
1057 2278 1291 2334 ceterisque
1321 2281 1520 2323 orationis

118 2343 343 2385 virtutibus
387 2352 430 2386 et
472 2345 555 2386 fide
600 2345 797 2386 historica
839 2354 951 2387 recte
998 2346 1270 2396 aestimanda,
1314 2348 1357 2388 id
1404 2350 1520 2405 quod

119 2409 424 2464 Ioecherum¹⁴,
467 2412 682 2463 Mirum¹⁵,
732 2413 1052 2464 Schwabiumffi,
1097 2413 1463 2458 Eschcnbachium
1476 2424 1519 2468 ¹⁷,

168 2543 205 2574 13
230 2534 308 2566 Uno
339 2545 425 2567 nunc
452 2535 609 2574 defungar
635 2536 799 2576 exemplo,
844 2537 884 2567 de
902 2537 1006 2567 lactea
1024 2537 1105 2567 Livii
1125 2538 1281 2570 ubertate.
1326 2539 1409 2570 Ibid.
1431 2540 1520 2579 1746.

144 2576 209 2608 uod
224 2576 256 2608 in
270 2576 398 2609 Comm.
415 2577 455 2608 de
472 2577 550 2609 locis
566 2578 666 2609 Gellii
687 2579 798 2609 Noctt.
893 2587 926 2618 15
954 2580 991 2610 Α.
1024 2580 1065 2611 G.
1100 2580 1190 2617 Miri,
1234 2580 1344 2611 Livius
1383 2583 1520 2620 Augusti

158 2622 195 2650 tt.
221 2619 293 2651 Lib.
318 2619 382 2651 VI.
409 2621 492 2659 Cap.
523 2629 547 2651 1.
575 2624 608 2651 et
638 2620 798 2652 Luctantii
844 2622 992 2652 Caesaris
1007 2622 1156 2652 adulator
1174 2622 1206 2652 in
1224 2622 1357 2654 historia
1373 2625 1413 2655 dc
1430 2625 1520 2656 Cossi

125 2660 155 2692 E
180 2660 215 2691 it.
245 2661 325 2692 Inst.
355 2662 430 2694 Div.
459 2672 528 2702 cap.
559 2672 608 2704 ²9·
641 2663 798 2700 Miserum,
843 2663 953 2702 spoliis
969 2663 1085 2703 opimis
1098 2665 1369 2705 czrutelegeiiduu.
1402 2667 1518 2699 Helm-

131 2711 141 2733 ι
170 2711 219 2742 27.
236 2713 269 2743 p.
288 2713 334 2745 ¹9·
352 2705 504 2745 proposui
522 2718 529 2742 ;
553 2705 687 2745 posthac
706 2706 799 2745 plura
842 2707 924 2737 stad.
944 2705 1031 2745 1767.

125 2745 291 2777 allaturus.
892 2748 927 2778 16
952 2750 982 2779 S.
1006 2749 1043 2780 C.
1071 2749 1230 2780 Schwahii
1256 2749 1428 2781 Vindicine
1455 2762 1518 2782 cre-

175 2795 210 2824 14
233 2787 311 2819 Chr.
328 2787 371 2819 G.
390 2788 534 2820 Iocchen
557 2789 650 2830 Disp.
672 2791 712 2820 de
734 2800 798 2820 sus-
843 2791 990 2821 ‹lulitatis
1020 2791 1113 2826 Livii,
1139 2792 1230 2823 cuius
1254 2793 1295 2823 ob
1319 2793 1448 2832 saepius
1474 2805 1518 2823 rt·-

128 2833 222 2868 pecta
239 2829 321 2860 Livii
339 2831 402 2862 fide
420 2831 508 2872 Lipu.
529 2840 617 2871 1743.
635 2843 718 2871 quim
734 2833 798 2862 cdi-
844 2833 965 2863 censita
1000 2834 1144 2872 prodigia
1178 2834 1390 2866 insimulatur.
1438 2836 1517 2865 Got-

128 2870 224 2901 tionin
251 2870 576 2904 Dmkcnborchiunne
600 2874 695 2905 Turn.
716 2874 798 2905 v11.
845 2875 920 2913 ting.
943 2882 1031 2914 1773.

129 2923 160 2953 p.
180 2921 249 2950 ²30.
265 2922 333 2952 sqq.
350 2915 541 2946 continetur.
576 2915 684 2945 Eiusd.
706 2915 798 2954 Imp.
893 2925 927 2954 17
953 2918 989 2947 C.
1016 2917 1057 2947 G.
1083 2917 1318 2947 Eat-honhm-hii
1348 2918 1430 2948 Dis«.
1456 2929 1519 2957 qua

188 2967 285 2994 VOL.
311 2968 368 2995 lv.
1243 2972 1252 2996 Ι
1279 2973 1288 2997 1
