1888 3194
664 183 957 222 INDEX.

119 261 195 301 Agr.
208 259 335 300 Furius,
349 259 422 292 trib.
439 258 534 291 milit.
554 259 714 290 consulari
736 269 792 299 po-

161 307 279 335 testate
301 312 332 343 5,
352 312 402 342 32.
436 302 588 333 adversus
609 301 793 342 Salpinates

161 347 285 377 bellum
300 345 392 387 gerit,
406 345 483 376 ibid.

120 389 159 421 C.
171 389 299 427 Furius,
313 387 464 418 duumvir
478 386 602 418 navalis
617 397 670 426 41,
687 394 716 426 5.
746 387 791 418 le-

161 435 254 472 gatus
265 440 316 470 43,
336 440 348 460 1
358 439 384 461 1.

119 473 158 506 C.
171 473 288 505 Furius
303 474 439 511 Aculeo,
454 476 602 512 quaestor
618 472 655 504 L.
669 472 790 512 Scipio-

161 516 221 554 nis,
236 516 409 547 damnatur
424 516 475 555 38,
492 524 542 555 55.

119 558 158 590 C.
171 558 290 589 Furius
305 558 446 596 Pacilus,
466 568 528 589 cos
551 570 581 597 4,
603 567 650 589 12.
682 568 793 589 censor

160 601 308 641 probavit
320 601 431 632 villam
448 601 612 641 publicam
628 601 661 631 in
677 611 793 641 campo

160 644 282 676 Martio
301 653 349 676 22.
383 645 585 675 Mamercum
603 644 792 682 Aemilium,

161 686 218 727 qui
233 697 398 718 censuram
422 688 464 718 ad
487 687 582 718 unius
597 687 673 718 anni
689 692 721 718 et
736 697 792 718 sex

160 730 320 761 mensium
343 730 485 770 spatium
508 731 683 770 redegerat,
705 740 792 761 aera-

161 772 244 804 rium
260 772 338 804 facit
356 783 404 811 24.
421 773 460 804 cf.
477 778 508 804 et
525 783 556 814 9,
573 782 624 812 33.
645 774 717 804 trib.
734 773 793 803 mi-

162 815 210 847 lit.
232 816 391 847 consulari
414 820 574 856 potestate
591 827 621 854 4,
637 825 687 855 31.
719 826 792 847 con-

162 859 213 889 sul
228 863 354 890 creatur
370 868 419 898 52.

121 900 160 932 L.
173 901 300 940 Furius,
316 911 378 933 cos.
395 901 512 932 resistit
526 901 667 941 agrariae
683 901 745 942 legi
764 911 792 939 2,

163 952 214 983 54.
237 949 310 985 post
326 945 528 976 consulatum
541 946 577 975 fit
593 954 665 975 reus
680 945 720 975 ad
738 954 792 984 po-

162 988 290 1027 pulum,
305 987 381 1018 ibid.
407 988 564 1025 tribunus,
580 987 634 1027 qui
650 997 724 1018 eum
740 997 791 1018 ac-

163 1031 307 1069 cusabat,
336 1034 480 1061 mortuus
509 1030 597 1061 domi
633 1030 792 1068 inventus,

162 1072 240 1104 ibid.

120 1114 160 1147 L.
173 1115 300 1153 Furius,
315 1115 462 1146 tribunus
476 1115 616 1146 militum
633 1115 792 1146 consulari

161 1162 323 1198 potestate
347 1168 420 1189 cum
439 1158 580 1189 Camillo
596 1157 627 1195 6,
645 1168 693 1189 22.
728 1157 795 1189 eius

161 1200 332 1232 temeran'a
359 1202 511 1231 adversus
538 1201 693 1240 collegam
723 1210 794 1240 pro-

161 1243 265 1275 tervia
280 1252 329 1283 23.
357 1253 464 1284 pugna
479 1243 571 1274 initio
587 1243 795 1283 improspera,

162 1290 196 1318 et
218 1287 423 1327 corrigendae
446 1287 562 1326 culpae
584 1286 727 1317 studium
744 1295 793 1325 24.

161 1330 341 1361 moderatio
356 1329 390 1360 in
406 1339 480 1360 eum
498 1329 631 1361 Camilli
649 1337 698 1369 25.

121 1371 161 1404 L.
174 1372 302 1411 Furius,
317 1373 388 1404 trib.
406 1373 450 1412 pl.
467 1383 499 1414 9,
515 1382 565 1411 42.

122 1414 161 1446 L.
174 1415 303 1454 Furius,
328 1420 456 1456 praetor
480 1416 521 1446 ab
548 1415 695 1446 Arimino
718 1415 794 1447 Cre-

165 1467 296 1489 monam
322 1458 535 1498 proficiscitur
557 1467 609 1497 31,
633 1468 681 1489 21.
720 1468 794 1489 cum

166 1500 274 1532 Gallis
289 1501 413 1532 fortiter
428 1501 582 1541 confligit,
594 1511 712 1541 eosque
729 1502 794 1531 vin-

166 1543 222 1582 cit,
241 1544 317 1575 ibid.
349 1544 429 1584 petit
451 1543 652 1583 triumphum
674 1552 724 1583 47.
755 1544 796 1574 de

166 1596 205 1618 ea
219 1597 254 1618 re
268 1586 427 1627 ancipites
441 1586 473 1617 in
489 1590 603 1617 senatu
617 1586 796 1617 sententiae

166 1629 217 1667 48.
241 1629 421 1670 triumphat
437 1640 487 1671 49.

124 1671 163 1703 L.
188 1671 307 1704 Furius
344 1672 531 1710 Bibaculus,
567 1676 727 1712 quaestor,
762 1672 795 1703 in

167 1715 289 1755 proelio
305 1716 346 1746 ad
362 1716 492 1747 Cannas
507 1715 630 1746 occisus
647 1725 698 1753 22,
713 1725 763 1757 49.

125 1757 164 1789 L.
182 1758 299 1789 Furius
325 1759 497 1795 Camillus,
522 1758 670 1797 dictator,
694 1758 798 1789 reddit

168 1800 320 1832 Patribus
360 1801 590 1842 possessionem
632 1801 797 1841 pristinam

167 1844 354 1875 consulatus
382 1852 411 1883 7,
439 1854 488 1882 24.
522 1845 562 1874 ob
589 1843 620 1875 id
647 1844 798 1874 meritum

167 1896 231 1918 cos.
252 1892 389 1924 creatur,
407 1887 484 1918 ibid.
515 1887 638 1927 collega
661 1892 799 1925 mortuo,

167 1929 255 1960 solus
272 1930 504 1970 rempublicam
527 1935 560 1961 et
582 1930 703 1961 bellum
721 1930 799 1961 Gal-

167 1971 268 2003 licum
294 1973 497 2004 administrat
521 1982 570 2013 25.
601 1972 698 2003 vincit
722 1972 798 2003 Gal-

167 2014 216 2046 los
233 2014 282 2047 26.
310 2016 462 2047 adversus
483 2015 624 2047 Graecos
646 2016 687 2046 ad
711 2025 799 2046 oram

167 2057 362 2088 maritimam
389 2059 561 2099 profectus,
586 2059 709 2089 nullam
734 2069 799 2089 me-

166 2101 355 2132 morabilem
372 2112 437 2132 rem
454 2101 546 2141 gerit,
561 2102 636 2132 ibid.
664 2101 801 2132 dictator

168 2143 201 2174 in
218 2154 326 2184 pugna
341 2145 494 2175 adversus
511 2146 690 2182 Auruncos,
707 2149 800 2175 vovet

167 2187 281 2218 aedem
298 2187 416 2218 Iunoni
434 2188 588 2218 Monetae
607 2188 654 2218 28.

127 2226 167 2260 L.
182 2229 298 2261 Furius
318 2230 488 2268 Camillus,
505 2241 567 2261 cos.
591 2231 625 2266 8,
643 2239 688 2269 13.
713 2230 799 2270 capit

170 2272 298 2304 Pedum
320 2273 488 2314 oppidum,
509 2273 585 2304 ibid.
609 2273 800 2313 triumphat,

169 2314 247 2347 ibid.
271 2319 377 2347 statua
397 2317 551 2356 equestris
566 2316 595 2347 ei
611 2315 643 2347 in
660 2316 727 2346 foro
745 2326 799 2356 po-

170 2357 244 2395 sita,
266 2357 343 2390 ibid.
367 2359 435 2390 eius
458 2360 559 2390 oratio
583 2359 625 2390 ad
652 2363 799 2390 senatum

171 2401 212 2432 de
223 2400 346 2432 Latinis
358 2402 497 2442 populis,
509 2402 586 2433 ibid.
611 2412 673 2433 cos.
683 2401 799 2432 iterum

171 2453 188 2474 2
215 2466 223 2474 .

128 2487 168 2519 L.
184 2454 301 2518 ssurius
326 2486 538 2518 Medullinus.
577 2486 635 2528 (In
662 2487 723 2518 hoc
746 2498 800 2518 no-

169 2529 258 2561 mine
277 2530 359 2560 tanti
383 2540 503 2561 errores
524 2530 692 2570 implicant
714 2531 802 2570 apud

170 2572 313 2611 Livium,
323 2577 359 2604 ut
375 2573 462 2604 haud
479 2573 573 2604 facile
585 2574 625 2603 ad
644 2573 802 2612 liquidum

171 2615 304 2656 perduci
327 2626 376 2647 res
392 2615 501 2656 posuit.
548 2616 620 2647 Nec
641 2616 722 2646 tanti
744 2620 803 2646 est.

173 2658 290 2699 Itaque
305 2669 508 2699 apponemus
531 2669 569 2689 ea
586 2659 668 2695 loca,
683 2659 715 2690 in
735 2658 803 2699 qui-

171 2700 232 2732 bus
251 2701 289 2733 L.
303 2701 419 2733 Furius
438 2701 641 2733 Medullinus
660 2702 802 2742 aliquem

172 2743 394 2783 magistratum
419 2745 550 2784 gessisse
574 2745 703 2778 dicitur.
729 2744 805 2775 licet

173 2795 238 2816 non
260 2787 369 2818 omnia
384 2787 416 2818 in
434 2798 534 2818 unum
551 2787 713 2818 hominem
731 2798 804 2818 con-

175 2827 317 2867 veniant,
331 2833 364 2861 et
381 2830 445 2861 sint
467 2830 499 2861 in
521 2831 602 2862 duos
619 2835 723 2862 tresve
744 2830 805 2861 dis-

175 2871 368 2912 pertienda).
406 2872 494 2904 Trib.
524 2873 618 2905 milit.
649 2873 807 2905 consulari

175 2917 336 2954 potestate
359 2925 391 2952 4,
415 2923 453 2953 25
477 2919 510 2946 et
537 2924 586 2955 35.
617 2915 732 2947 iterum
757 2928 807 2954 44.

880 264 1006 292 creatur
1028 271 1092 294 cos.
1114 269 1165 301 51.
1196 271 1258 293 cos.
1279 261 1396 294 iterum
1415 270 1455 303 54
1473 266 1507 295 et

879 300 930 333 61.
958 303 1030 335 trib.
1046 304 1140 335 milit.
1162 304 1319 335 consulari
1335 309 1507 344 potestate,

880 355 954 375 cum
978 345 1042 377 iam
1064 347 1194 378 functus
1216 356 1254 378 eo
1277 347 1398 378 honore
1425 352 1508 379 esset

879 395 930 427 57.
967 389 1098 420 tertium
1130 397 1160 429 5,
1194 399 1240 427 14.
1275 394 1425 428 quartum
1459 389 1506 422 16.

878 430 1026 469 quintum
1045 441 1093 470 24.
1117 436 1244 463 sextum
1260 430 1310 462 26.
1333 432 1507 471 septimum

902 482 930 505 2.

837 481 1006 547 L.3Furius
1022 516 1203 557 Purpureo,
1218 516 1290 548 trib.
1302 516 1398 548 milit.
1417 525 1455 547 2
1442 527 1495 556 ,,2
1500 542 1508 548 .

879 564 1007 599 praetor
1030 568 1082 598 31,
1105 571 1133 597 4.
1167 559 1296 590 sortitur
1319 559 1464 590 Galliam
1489 559 1508 590 6

879 605 911 632 et
935 611 982 633 10.
1011 602 1126 633 Gallos
1153 602 1251 633 vincit
1273 612 1322 633 21.
1351 602 1433 641 petit
1455 602 1509 632 tri-

878 645 1038 684 umphum
1069 653 1118 684 47.
1151 646 1190 676 de
1220 656 1258 676 ea
1287 655 1320 675 re
1346 645 1452 675 variae
1476 645 1510 676 in

879 693 993 718 senatu
1004 688 1183 719 sententiae
1196 688 1245 726 48.
1269 687 1448 728 triumphat
1459 697 1510 729 49.

880 734 1005 761 creatur
1023 731 1134 762 consul
1156 740 1208 771 33,
1230 741 1279 769 24.
1303 741 1360 771 per
1379 730 1510 762 tribum.

880 773 1046 813 Sapiniam
1062 773 1095 804 in
1117 774 1213 805 Boios
1231 774 1318 805 venit
1334 782 1384 813 37.
1408 783 1510 814 popu-

880 817 965 847 latur
985 827 1095 857 agrum
1120 817 1286 854 Boiorum,
1306 817 1384 847 ibid.
1415 817 1512 847 aedes

880 859 921 889 ab
937 869 975 890 eo
993 864 1085 890 votae
1102 869 1154 899 34,
1170 869 1220 899 53.
1245 868 1296 898 35,
1313 869 1363 897 41.
1387 859 1511 899 legatus

879 910 931 941 37,
954 910 1006 942 55.
1029 903 1146 933 resistit
1169 903 1229 934 Cn.
1246 902 1384 940 Manlio,
1399 902 1511 932 trium-

878 945 980 984 phum
999 945 1122 985 petenti
1147 945 1198 984 38,
1217 957 1258 985 44
1280 950 1312 976 et
1334 953 1385 984 45.
1415 944 1454 976 cf.
1479 947 1512 975 et

881 996 930 1027 54.
961 997 1078 1028 magna
1108 988 1312 1019 contentione
1343 997 1512 1018 censuram

880 1030 961 1069 petit
993 1039 1045 1072 39,
1073 1041 1122 1069 40.
1154 1031 1277 1071 legatus
1300 1031 1335 1061 in
1365 1030 1511 1061 Galliam

880 1072 1130 1113 Transalpinam
1147 1073 1287 1104 mittitur
1303 1082 1351 1113 54.

838 1114 876 1146 L.
891 1116 1008 1146 Furius
1030 1117 1209 1156 Purpureo,
1231 1117 1355 1156 legatus
1374 1116 1416 1147 ad
1437 1126 1511 1147 con-

882 1158 992 1189 cilium
1003 1159 1192 1190 Aetolorum
1205 1168 1256 1197 31,
1268 1169 1316 1201 29.
1333 1159 1402 1190 eius
1411 1158 1511 1189 oratio

882 1209 932 1239 31.

839 1241 877 1274 L.
891 1244 1010 1275 Furius
1026 1245 1153 1283 Philus,
1173 1248 1298 1276 creatur
1318 1248 1445 1285 praetor
1460 1254 1511 1282 42,

881 1287 932 1318 28.
955 1287 1086 1318 sortitur
1101 1288 1281 1318 Sardiniam
1292 1296 1342 1326 31.
1366 1287 1512 1327 pontifex

880 1330 1016 1360 moritur
1031 1339 1083 1369 43,
1103 1339 1149 1369 13.

838 1371 888 1403 .
903 1372 1020 1403 Furius
1034 1373 1178 1404 defendit
1198 1373 1231 1404 in
1252 1376 1365 1404 senatu
1384 1372 1432 1403 M.
1446 1372 1512 1403 Au-

880 1415 1008 1454 relium,
1018 1426 1114 1456 quem
1125 1417 1320 1447 accusabant
1329 1415 1425 1456 legati
1437 1415 1512 1446 Phi-

882 1459 964 1498 hmn
977 1468 1033 1507 30,
1049 1469 1100 1498 42-

840 1499 889 1532 M.
907 1502 1035 1541 Funus,
1050 1502 1176 1542 legatus
1193 1512 1244 1542 31,
1261 1511 1310 1533 21.

841 1542 889 1576 M.
904 1544 1021 1575 Furius
1039 1545 1210 1584 Camillus,
1229 1545 1300 1576 trib.
1321 1544 1416 1575 milit.
1438 1554 1512 1575 con-

881 1587 979 1618 sulari
1010 1591 1170 1627 potestate
1197 1596 1228 1627 5,
1258 1597 1282 1618 1.
1313 1587 1430 1618 iterum
1465 1596 1513 1618 10.

882 1634 993 1661 contra
1029 1630 1173 1661 Faliscos
1214 1630 1425 1671 proficiscitur
1465 1639 1513 1661 12.

882 1673 1011 1703 tertium
1033 1673 1104 1704 trib.
1122 1673 1215 1704 milit.
1231 1672 1390 1703 consulari
1407 1676 1513 1712 potes-

882 1719 950 1746 tate
977 1725 1024 1754 14.
1051 1726 1070 1746 a
1095 1716 1230 1756 Capena
1254 1716 1398 1756 ingentes
1422 1725 1512 1755 prae-

883 1759 941 1789 das
955 1759 1032 1799 agit,
1045 1758 1121 1789 ibid.
1145 1759 1284 1790 interrex
1305 1767 1351 1798 17
1375 1757 1513 1788 dictator

887 1811 934 1843 19.
966 1802 1059 1832 ludos
1085 1811 1217 1841 magnos
1243 1812 1283 1832 ex
1307 1805 1512 1832 senatuscon-

884 1845 969 1875 sulto
997 1848 1101 1881 vovet,
1125 1844 1202 1875 ibid.
1234 1844 1332 1874 vincit
1357 1844 1512 1880 Faliscos,

885 1887 962 1918 ibid.
984 1887 1168 1918 cuniculum
1185 1887 1217 1918 in
1233 1897 1339 1918 arcem
1357 1886 1514 1917 Veiorum

885 1930 962 1970 agit,
978 1930 1053 1961 ibid.
1079 1930 1178 1961 Veios
1190 1930 1275 1970 capit
1290 1939 1339 1961 21.
1363 1929 1432 1960 eius
1445 1939 1514 1969 pre-

886 1973 982 2010 catio,
998 1973 1072 2003 ibid.
1097 1983 1190 2004 curru
1206 1972 1296 2012 equis
1307 1972 1390 2002 albis
1404 1972 1515 2002 iuncto

886 2016 1089 2056 triumphans
1116 2017 1225 2046 urbem
1257 2015 1433 2055 ingreditur
1464 2023 1514 2053 23.

886 2058 1001 2090 resistit
1018 2058 1079 2099 legi
1096 2059 1135 2090 dc
1150 2058 1404 2097 transmigrando
1416 2057 1516 2088 Veios

888 2110 936 2140 25.
973 2101 1156 2142 religionem
1187 2101 1288 2132 iniit-it
1318 2101 1359 2131 de
1388 2100 1516 2131 decima

887 2145 1024 2184 praedae
1042 2144 1254 2182 Veientanae,
1269 2143 1345 2175 ibid.
1369 2143 1441 2174 tnb.
1457 2142 1515 2173 mi-

887 2187 934 2218 lit.
951 2187 1109 2218 consulari
1127 2191 1285 2228 potestate
1297 2191 1446 2226 quartum
1465 2184 1515 2217 26.

887 2230 1048 2261 Faliscum
1059 2230 1125 2261 ludi
1139 2230 1337 2269 magistrum.
1345 2238 1516 2276 puerorum

888 2274 1094 2322 proditorem,
1104 2272 1237 2304 remittit
1251 2272 1394 2303 Falerios
1406 2280 1454 2310 27.
1470 2271 1516 2301 111-

888 2316 1042 2346 vehitur
1034 2326 1066 2346 m
1084 2316 1212 2356 plebem
1231 2325 1280 2357 2.9
1304 2319 1453 2346 senatum
1470 2313 1516 2344 in-

886 2358 965 2390 citat
979 2359 1130 2390 adversus
1144 2359 1244 2398 legem
1261 2367 1310 2396 30.
1335 2362 1460 2389 creatur
1471 2367 1517 2387 1n

886 2405 991 2433 terrex
1008 2411 1059 2440 31.
1083 2412 1111 2432 ei
1124 2402 1165 2432 ab
1182 2402 1219 2432 L.
1234 2400 1375 2441 Apuleio
1387 2400 1458 2430 trib.
1472 2400 1517 2440 pl.

887 2445 956 2476 dies
975 2444 1062 2475 dicta
1083 2453 1132 2482 32.
1157 2444 1224 2475 abit
1247 2444 1279 2474 in
1302 2443 1464 2480 exsilium,
1485 2446 1518 2473 ct

887 2488 1001 2518 absens
1031 2487 1214 2527 quindecim
1247 2486 1391 2517 millibus
1415 2484 1519 2525 gravis

888 2530 969 2561 aeris
989 2531 1173 2568 damnatur,
1193 2529 1269 2561 ibid.
1294 2529 1436 2560 concitat
1461 2529 1517 2558 Ar-

890 2573 1000 2604 deates
1017 2573 1058 2604 ad
1079 2554 1309 2613 opprimendos
1330 2573 1358 2603 G
1363 2572 1444 2602 allos
1464 2581 1518 2610 po-

891 2616 1055 2656 pulatores
1081 2627 1122 2655 44
1148 2620 1179 2647 et
1203 2624 1253 2654 45.
1283 2619 1462 2651 revocatur,
1486 2617 1519 2643 et

891 2658 1028 2690 dictator
1051 2659 1169 2690 dicitur
1195 2657 1244 2697 46.
1278 2657 1376 2689 caesis
1403 2657 1430 2687 (
1435 2655 1519 2691 allis,

892 2701 1070 2742 triumphat
1094 2712 1143 2743 49.
1167 2700 1429 2741 diligentissimus
1449 2698 1518 2729 reli-

891 2743 1021 2784 gionum
1038 2745 1143 2775 cultor
1158 2754 1208 2783 50.
1232 2743 1378 2784 prohibet
1394 2740 1519 2778 migrari

895 2786 1006 2825 Veios,
1022 2787 1182 2827 habetque
1197 2797 1293 2826 super
1307 2797 1344 2816 ca
1362 2796 1394 2815 re
1408 2785 1448 2814 ad
1466 2793 1519 2822 po-

895 2830 1008 2870 pulum
1030 2830 1206 2861 orationem
1229 2838 1263 2867 51
1288 2833 1319 2859 et
1335 2837 1402 2867 sqq.
1426 2826 1520 2856 inter-

895 2883 949 2904 rex
971 2872 1002 2910 6,
1023 2883 1048 2904 1.
1072 2873 1209 2903 dictator
1228 2871 1357 2902 tertium
1383 2878 1409 2898 2.
1433 2866 1520 2906 capit

898 2915 1089 2946 Volscorum
1105 2919 1220 2951 castra,
1234 2913 1309 2944 ibid.
1334 2909 1446 2949 recipit
1462 2909 1519 2940 Su-
