1888 3194
302 173 385 210 452

507 169 871 212 SYLLABUS
916 168 1498 212 PRAECIPUARUM

420 258 638 309 Aloinum,
680 258 788 301 hanc
833 261 1032 316 temporis
1077 268 1220 301 notam
1268 259 1534 316 praeferens:
1598 264 1610 282 ‘
1626 257 1695 299 Ex

421 322 433 340 ‘
451 315 787 373 Chalcographia
813 326 954 358 nostra
973 317 1086 374 apud
1107 317 1350 366 Parrhisios,
1373 316 1508 372 pridie
1530 330 1695 356 annun-

421 379 433 397 ‘
449 374 633 415 tiationis
675 382 801 429 atque
848 375 1144 415 incarnationis
1186 375 1421 415 dominicae
1470 371 1696 414 M.D.XI.’

419 430 644 471 Praeterea
690 431 884 472 Sabellici
924 431 967 471 in
1014 431 1183 471 Livium
1221 431 1545 480 Annotationes,
1591 429 1696 470 defi-

419 488 556 528 ciente
598 496 739 529 tamen
779 488 868 528 eius
909 488 962 528 ad
1001 487 1250 528 Cornarium
1292 487 1562 543 praefatione,
1605 495 1696 527 tum

419 544 548 600 ipsius
571 544 693 585 Badii
716 544 909 585 Ascensii
937 544 981 584 in
1003 544 1223 584 Livianam
1244 544 1469 585 lectionem
1490 544 1697 599 Isagogen

420 616 517 642 cum
539 601 743 657 prooemii
763 601 888 656 primi
909 600 1185 656 expositione.
1233 601 1306 641 Ad
1327 601 1482 642 calcem
1500 600 1697 642 editionis

420 658 524 699 haec
539 659 666 698 verba
685 657 972 712 reperiuntur:
1003 662 1015 680 ‘
1028 656 1308 712 Diligentiore
1329 672 1440 706 cura,
1458 658 1503 698 in
1524 657 1698 698 aedibus

424 720 436 738 ‘
452 714 734 762 Ascensianis,
763 715 806 754 in
838 713 987 754 illustri
1015 713 1320 754 Parrhisiorum
1346 713 1590 763 Academia,
1619 714 1698 754 im-

424 777 435 795 ‘
451 771 589 826 pensis
611 770 781 811 Ioannis
802 770 926 811 Parvi
948 778 991 810 et
1018 770 1146 825 ipsius
1169 769 1376 811 Ascensii.
1439 770 1569 811 Anno
1589 769 1699 811 salu-

423 828 474 868 tis
497 827 760 869 Christianae
783 826 984 868 M.D.X.
1009 827 1063 867 ad
1084 826 1187 867 Idus
1209 826 1412 867 Martias.'

310 886 433 926 1511.
468 883 660 925 Venetiis
695 899 770 940 per
804 883 1051 940 Philippum
1087 883 1282 924 Pincium
1320 883 1618 933 Mantuanum,
1654 883 1700 924 in

364 941 498 982 forma
519 942 687 982 maiore.

482 998 608 1039 Hanc
641 997 882 1047 editionem,
915 1013 939 1038 a
972 996 1186 1038 Maittaire
1219 997 1264 1037 in
1293 996 1449 1039 Annal.
1481 997 1701 1053 Typogra-

422 1055 558 1111 phicis
586 1056 792 1105 omissam,
821 1063 955 1096 servat
984 1054 1239 1095 bibliotheca
1268 1054 1436 1109 publica
1464 1054 1702 1095 Amstelae-

423 1112 645 1153 damensis.
694 1112 766 1153 Ad
788 1112 877 1153 eius
894 1120 1034 1153 autem
1051 1111 1206 1152 calcem
1228 1111 1336 1152 hanc
1352 1111 1700 1167 subscriptionem

422 1169 518 1224 legi,
537 1169 616 1209 Vir
639 1168 904 1210 Clarissimus
926 1169 1075 1209 Petrus
1099 1168 1378 1218 Burmannus,
1403 1168 1699 1217 Historiarum,

424 1226 703 1281 Eloquentiae
726 1235 767 1267 et
784 1227 964 1267 Poeseos
985 1225 1142 1266 ibidem
1165 1225 1379 1265 Professor
1399 1225 1698 1274 meritissimus,

423 1298 491 1323 me
528 1283 717 1324 monuit:
765 1283 844 1323 ‘T.
879 1283 991 1323 Livii
1028 1282 1207 1323 decades
1242 1282 1417 1323 feliciter
1452 1282 1699 1337 expliciunt,

426 1339 646 1381 ‘Venetiis
695 1355 720 1381 a
760 1339 959 1395 Philippo
1000 1339 1149 1380 Pincio
1191 1338 1428 1380 Mantuano
1477 1339 1700 1394 impressae

426 1402 563 1437 ‘anno
593 1397 770 1438 Domini
799 1395 1151 1437 MCCCCCXI.
1181 1396 1249 1436 die
1283 1397 1432 1437 XVII.
1464 1394 1699 1451 Septembr.

426 1454 587 1495 ‘incliti
620 1454 793 1503 domini,
828 1453 1003 1493 Domini
1037 1452 1251 1493 Leonardi
1286 1452 1526 1493 Lauredani
1559 1451 1702 1493 Vene-

427 1516 439 1534 ‘
454 1511 603 1551 tiarum
626 1511 744 1551 ducis
766 1510 1038 1565 tempestate.’

314 1571 434 1609 1511.
469 1567 638 1608 Parisiis
673 1567 785 1623 apud
821 1566 1003 1607 Badium
1037 1566 1303 1615 Ascensium,
1339 1565 1384 1606 in
1417 1566 1552 1607 forma
1585 1573 1703 1607 octu-

369 1625 489 1680 plice.

485 1681 609 1722 Hanc
640 1681 871 1722 editionem
902 1680 1080 1736 primam
1111 1680 1235 1721 fuisse
1267 1687 1409 1720 censet
1441 1678 1477 1723 I.
1499 1678 1565 1720 Fr.
1592 1677 1704 1719 Gro-

426 1738 575 1779 novius
615 1738 658 1778 in
699 1737 827 1793 praef.
867 1752 973 1792 quae
1015 1737 1092 1777 hac
1125 1737 1259 1778 forma
1298 1745 1523 1785 contracta,
1560 1735 1704 1777 charta

427 1794 705 1851 ὀκταπτύχῳ,
752 1794 919 1850 prodiit.
990 1793 1144 1849 Neque
1186 1794 1309 1835 aliam
1350 1809 1399 1834 ea
1439 1793 1703 1848 antiquorem

426 1853 524 1893 vidi.
588 1852 786 1892 Testatur
818 1860 958 1892 autem
992 1866 1034 1891 se
1068 1866 1153 1892 non
1188 1851 1318 1906 ipsam
1353 1850 1595 1899 editionem,
1630 1848 1704 1890 sed

426 1917 589 1950 tantum
611 1909 824 1964 specimen
844 1908 1009 1956 vidisse,
1033 1907 1291 1948 dissimulato
1312 1907 1403 1948 loco
1431 1916 1474 1948 et
1503 1917 1702 1961 tempore,

426 1981 511 2022 quo
551 1966 718 2021 prodiit,
754 1980 880 2006 unam
912 1965 1130 2020 utriusque
1166 1974 1308 2005 notam
1340 1964 1578 2019 praeferens
1610 1962 1704 2003 Au-

427 2023 585 2078 gustini
620 2022 815 2063 Becharii
851 2021 1086 2062 Sacerdotis
1118 2021 1172 2062 ad
1204 2021 1410 2062 studiosos
1442 2019 1700 2075 alloquium3

428 2079 541 2120 unde
578 2079 705 2120 etiam
742 2079 895 2134 passim
935 2079 979 2118 in
1020 2078 1130 2118 notis
1167 2077 1362 2118 Becharii
1402 2076 1574 2117 nomine
1610 2091 1703 2117 eam

428 2136 584 2177 laudat.
650 2135 948 2191 Suspicabatur
968 2135 1151 2189 insuper,
1173 2149 1259 2175 non
1282 2133 1414 2174 multo
1437 2133 1646 2182 seriorem,
1669 2133 1704 2174 si

428 2208 515 2233 non
551 2193 845 2247 antiquiorem,
877 2206 964 2231 esse
1001 2206 1062 2239 ea,
1095 2205 1223 2246 quem
1262 2190 1472 2245 Georgius
1506 2190 1558 2231 de
1592 2189 1704 2231 Rus-

429 2249 605 2290 conibus
643 2247 975 2289 Mediolanensis
1015 2261 1126 2288 anno
1168 2246 1475 2288 MCCCCCI.
1510 2246 1703 2288 Venetiis

428 2305 679 2361 procuravit.
740 2304 902 2345 Verum
932 2303 1124 2344 eamdem
1156 2304 1310 2345 rectius
1340 2304 1552 2345 recensuit
1579 2303 1700 2345 Fabr.

428 2363 473 2403 in
495 2361 605 2402 Bibl.
631 2360 795 2410 Latina,
818 2375 865 2401 ac
887 2369 1059 2401 testatus
1080 2369 1153 2410 est,
1177 2361 1378 2416 prodiisse
1401 2360 1570 2401 Parisiis
1591 2359 1703 2415 apud

431 2417 614 2459 Badium
637 2418 889 2458 Ascensium
923 2432 1033 2458 anno
1064 2418 1396 2459 MCCCCCXI.
1421 2432 1474 2458 ex
1508 2416 1703 2458 Sabellici

428 2474 715 2530 recognitione
757 2489 852 2515 cum
895 2474 1124 2530 Augustini
1166 2474 1361 2515 Becharii
1404 2474 1456 2514 ad
1497 2473 1703 2514 studiosos

429 2532 625 2587 alloquio.
690 2531 795 2572 Eam
826 2546 851 2571 a
879 2530 1092 2572 Maittaire
1122 2531 1167 2571 in
1190 2531 1344 2573 Annal.
1370 2529 1703 2586 Typographicis

430 2588 663 2636 memorari,
685 2589 865 2643 reperire
887 2603 972 2628 non
994 2588 1123 2642 potui.

317 2649 441 2688 1513.
474 2644 644 2687 Parisiis
665 2644 777 2699 apud
799 2644 981 2685 Badium
1003 2643 1268 2692 Ascensium,
1290 2643 1335 2683 in
1355 2643 1488 2684 forma
1507 2642 1677 2684 maiore.

489 2701 542 2742 In
574 2701 652 2741 hac
684 2700 883 2749 editione,
913 2715 1039 2755 quam
1072 2701 1198 2741 etiarn
1227 2699 1441 2740 Maittaire
1474 2700 1519 2739 in
1542 2699 1700 2740 Annal.

431 2757 765 2815 Typographicis
805 2757 988 2798 omisisse
1029 2757 1207 2806 videtur,
1244 2756 1514 2797 continentur
1553 2756 1702 2797 eadem

431 2815 584 2864 omnia,
614 2829 720 2870 quae
754 2814 798 2855 in
830 2822 953 2855 antea
982 2821 1211 2855 memorata
1240 2813 1339 2854 anni
1372 2813 1532 2855 MDX.
1564 2821 1703 2853 exsta—-

430 2873 558 2920 bant3
590 2871 648 2912 ita
677 2879 831 2920 tamen,
859 2878 906 2911 ut
929 2870 1122 2912 Ascensii
1152 2870 1197 2910 in
1225 2869 1444 2911 Livianam
1476 2869 1701 2912 lectionem
