1888 3194
937 202 1224 240 INDEX.

441 280 508 312 eius
530 290 578 311 res
600 283 717 321 gestae,
743 280 821 311 ibid.
847 290 909 312 cos.
936 284 1059 312 creatur

441 332 491 364 47·

401 367 440 399 L.
457 367 576 398 Brutus
597 366 727 405 Scaeva,
748 366 895 407 magister
913 366 1058 406 equitum

442 409 473 447 8,
497 418 543 440 12.
575 419 637 440 cos.
661 413 783 440 creatur
804 419 852 451 29.
876 409 973 439 vincit
994 409 1058 439 Ve-

442 452 549 490 stinos,
565 461 735 491 eorumque
745 452 864 492 oppida
879 452 974 491 capit,
982 451 1057 482 ibid.

401 494 438 526 L.
463 495 536 526 Iun.
560 495 689 533 Brutus,
718 505 773 525 cur
806 495 986 534 appellatus
1022 494 1058 524 L.

442 537 555 568 Iunius
581 547 608 575 1,
629 536 678 576 56.
708 537 854 577 Delphos
876 537 987 567 missus
1014 539 1059 566 est

442 580 580 619 portenti
601 590 704 616 causa,
724 580 799 610 ibid.
826 579 893 609 eius
914 589 1060 616 acumen,

441 622 517 653 ibid.
536 622 670 653 comitiis
680 621 863 652 centur-latis
871 631 890 651 a
901 621 1059 660 praefecto

441 665 526 695 urbis
543 669 614 704 post
638 668 765 694 exactos
783 663 981 702 Tarquinios,
997 673 1058 694 cos.

442 711 566 738 creatur
580 705 629 737 60.
653 706 751 736 fasces
767 705 850 745 prior
869 706 966 736 habet
987 715 1016 743 2,
1035 715 1060 735 1.

441 749 545 780 reddit
558 749 682 779 Romae
692 748 882 784 libertatem,
891 748 966 778 ibid.
982 748 1061 778 iure-

441 792 575 822 iurando
602 791 757 829 populum
784 790 938 829 astringit,
961 790 1059 820 nemi—

441 844 515 864 nem
544 834 669 864 Romae
697 843 826 872 regnare
860 843 1005 872 passuros
1034 842 1061 864 2.

442 875 659 915 Tarquinium,
676 875 874 907 Collatinum
899 876 1063 915 collegam,

442 922 572 958 propter
600 918 788 949 affinitatem
818 918 1063 957 Tarquiniorum

442 965 637 1000 suspectum,
662 961 745 1000 cogit
764 961 930 991 consulatu
954 971 986 992 se
1008 961 1061 991 ab-

443 1004 548 1034 dicare
564 1009 595 1034 et
605 1003 732 1034 civitate
745 1004 867 1041 cedere,
879 1003 954 1035 ibid.
978 1006 1062 1034 creat

444 1047 598 1086 collegam
630 1047 667 1077 P.
685 1046 866 1084 Valerium,
889 1046 964 1077 ibid.
996 1046 1063 1076 eius

443 1099 523 1119 uxor
544 1089 748 1120 Vitelliorum
770 1099 855 1120 soror
875 1099 904 1127 4.
931 1088 1063 1128 Tarqui-

443 1132 568 1162 niorum
583 1133 667 1162 bona
682 1131 776 1171 diripi
790 1132 878 1162 iubet
895 1139 924 1170 5.
947 1142 1008 1163 cos.
1025 1132 1065 1162 de

444 1175 509 1205 suis
533 1175 640 1205 liberis
663 1174 760 1205 sumit
786 1174 914 1214 publice
937 1184 1064 1213 poenas,

443 1217 518 1248 ibid.
542 1217 748 1248 moribundus
763 1227 802 1248 ex
815 1227 895 1256 equo
905 1217 1021 1247 labitur
1036 1215 1064 1247 6.

445 1260 512 1290 eius
527 1261 622 1290 funus
642 1270 660 1290 a
676 1260 797 1299 collega
816 1259 936 1289 factum
960 1267 986 1299 7.
1010 1269 1066 1299 per

445 1313 565 1333 annum
579 1313 599 1332 a
614 1302 764 1333 matronis
778 1302 913 1342 lugetur,
928 1302 1003 1333 ibid.

405 1345 560 1376 Brutulus
590 1345 721 1384 Papius,
749 1345 863 1375 nobilis
892 1348 923 1375 et
952 1348 1065 1384 potens

446 1387 582 1425 Samnis,
606 1387 801 1418 indutiarum
823 1391 934 1426 ruptor
958 1388 989 1425 8,
1016 1396 1064 1428 39.

444 1430 545 1461 iussus
560 1430 633 1460 dedi
650 1429 815 1467 Romanis,
830 1429 887 1460 sibi
902 1430 970 1469 ipse
985 1440 1065 1459 mor-

445 1476 511 1503 tem
528 1472 704 1510 consciscit,
717 1472 795 1502 ibid.

405 1515 580 1555 Bryanium
598 1525 647 1554 31,
663 1524 712 1555 39.

405 1558 580 1595 Bubulcus,
597 1557 658 1588 vid.
676 1557 797 1588 Iunius.

405 1600 569 1631 Bucculae
584 1611 635 1639 44,
652 1609 700 1639 34.

405 1642 559 1680 Budares,
571 1643 742 1682 imperator
755 1642 928 1682 Hispanus,
942 1642 1066 1682 capitur

447 1696 466 1716 a
483 1686 639 1716 Romanis
656 1694 706 1724 33,
722 1696 772 1724 44.

406 1728 541 1767 Bullini,
562 1728 684 1768 populi,
699 1728 894 1758 auxiliantur
912 1727 1067 1758 Romanis

447 1772 595 1802 adversus
611 1771 765 1802 Gentium
781 1782 832 1809 44,
849 1781 896 1811 3ο.

406 1813 556 1844 Bullinus
570 1824 644 1854 ager
659 1812 710 1853 36,
727 1820 753 1852 7.

406 1856 505 1887 Bulla
522 1856 572 1895 26,
588 1856 639 1895 36.

406 1898 505 1937 Busa,
534 1900 649 1930 mulier
678 1899 797 1938 Apula,
820 1899 908 1930 iuvat
937 1899 1068 1931 Canusii

445 1942 603 1982 fugientes
616 1943 779 1972 Romanos
790 1942 959 1979 fi‘umento,
969 1946 1066 1980 veste,

446 1984 561 2015 viatico
578 1995 628 2022 22,
641 1994 690 2024 52.
713 1984 742 2015 ei
757 1985 797 2015 ab
807 1989 918 2016 senatu
932 1985 1067 2015 honores

447 2027 558 2065 habiti,
573 2027 648 2058 ibid.

407 2069 508 2100 Busta
524 2070 651 2101 Gallica
667 2081 696 2110 5,
712 2071 760 2109 48.
787 2080 836 2109 22,
854 2080 900 2109 14.

407 2111 572 2151 Butrotus,
586 2113 688 2144 amnis
705 2123 753 2154 29,
772 2120 798 2152 7.

407 2154 593 2186 Buxentum
610 2165 661 2194 32,
674 2159 724 2197 29.
748 2166 784 2186 eo
797 2155 920 2187 colonia
931 2156 1068 2186 deducta.

450 2206 500 2236 34,
516 2206 564 2236 45-
582 2199 620 2229 cf·
637 2203 668 2228 et
684 2207 733 2239 39,
752 2208 799 2237 23·

408 2238 555 2278 Bylazor,
572 2241 731 2271 Paeoniae
747 2241 835 2271 locus
850 2252 901 2279 44,
918 2239 966 2272 26.

408 2280 593 2320 Byzacium,
607 2283 692 2322 regio
708 2283 835 2313 Africae
851 2292 902 2321 33,
918 2283 968 2320 48.

409 2323 599 2362 Byzantium
619 2329 730 2355 tenent
751 2325 839 2355 Galli
862 2326 913 2363 38,
933 2324 978 2355 16.
1003 2325 1067 2364 By-

449 2366 545 2396 zantii
560 2376 611 2406 32,
627 2376 676 2406 33.

715 2495 752 2526 C.

407 2580 512 2611 Cacus
528 2589 651 2610 aversos
672 2580 768 2610 boves
790 2580 940 2611 Herculis
959 2580 1066 2611 caudis

448 2622 681 2695 {intgpeluncam
695 2622 802 2661 trahit,
813 2627 843 2653 et
859 2624 898 2653 ab
914 2623 970 2654 illo
986 2623 1066 2654 occi-

407 2672 660 2738 Cadluceat'oi'ab
682 2708 883 2738 Hasdrubale
903 2709 943 2738 ad
965 2709 1065 2739 Nero-

1103 281 1288 312 Caduceum
1300 281 1512 321 praeferentes
1523 281 1644 312 dedunt
1653 291 1686 313 se
1696 281 1764 314 Pri-

1144 327 1287 354 vernates
1301 324 1332 361 8,
1349 333 1397 356 20.

1102 366 1243 404 Cadusii,
1258 366 1369 406 populi
1386 374 1437 406 35,
1453 366 1502 405 48.
1526 377 1576 408 49.

1103 408 1143 440 A.
1156 409 1326 447 Caecilius,
1341 410 1453 440 aedilis
1467 410 1569 449 plebis
1585 409 1636 449 38,
1651 416 1701 448 35.

1104 451 1141 482 L.
1158 451 1316 483 Caecilius
1340 452 1473 489 Denter,
1496 455 1622 491 praetor
1643 453 1766 482 creatur

1104 493 1767 574 1..δὸὲέοὸὑῑῖζηῇῃᾶἒῖῗὲἒὸῗηὲῧιῐἀθεε-

1144 579 1260 608 rendae
1276 578 1391 609 Italiae
1406 583 1478 618 post
1492 579 1693 610 Cannensem
1704 579 1766 609 cla-

1145 621 1218 651 dem
1233 630 1282 657 22,
1300 629 1316 659 5
1321 630 1348 659 3.
1373 625 1518 660 quaestor
1526 625 1684 652 notatura
1695 631 1766 652 cen-

1145 663 1265 693 soribus
1282 673 1331 700 24,
1350 663 1396 694 18.
1419 663 1489 694 trib.
1506 664 1550 703 pl.
1567 673 1615 703 43.

1105 704 1152 736 M.
1169 705 1329 736 Caecilius
1362 705 1499 744 praefuit
1532 706 1707 745 legionibus
1734 706 1769 737 in

1147 747 1288 778 exercitu
1315 747 1352 778 L.
1370 747 1458 778 Furii
1483 748 1632 779 adversus
1655 749 1770 780 Gallos

1149 800 1199 829 31,
1216 800 1265 820 21.

1106 833 1155 864 M.
1163 833 1333 871 Caecilius,
1344 832 1502 864 decemvir
1511 843 1585 874 agro
1595 832 1770 865 dividundo

1149 885 1200 913 42,
1224 887 1252 913 4.
1277 875 1400 916 legatus
1421 877 1462 907 ad
1483 877 1678 907 frumentum
1701 886 1770 908 coe-

1148 919 1301 948 mendum
1316 918 1349 949 in
1366 918 1522 958 Apuliam
1536 919 1674 949 mittitur
1689 926 1740 958 27.

1105 961 1153 992 Μ.
1163 961 1323 992 Caecilius
1339 961 1473 999 Denter,
1482 962 1605 1002 legatus
1613 961 1647 991 in
1661 962 1770 992 Mace-

1148 1003 1276 1034 doniam
1291 1007 1323 1035 et
1338 1005 1379 1034 ad
1395 1004 1617 1035 Ptolemaeum
1629 1003 1772 1044 Aegypti

1147 1056 1253 1086 regem
1270 1056 1322 1084 42,
1338 1045 1367 1078 6.

1107 1089 1154 1120 M.
1172 1089 1331 1121 Caecilius
1351 1090 1516 1128 Metellus,
1536 1089 1647 1121 aedilis
1668 1088 1771 1130 plebis

1150 1131 1574 1216 ΞζῑὲιῗωΡῖἓξὲἳξέἒξὸἲῗῦ
1590 1133 1640 1171 ²⁸⁹
1659 1141 1707 1164 ¹⁰·
1728 1132 1770 1163 ”d

1493 1198 1502 1213 ‚
1559 1199 1567 1207 .

1110 1217 1152 1253 Q.
1165 1217 1334 1256 Caecilius,
1350 1218 1425 1248 trib.
1440 1218 1485 1257 pl.
1501 1228 1532 1257 4,
1550 1216 1596 1249 16.

1110 1260 1152 1296 Q.
1169 1260 1327 1291 Caecilius
1353 1261 1518 1298 Metellus,
1545 1259 1690 1300 pontifex
1719 1268 1770 1299 23,

1151 1312 1200 1334 21.
1224 1302 1335 1333 aedilis
1352 1303 1496 1343 plebeius
1517 1310 1567 1342 27,
1587 1312 1636 1334 21.
1659 1302 1773 1333 aedilis

1151 1345 1269 1375 curulis
1293 1344 1343 1384 36.
1379 1346 1503 1385 legatus
1526 1353 1577 1384 51.
1603 1348 1635 1376 et
1665 1345 1716 1382 28,
1740 1354 1770 1386 9.

1149 1388 1298 1427 magister
1315 1388 1458 1428 equitum
1484 1397 1531 1418 10.
1555 1388 1676 1426 consul,
1694 1387 1771 1418 ibid.

1152 1431 1320 1469 proconsul
1342 1438 1390 1469 45.
1414 1430 1550 1460 dictator
1569 1439 1621 1472 29,
1644 1439 1690 1461 11.
1719 1429 1772 1460 de—

1153 1472 1270 1503 cemvir
1290 1483 1363 1512 agro
1388 1472 1563 1503 dividundo
1585 1481 1638 1511 31,
1659 1483 1689 1510 4.
1718 1472 1773 1503 ad-

1153 1519 1293 1546 versatur
1322 1515 1360 1546 L.
1381 1515 1529 1547 Cornelio
1559 1514 1692 1553 consuli,
1719 1514 1774 1546 tri-

1151 1558 1308 1597 umphum
1327 1558 1449 1598 petenti
1469 1565 1520 1597 35,
1537 1557 1567 1589 8.
1591 1558 1632 1588 ad
1649 1557 1772 1597 discep-

1150 1601 1283 1631 tandum
1298 1600 1378 1631 inter
1397 1600 1586 1640 Philippum
1601 1603 1634 1631 et
1653 1600 1773 1631 Eume-

1149 1653 1223 1673 nem
1234 1644 1355 1683 legatus
1363 1643 1476 1674 missus
1487 1652 1538 1684 39,
1548 1652 1596 1681 24.
1612 1642 1774 1673 renuntiat

1151 1686 1341 1726 legationem
1376 1695 1426 1725 33.
1463 1686 1531 1717 eius
1559 1686 1601 1717 ad
1630 1695 1775 1716 censores

1152 1729 1250 1759 oratio
1267 1739 1317 1767 40,
1334 1728 1384 1768 46.

1112 1771 1155 1807 Q.
1169 1771 1328 1803 Caecilius
1348 1772 1513 1809 Metellus,
1527 1770 1659 1802 nuntius
1675 1769 1773 1802 victo-

1152 1814 1217 1845 riae
1246 1815 1285 1845 de
1315 1815 1443 1853 Perseo,
1465 1813 1604 1845 mittitur
1631 1814 1773 1845 Romam

1112 1865 1338 1938 T.4Cagc‘ilius,
1365 1899 1448 1931 inter
1480 1899 1598 1940 primos
1630 1899 1775 1930 tribunos

1149 1942 1288 1973 militum
1318 1942 1474 1974 consulari
1499 1945 1657 1982 potestate
1685 1952 1718 1980 4,
1744 1947 1773 1980 7.

1150 1986 1205 2016 sed
1220 1986 1289 2025 lege
1307 1985 1344 2016 T.
1359 1985 1510 2017 Cloelius.

1111 2028 1290 2065 Caedicius,
1306 2028 1447 2058 centurio
1463 2035 1493 2066 5,
1505 2034 1554 2066 45.
1570 2030 1602 2057 et
1617 2024 1667 2065 46.

1111 2071 1210 2102 Caius
1225 2070 1403 2107 Caedicius,
1418 2070 1541 2110 legatus
1559 2079 1607 2107 10,
1623 2078 1673 2106 40.

1111 2113 1148 2144 L.
1163 2113 1343 2151 Caedicius,
1361 2113 1433 2143 trib.
1453 2112 1496 2152 pl.
1517 2111 1602 2142 diem
1620 2110 1698 2142 dicit
1716 2111 1772 2152 Sp.

1152 2155 1284 2186 Servilio
1301 2165 1330 2193 2,
1346 2163 1395 2194 52.

1111 2198 1158 2229 Μ.
1171 2197 1340 2228 Caedicius
1355 2196 1444 2228 audit
1460 2196 1585 2228 silentio
1603 2196 1706 2227 noctis
1720 2206 1773 2228 vo-

1152 2250 1220 2270 cem
1237 2240 1400 2270 clariorem
1419 2240 1560 2270 humana
1578 2240 1619 2270 de
1633 2240 1774 2271 adventu

1152 2282 1321 2313 Gallorum
1338 2290 1367 2321 5,
1384 2292 1432 2322 32.

1110 2324 1221 2361 Caeni,
1237 2325 1393 2355 Thraciae
1409 2324 1521 2365 populi
1537 2325 1589 2364 38,
1603 2334 1654 2363 40.

1109 2367 1323 2399 Caeninenses
1345 2368 1484 2398 Romam
1506 2368 1547 2398 ad
1569 2368 1662 2398 ludos
1679 2367 1773 2407 profi-

1152 2411 1310 2440 ciscuntur
1339 2420 1365 2448 1,
1389 2420 1418 2452 9.
1448 2411 1570 2440 bellum
1593 2416 1707 2450 parant
1732 2410 1773 2440 ob

1150 2456 1278 2492 raptum
1288 2453 1424 2483 filiarum
1439 2463 1485 2484 10.
1506 2452 1686 2490 vincuntur,
1695 2451 1774 2483 ibid.

1111 2495 1317 2534 Caenomani,
1332 2506 1406 2536 pop.
1426 2495 1654 2526 transcendunt
1671 2495 1775 2535 Alpes

1152 2546 1182 2576 59
1197 2548 1214 2577 3
1241 2560 1248 2567 ·

1110 2547 1396 2620 Caere‚50ppidum
1422 2590 1449 2618 1,
1471 2589 1498 2610 2.
1521 2579 1693 2610 sacrarium
1716 2590 1772 2620 po-

1151 2623 1220 2662 puli
1247 2624 1343 2654 Rom.
1367 2633 1404 2653 ac
1430 2622 1644 2653 deversorium
1670 2632 1771 2654 sacer-

1151 2666 1262 2695 dotum
1279 2674 1308 2705 5,
1325 2675 1375 2704 40,
1391 2674 1440 2704 50.
1466 2672 1495 2704 7,
1508 2674 1557 2696 20.
1579 2674 1611 2706 9,
1627 2663 1677 2705 36.

1109 2708 1258 2739 Caeretes
1272 2717 1374 2746 aquae
1390 2717 1440 2745 22,
1459 2717 1484 2738 1.

448 2761 521 2781 nem
541 2750 653 2781 missus
673 2750 723 2788 26,
742 2759 787 2790 17.
811 2762 829 2781 a
852 2751 1003 2790 Philippo
1025 2751 1065 2781 ad
1109 2750 1381 2781 Caerimoniarum
1396 2750 1486 2780 cultu
1506 2750 1614 2781 Roma
1628 2749 1726 2781 crevit
1740 2748 1772 2788 6,

449 2793 612 2824 Romanos
632 2802 682 2831 32,
700 2802 749 2831 32.
774 2802 824 2833 33,
847 2803 893 2825 11.
916 2794 956 2823 ab
976 2794 1066 2824 Anti-

449 2836 528 2866 ocho
544 2836 584 2866 ad
600 2835 779 2875 Scipionem
797 2845 846 2875 37,
862 2844 911 2875 45.
935 2837 1067 2866 caduce-

448 2881 560 2916 atores,
576 2879 629 2918 qui
648 2878 786 2909 indutias
807 2879 848 2910 ad
871 2878 1067 2919 sepeliendos

448 2921 564 2952 milites
578 2924 691 2961 petunt
706 2930 758 2960 31,
773 2921 821 2960 38.

1151 2802 1201 2830 41.
1223 2793 1387 2832 neglectus
1409 2792 1564 2828 Romanis
1585 2792 1700 2823 noxius
1720 2801 1771 2831 22,

1110 2859 1263 2916 Caerites,
1279 2877 1390 2918 populi
1407 2886 1436 2918 5,
1453 2886 1501 2918 50.
1525 2888 1598 2910 cum
1613 2877 1651 2909 iis
1664 2876 1770 2917 hospi-

1151 2920 1230 2952 tium
1252 2921 1379 2960 publice
1400 2921 1532 2959 factum,
1548 2920 1623 2952 ibid.
1646 2919 1684 2952 iis
1704 2920 1770 2951 bel-
