1888 3194
320 167 402 206 262
831 163 1203 206 EPITOMAE

324 254 470 304 Quum
506 254 733 296 seditiones
770 254 932 296 Romae
969 269 994 295 a
1029 255 1078 296 P.
1102 252 1325 295 Dolabella
1361 252 1529 294 tribuno
1564 252 1712 309 plebis,

322 311 460 368 legem
489 312 649 353 ferente
682 311 735 353 de
768 312 886 354 novis
920 311 1082 361 tabulis,
1105 311 1309 352 excitatae
1338 318 1488 360 essent,
1510 318 1554 351 et
1580 324 1634 351 ex
1664 324 1715 351 ea

323 384 447 410 causa
466 369 585 425 plebs
607 368 944 419 tumultuaretur,
967 368 1151 409 inductis
1172 383 1196 409 a
1222 369 1284 409 M.
1301 367 1493 410 Antonio
1514 367 1714 423 magistro

324 426 515 482 equitum
541 427 584 467 in
610 427 758 468 urbem
783 426 998 475 militibus,
1022 425 1253 481 octingenti
1274 440 1296 466 e
1318 425 1440 481 plebe
1465 425 1574 466 caesi
1602 431 1711 465 sunt.

324 484 478 525 Caesar
511 484 719 525 veteranis
754 498 850 525 cum
886 483 1091 524 seditione
1128 482 1367 523 missionem
1407 481 1715 538 postulantibus

323 539 464 582 dedit:
492 550 547 591 et,
570 556 703 597 quum
723 541 767 581 in
785 540 974 582 Africam
996 539 1234 588 traiecisset,
1257 547 1403 580 contra
1423 539 1563 595 copias
1583 537 1713 580 Iubae

321 598 430 653 regis
452 613 547 639 cum
569 598 808 639 discrimine
830 611 983 653 magno
1003 596 1215 652 pugnavit.

931 828 1095 870 CXIV.

323 946 582 988 BELLUM
623 948 668 988 in
711 947 831 1004 Syria
867 946 1075 988 Caecilius
1117 946 1281 995 Bassus,
1324 961 1454 1002 eques
1496 946 1714 989 Romanus

323 1004 676 1060 Pompeianarum
710 1005 905 1060 partium,
939 1004 1150 1054 excitavit,
1180 1003 1325 1044 relicto
1358 1018 1382 1044 a
1413 1003 1579 1060 legione
1615 1004 1711 1046 Sex.

324 1061 513 1111 Caesare,
537 1077 644 1118 quae
666 1061 720 1102 ad
742 1061 918 1103 Bassum
940 1061 1172 1110 transierat,
1194 1061 1415 1116 occisoque
1437 1076 1498 1102 eo.
1562 1062 1716 1103 Caesar

323 1116 564 1174 Scipionem
587 1128 833 1175 praetorem,
854 1118 1091 1168 Afranium,
1114 1118 1470 1173 Iubamquevicit
1494 1118 1548 1160 ad
1570 1118 1714 1175 Thap-

322 1189 427 1225 sum,
450 1177 593 1217 castris
622 1191 767 1217 eorum
792 1175 1054 1232 expugnatis.
1119 1176 1237 1224 Cato,
1260 1174 1403 1216 audita
1428 1190 1486 1225 re,
1509 1190 1641 1231 quum
1668 1190 1712 1217 se

321 1233 590 1287 percussisset
616 1233 780 1282 Uticae,
807 1241 862 1283 et,
888 1232 1194 1274 interveniente
1222 1231 1322 1282 filio,
1349 1241 1576 1283 curaretur,
1603 1232 1714 1274 inter

321 1289 453 1345 ipsam
483 1290 742 1332 curationem
769 1290 941 1332 rescisso
969 1290 1140 1331 vulnere
1169 1289 1406 1345 exspiravit,
1428 1304 1539 1331 anno
1567 1290 1713 1331 aetatis

321 1347 641 1403 quadragesimo
682 1356 839 1389 octavo.
903 1347 1096 1389 Petreius
1131 1345 1280 1388 Iubam
1321 1360 1448 1402 seque
1489 1346 1710 1388 interfecit.

323 1404 371 1445 P.
399 1404 539 1461 Scipio
579 1405 624 1445 in
663 1420 769 1446 nave
811 1405 1120 1445 circumventus
1160 1403 1360 1444 honestae
1402 1403 1527 1444 morti
1566 1419 1714 1445 vocem

323 1477 492 1518 quoque
518 1462 696 1503 adiecit:
732 1462 1030 1518 quaerentibus
1057 1461 1172 1502 enim
1198 1460 1493 1516 imperatorem
1523 1460 1714 1502 hostibus

322 1518 442 1568 dixit,
461 1519 694 1575 Imperator
714 1519 821 1560 bene
839 1534 881 1560 se
903 1518 1042 1560 habet.
1092 1517 1268 1558 Faustus
1284 1526 1327 1558 et
1343 1516 1546 1558 Afranius
1562 1517 1710 1559 occisi:

323 1576 495 1617 Catonis
516 1576 603 1617 filio
623 1576 747 1617 venia
766 1575 874 1617 data.
924 1575 1094 1625 Brutus,
1111 1575 1273 1631 legatus
1292 1574 1491 1625 Caesaris,
1509 1574 1554 1616 in
1573 1574 1714 1616 Gallia

322 1632 566 1674 Bellovacos
587 1633 836 1675 rebellantes
857 1632 1016 1689 proelio
1037 1632 1149 1674 vicit.

948 1849 1088 1891 CXV.

322 1961 570 2003 CAESAR
600 1968 799 2016 quattuor
830 1960 1065 2015 triumphos
1093 1959 1242 2007 duxit3
1276 1974 1329 1999 ex
1358 1959 1509 2010 Gallia,
1537 1975 1590 2002 ex
1625 1962 1711 2004 Ae-

319 2028 462 2075 gypto,
497 2032 549 2058 ex
587 2018 740 2066 Ponto,
774 2032 828 2057 ex
859 2016 1014 2057 Africa.
1078 2015 1264 2070 Epulum
1299 2025 1342 2056 et
1378 2017 1514 2058 omnis
1545 2019 1711 2074 generis

319 2074 556 2131 spectacula
585 2073 714 2114 dedit.
779 2074 840 2114 M.
861 2072 1066 2114 Marcello
1097 2072 1317 2121 consulari,
1343 2082 1492 2114 senatu
1521 2085 1709 2131 rogante,

319 2132 503 2173 reditum
533 2130 762 2171 concessit:
797 2145 882 2184 quo
912 2129 1118 2170 beneficio
1149 2129 1238 2169 eius
1260 2129 1488 2171 Marcellus
1514 2132 1595 2172 frui
1623 2147 1710 2174 non

320 2188 470 2245 potuit,
504 2203 528 2228 a
561 2188 639 2227 Cn.
664 2187 810 2242 Magio
846 2186 993 2228 Cilone
1026 2186 1178 2227 cliente
1212 2201 1287 2227 suo
1320 2186 1504 2228 Athenis
1536 2189 1707 2231 occisus.

321 2246 562 2286 Recensum
584 2244 682 2299 egit,
701 2259 785 2299 quo
802 2258 926 2284 censa
945 2252 1043 2284 sunt
1063 2243 1217 2283 civium
1240 2243 1376 2299 capita
1396 2252 1567 2286 centum
1585 2247 1711 2302 quin-

321 2302 520 2357 quaginta
542 2300 682 2341 millia.
746 2300 1049 2356 Profectusque
1071 2300 1116 2340 in
1138 2300 1389 2356 Hispaniam
1410 2301 1606 2343 adversus
1627 2304 1707 2345 Cn.

321 2358 586 2414 Pompeium,
604 2357 745 2397 multis
763 2358 973 2414 utrimque
991 2357 1332 2413 expeditionibus
1348 2357 1477 2408 factis,
1491 2367 1533 2400 et
1549 2359 1710 2415 aliquot

320 2416 490 2457 urbibus
526 2415 788 2470 expugnatis,
823 2430 1029 2456 summam
1061 2415 1275 2456 victoriam
1307 2430 1404 2456 cum
1439 2430 1592 2472 magno
1624 2416 1709 2458 dis-

319 2472 493 2514 crimine
535 2471 588 2512 ad
624 2471 835 2512 Mundam
876 2472 1022 2514 urbem
1059 2479 1307 2513 consecutus
1342 2480 1415 2514 est.
1479 2473 1708 2530 Pompeius

321 2530 473 2571 Sextus
494 2529 652 2584 effugit.

929 2698 1093 2738 CXVI.

320 2812 369 2853 C.
392 2810 641 2853 CAESAR
671 2825 723 2850 ex
747 2809 954 2874 Hispania
975 2811 1169 2866 quintum
1194 2809 1450 2865 triumphum
1473 2811 1570 2866 egit.
1633 2811 1703 2862 Et,

316 2884 446 2924 quum
464 2867 632 2925 plurimi
655 2867 909 2922 maximique
927 2867 1105 2909 honores
1122 2867 1159 2908 ei
1178 2883 1199 2907 a
1218 2875 1365 2908 senatu
1380 2867 1536 2909 decreti
1553 2877 1702 2919 essent,
