1888 3194
633 187 1066 231 KREYSSIGII.
1465 195 1545 236 357

147 309 270 351 neque
299 297 378 350 ipsi
404 296 574 350 quidem,
607 293 673 335 Fr.
700 293 833 336 Gron.
850 322 902 328 —
922 294 1029 352 Cap.
1054 299 1122 336 34.
1148 297 1292 350 paullo
1317 298 1413 351 plus
1444 301 1548 340 mille

140 378 290 418 passus
318 377 394 419 pro
419 363 563 417 paullo
587 363 686 418 plus
713 364 899 405 ducentos
923 379 1088 419 passus,
1117 363 1254 406 Roell.
1274 391 1326 399 —
1345 364 1451 421 Cap.
1474 371 1543 408 40.

153 431 303 472 Oreum
333 443 410 486 pro
440 431 483 470 in
519 431 681 480 Oreum,
709 430 774 472 Fr.
797 430 930 473 Gron.
946 457 1000 462 —
1016 431 1121 488 Cap.
1145 435 1214 473 43.
1247 439 1287 473 et
1315 435 1547 488 quinqentos

144 501 290 556 equites
309 513 385 555 pro
406 506 444 540 et
470 501 628 554 equites,
656 498 722 540 Fr.
744 498 878 541 Gron.
893 523 947 529 —
963 499 1068 557 Cap.
1092 503 1160 542 46.
1185 503 1339 557 aqz'tarz‘
1357 516 1434 558 pro
1455 518 1547 544 con-

143 569 302 618 sultari,
324 567 408 610 Iac.
430 567 562 610 Gron.
577 567 752 609 -Ibid.
776 583 880 624 quae
905 584 1026 625 super
1045 577 1212 625 portum
1241 578 1299 612 est
1325 585 1401 627 pro
1422 574 1547 627 quod-

143 652 218 693 que
250 651 370 691 super
395 643 560 692 portum
592 643 661 685 est,
692 635 1090 679 Buettner.—-Lib.
1127 638 1328 680 XXXII.
1366 638 1470 695 Cap.
1505 643 1543 682 5.

141 705 389 746 Heracliden
429 707 602 746 amicum
642 719 719 761 pro
754 706 985 747 Heraclide.
1029 722 1124 748 nam
1166 722 1268 756 cum,
1310 705 1470 749 Iacobs.
1494 732 1547 738 -—

145 772 251 830 Cap.
274 777 338 815 10.
362 775 515 814 arbitro
539 781 613 814 aut
632 775 760 814 iudice
779 789 856 830 pro
877 776 1045 816 arbitrio
1065 783 1140 816 aut
1159 777 1299 825 iudice,
1322 775 1388 817 Fr.
1411 775 1545 818 Gron.

141 863 195 872 -
209 841 314 898 Cap.
342 845 405 883 13.
437 844 574 897 inqens
597 844 672 882 iter
692 845 856 898 aqmim',
879 844 949 883 sed
967 850 1092 884 metus
1114 845 1282 899 urqebat
1301 858 1378 900 pro
1399 847 1551 900 inqenti

142 913 281 952 itinere
300 913 486 966 aymim's,
508 918 545 951 et
569 917 694 952 metus
719 912 896 967 urqebat,
920 911 990 952 cui
1012 911 1389 955 Drakenborchius
1410 916 1548 970 iuqens

142 981 217 1020 iter
237 982 421 1036 aqmz'nis,
444 980 514 1020 secl
532 986 656 1019 metus
678 980 846 1034 utyebat
864 994 919 1020 ex
941 978 1150 1022 Gronovii
1178 980 1423 1023 coniectura
1449 981 1548 1024 sub-

141 1046 293 1098 stituit,
324 1046 530 1103 Heusing.
549 1069 601 1076 —
618 1045 725 1087 Ibid.
759 1048 1110 1102 Palaepharsalus
1140 1062 1217 1104 pro
1245 1049 1546 1104 Palaepharus,

144 1114 277 1157 Ortel.
298 1141 349 1146 -—
368 1114 474 1170 Cap.
499 1118 566 1155 20.
584 1130 664 1169 pro
685 1116 782 1155 bono
803 1122 922 1170 atque
944 1116 1036 1156 utili
1041 1117 1140 1169 fore
1160 1118 1449 1170 defendendum
1470 1132 1547 1174 pro

133 1198 214 1238 pro
244 1184 342 1224 bono
371 1190 491 1237 atque
521 1183 614 1223 utili
633 1183 800 1236 foedere
835 1184 1136 1237 defendendum,
1172 1183 1255 1225 Iac.
1284 1183 1476 1227 Perizon.
1495 1208 1548 1215 —

143 1249 249 1307 Cap.
273 1253 340 1292 25.
371 1251 444 1291 Ad
471 1251 541 1290 hos
567 1257 704 1290 orator
730 1264 806 1306 pro
828 1251 1092 1300 Adhortatm,
1123 1250 1190 1292 Fr.
1213 1251 1347 1293 Gron.
1365 1275 1419 1283 —
1438 1252 1544 1310 Cap.

141 1321 208 1360 28.
243 1320 512 1375 quadrinqeni
544 1321 691 1374 equites
726 1333 803 1375 pro
835 1320 1122 1375 quadrinqenti
1152 1322 1313 1376 equites,
1351 1320 1549 1363 Crev.-—-

143 1385 249 1443 Cap.
280 1389 347 1429 34.
383 1403 516 1428 recens
549 1389 748 1428 decretum
780 1402 857 1444 pro
891 1403 1023 1429 recens
1053 1389 1101 1429 de
1130 1391 1316 1439 exercitu,
1354 1388 1478 1432 Crev.
1495 1416 1549 1422 —

145 1453 252 1511 Cap.
277 1457 345 1497 35.
379 1471 525 1497 causas
555 1459 818 1497 certaminum
845 1457 980 1511 defore
1009 1471 1086 1513 pro
1115 1473 1260 1499 causas
1286 1461 1549 1500 certaminum

140 1524 343 1579 deponere,
375 1523 442 1565 Fr.
470 1523 602 1566 Gron.
621 1550 674 1556 —
694 1524 799 1581 Cap.
824 1527 892 1566 36.
923 1533 961 1566 et
995 1526 1044 1576 Q.
1068 1527 1245 1568 Fabium
1275 1542 1352 1584 pro
1387 1528 1436 1580 Q.
1455 1530 1546 1570 Fa-

70 1634 74 1640 ,
140 1593 261 1642 bium,
300 1592 431 1635 Drak.
450 1620 504 1625 —
520 1592 614 1634 Lib.
655 1593 882 1635 XXXIII.
924 1592 1028 1649 Cap.
1070 1598 1107 1636 9.
1152 1597 1429 1651 incompositos
1468 1611 1545 1653 pro

141 1664 383 1717 compositos,
419 1660 485 1702 Fr.
513 1659 814 1716 Gron.-—Cap.
854 1664 917 1702 13.
951 1669 1026 1702 aut
1057 1664 1255 1717 imperata
1288 1679 1314 1704 a
1347 1664 1546 1706 Romanis

139 1745 217 1787 pro
249 1738 324 1771 aut
355 1733 568 1786 impetrata
601 1747 628 1771 a
659 1731 869 1779 Romanis,
902 1729 969 1770 Fr.
997 1729 1130 1771 Gron.
1150 1757 1203 1761 —
1222 1729 1327 1787 Cap.
1356 1734 1419 1772 18.
1454 1748 1545 1774 con-

141 1801 300 1840 tinentis
335 1801 529 1854 reqionem
569 1813 645 1855 pro
686 1801 943 1839 continentem
980 1801 1188 1853 reqioncm,
1227 1798 1343 1840 Duk.
1364 1823 1415 1828 —
1433 1798 1542 1842 Ibid.

140 1869 375 1917 circumdat,
398 1875 435 1908 et
464 1882 539 1923 pro
569 1869 847 1917 circumdaret,
878 1866 960 1908 Iac.
985 1866 1177 1908 Perizon.
1195 1890 1245 1897 —
1261 1866 1368 1908 Ibid.
1393 1869 1548 1909 Rhodii

139 1936 323 1977 Achaeos
353 1950 429 1992 pro
451 1937 614 1976 Rhodia
645 1937 796 1984 cohors,
824 1934 906 1976 Iac.
931 1935 1122 1976 Pcrizon.
1138 1951 1273 1976 —nec
1304 1938 1438 1991 recipi,
1467 1939 1546 1977 nisi

138 2005 347 2060 aliquanto
377 2011 481 2059 post,
513 2020 590 2059 per
617 2004 862 2044 Antiochum
892 2006 1038 2058 potuit,
1074 2018 1150 2059 pro
1183 2007 1318 2059 recipi,
1354 2007 1433 2045 nisi
1467 2007 1544 2045 all-

138 2081 288 2130 quanto
302 2080 407 2129 post,
423 2089 502 2128 per
522 2073 766 2113 Antiochum
787 2087 865 2112 non
879 2074 1026 2126 potuit,
1050 2071 1257 2128 Heusing.
1274 2096 1327 2102 —-
1343 2072 1448 2128 Cap.
1478 2077 1541 2115 19.

138 2143 189 2183 ab
219 2149 441 2196 contemptu
474 2143 655 2181 concussi
683 2147 767 2180 tum
799 2143 913 2195 reqm'
941 2155 1017 2196 pro
1047 2141 1098 2180 ab
1129 2147 1311 2181 contentu
1343 2144 1540 2182 concessit.

148 2211 285 2262 Quum
320 2213 446 2266 requi,
482 2209 564 2251 Iac.
590 2209 781 2251 Perizon.
801 2236 854 2241 —
873 2208 979 2266 Cap.
1005 2213 1072 2250 21.
1110 2212 1215 2250 mitis
1248 2226 1297 2250 ac
1329 2212 1544 2251 munimus

140 2281 280 2320 amicis
294 2280 388 2333 suit
412 2293 489 2335 pro
517 2281 623 2319 mitis
650 2295 700 2319 ac
724 2280 939 2332 munificus
960 2281 1226 2333 ancicusficit,
1251 2278 1316 2320 Fr.
1340 2278 1472 2320 Gron.
1491 2306 1543 2311 —

143 2348 249 2406 Cap.
274 2351 340 2389 22.
373 2349 474 2390 Cum
505 2349 554 2399 Q.
572 2349 783 2389 Blinucius
804 2363 879 2404 pro
904 2349 1083 2404 Cumque
1104 2350 1328 2398 sslinucius,
1352 2349 1468 2405 quod
1489 2364 1542 2390 ex

138 2417 382 2460 coniectura
402 2416 555 2472 recepi.
573 2440 622 2446 -
639 2416 744 2473 Cap.
770 2420 837 2457 23.
870 2417 914 2458 C.
938 2418 1120 2459 Cornelio
1141 2432 1216 2473 pro
1246 2418 1319 2459 Cn.
1346 2419 1540 2465 Cornelio,

141 2485 271 2528 Drak.
290 2511 342 2516 —
360 2484 467 2527 Ibid.
491 2488 676 2526 servitute
708 2493 902 2541 exemptos
932 2501 1009 2542 pro
1040 2489 1227 2527 servitute
1256 2494 1444 2542 c.z·ccptos‚
1474 2486 1539 2527 Fr.

143 2553 274 2596 Gron.
290 2581 343 2587 ——
358 2553 464 2595 Ibid.
489 2555 609 2594 Aeris
637 2555 729 2594 tulit
756 2556 796 2594 in
828 2556 1031 2609 triumpho
1059 2556 1229 2595 ducenta
1259 2558 1426 2610 ἰνιῃὶηία
1455 2571 1542 2610 scp-

140 2628 214 2663 tem
242 2623 355 2664 milia
382 2629 419 2663 ct
448 2625 680 2678 qniuyeutos
711 2637 786 2678 pro
822 2623 938 2663 Tulit
967 2625 1007 2663 iu
1039 2625 1242 2678 trimnpleo
1269 2625 1440 2664 ‹lut-enta
1469 2626 1541 2663 tri-

136 2692 252 2746 qinta
286 2698 430 2746 septem
471 2692 611 2740 millia,
649 2693 881 2746 quinqentos
917 2694 1035 2742 acris,
1075 2691 1353 2742 IIotomann.,
1391 2691 1542 2733 omissa

142 2766 281 2800 tamen
309 2759 461 2816 copula
486 2767 534 2809 ct,
557 2775 666 2816 quae
695 2775 748 2801 ex
776 2759 868 2801 cod.
895 2759 1040 2801 Bamb.
1065 2760 1249 2802 accessit.
1269 2781 1321 2788 —
1340 2759 1446 2815 Cap.
1472 2763 1537 2799 25.

143 2826 224 2866 M‘.
254 2827 410 2868 Acilius
449 2829 618 2869 Glabrio
649 2842 724 2883 pro
757 2828 915 2869 Acilius
955 2829 1138 2878 Glabrio,
1178 2827 1298 2883 l'igh.
1366 2827 1415 2868 In
1446 2826 1537 2868 cod.

144 2891 291 2935 Bamb.
316 2895 379 2935 M.
408 2909 484 2950 pro
507 2897 563 2936 M
567 2896 587 2936 '.
612 2895 776 2952 legitur.
793 2918 844 2925 —
859 2895 966 2938 Ibid.
992 2898 1130 2937 dubios
1161 2898 1376 2937 sentcntiae
1400 2902 1539 2950 patres
