1888 3194
314 124 393 161 148
821 117 971 159 TITI
1011 117 1193 159 LIVII

111 214 153 244 U·
171 214 209 245 C·
232 210 504 253 584.vantium
532 218 663 251 matre
692 209 839 251 eadem
868 218 1028 259 natum,
1054 209 1212 249 habuit.
1279 206 1375 248 Hoc
1395 215 1566 263 propter
1585 204 1704 260 igno-

108 255 522 310 A.e.168.bffitaoem
562 276 776 323 paternam
812 267 951 307 minus
986 274 1191 322 suspecto,
1227 264 1439 306 Platorem
1475 261 1629 304 occidit
1663 271 1706 318 et

320 325 426 366 duos
461 325 616 365 amicos
646 324 748 374 eius,
782 324 983 365 Ettritum
1015 335 1058 364 et
1089 322 1337 379 Epicadum,
1360 321 1559 376 impigros
1582 318 1705 368 viros,

320 397 406 438 quo
446 382 576 423 tutius
615 390 818 437 regnaret.
888 381 1017 421 Fama
1054 381 1146 430 fuit,
1190 379 1368 421 Honuni
1408 377 1705 419 Dardanorum

320 439 522 495 principis
556 438 686 479 filiam
719 438 893 479 Etutam
927 446 1050 494 pacto
1080 437 1209 486 fratri,
1241 451 1339 478 eum
1371 435 1581 483 invidisse,
1616 441 1739 475 tan-8

322 511 449 552 quam
479 495 544 536 his
574 495 733 551 nuptiis
754 495 1001 550 adiungenti
1021 495 1099 535 sibi
1120 494 1417 535 Dardanorum
1438 501 1631 548 gentem:
1665 497 1709 530 et

322 553 579 594 simillimum
611 553 655 593 id
675 567 773 593 vero
793 552 893 592 fecit
914 552 1039 592 ducta
1060 566 1109 592 ea
1128 551 1257 606 virgo,
1279 549 1447 590 Platore
1473 547 1709 589 interfecto.-

326 610 476 651 Gravis
497 609 664 658 deinde,
687 609 859 664 dempto
880 608 1013 649 fratris
1045 617 1174 657 metu,
1196 606 1466 662 popularibus
1496 620 1583 647 esse
1615 618 1710 646 coe-

322 667 407 722 pit:
442 675 485 708 et
504 666 746 707 violentiam
776 665 943 706 insitam
975 665 1146 720 ingenio
1176 663 1499 718 intemperantia
1525 661 1612 703 vini
1643 675 1710 701 ac-

323 724 542 765 cendebat.
608 722 824 771 Ceterum,
847 722 954 762 sicut
981 730 1078 761 ante
1110 721 1269 761 dictum
1298 728 1372 769 est,
1395 719 1448 760 ad
1470 719 1711 759 Romanum

324 781 520 822 incitatus
549 779 720 828 bellum,
754 779 920 819 Lissum
949 793 1094 818 omnes
1121 777 1261 833 copias
1288 775 1508 817 contraxit.
1574 774 1713 822 Quin-

324 838 463 878 decim
484 836 614 876 millia
633 844 883 877 armatorum
905 835 1087 876 fuerunt.
1134 833 1254 884 Inde,
1275 834 1399 874 fratre
1421 833 1465 874 in
1485 831 1713 873 Caviorum

324 903 508 949 gentem,
530 893 571 934 vi
591 902 663 934 aut
684 901 839 933 terrore
870 892 1158 947 subigendam,
1181 906 1278 932 cum
1299 890 1412 931 mille
1438 889 1650 946 peditibus
1670 895 1714 929 et

325 950 635 1007 quinquaginta
665 950 878 1005 equitibus
910 949 1048 999 misso,
1080 949 1168 1005 ipse
1205 948 1258 989 ad
1288 947 1531 989 Bassaniam
1566 945 1714 987 urbem

326 1008 516 1064 quinque
547 1006 678 1048 millia
707 1007 758 1048 ab
790 1007 910 1047 Lisso
941 1006 1069 1047 ducit.
1135 1005 1245 1047 Socii
1270 1013 1389 1046 erant
1411 1004 1711 1045 Romanorum.

327 1065 477 1121 Itaque
512 1079 589 1120 per
622 1064 869 1120 praemissos
904 1063 1074 1104 nuntios
1106 1063 1220 1119 prius
1256 1062 1418 1111 tentati,
1453 1060 1715 1102 obsidionem

327 1122 428 1178 pati,
451 1137 578 1177 quam
604 1121 758 1162 dedere
790 1136 892 1170 sese,
915 1120 1163 1161 maluerunt.
1229 1118 1530 1160 Caravantium
1557 1117 1602 1158 in
1632 1115 1716 1158 Ca-

327 1179 404 1220 viis
425 1179 639 1220 Durnium
661 1178 864 1234 oppidum
886 1178 1181 1218 advenientem
1201 1176 1384 1232 benigne
1406 1175 1577 1231 accepit.
1632 1172 1717 1215 Ca-

329 1236 509 1277 ravantis
534 1236 664 1277 altera
686 1236 783 1276 urbs
804 1235 1003 1276 exclusit:
1040 1244 1093 1284 et,
1119 1249 1250 1290 quum
1278 1248 1397 1289 agros
1419 1247 1563 1274 eorum
1586 1231 1716 1272 effuse

329 1302 519 1342 vastaret,
538 1293 697 1348 aliquot
717 1292 843 1348 palati
865 1292 1016 1333 milites
1036 1292 1260 1347 agrestium
1281 1305 1486 1332 concursu
1506 1287 1718 1329 interfecti

329 1359 438 1392 sunt.
500 1350 590 1391 Iam
611 1358 654 1390 et
677 1350 758 1404 Ap.
778 1349 995 1398 Claudius,
1018 1349 1238 1404 assumptis
1268 1348 1319 1388 ad
1350 1362 1446 1388 eum
1472 1345 1717 1394 exercitum,

330 1423 457 1463 quem
489 1407 681 1456 habebat,
715 1406 993 1456 Bullinorum,
1019 1415 1062 1447 et
1090 1405 1425 1461 Apolloniatium
1455 1412 1499 1445 et
1528 1402 1719 1459 Dyrrha—

331 1465 552 1506 chinorum
588 1463 766 1513 auxiliis,
802 1463 1011 1519 profectus
1044 1478 1097 1504 ex
1130 1462 1328 1512 hibernis,
1357 1462 1467 1503 circa
1496 1460 1719 1501 Genusum

331 1537 497 1562 amnem
516 1530 648 1562 eastra
667 1521 869 1569 habebat3
900 1520 1044 1561 audito
1061 1520 1229 1561 foedere
1246 1519 1355 1560 inter
1370 1519 1525 1559 Persea
1540 1525 1583 1558 et
1602 1515 1720 1557 Gen-

333 1579 451 1628 tium,
489 1588 531 1619 et
565 1578 797 1633 legatorum
835 1577 1081 1618 violatorum
1122 1576 1276 1617 iniuria
1314 1590 1525 1624 accensus,
1561 1573 1720 1614 bellum

124 1652 230 1681 Anicii
248 1652 302 1683 Pr.
332 1635 447 1676 haud
479 1635 606 1676 dubie
638 1635 833 1676 adversus
863 1649 959 1675 eum
991 1643 1192 1690 gesturus.
1256 1633 1434 1674 Anicius
1465 1640 1643 1688 praetor,
1669 1645 1720 1671 eo

123 1704 172 1724 1⁴08
186 1698 304 1734 gestae.
331 1702 520 1749 tempore
561 1692 810 1748 Apolloniae
847 1692 1012 1741 auditis,
1045 1706 1151 1747 quae
1183 1691 1228 1731 in
1258 1690 1427 1746 Illyrico
1461 1696 1719 1745 gererentur,

332 1749 650 1806 praemissisque
678 1749 731 1790 ad
759 1749 951 1805 Appium
972 1748 1116 1798 literis,
1138 1757 1186 1789 ut
1206 1763 1248 1788 se
1271 1748 1324 1788 ad
1348 1746 1570 1788 Genusum
1591 1760 1721 1801 oppe-

333 1808 496 1856 riretur,
520 1807 659 1847 triduo
681 1815 721 1847 et
743 1806 829 1861 ipse
852 1806 896 1846 in
918 1815 1050 1847 castra
1069 1806 1207 1846 venit:
1244 1815 1286 1846 et
1306 1804 1358 1845 ad
1380 1820 1441 1853 ea,
1465 1818 1572 1860 quae
1593 1803 1722 1843 habe-

333 1865 416 1913 bat,
439 1864 594 1905 auxilia
614 1863 914 1904 Parthinorum
946 1863 1099 1903 iunctis
1124 1862 1287 1903 duobus
1317 1861 1500 1902 millibus
1529 1859 1721 1915 peditum

334 1931 378 1962 et
407 1921 619 1976 equitibus
651 1920 854 1968 ducentis,
885 1919 1118 1975 (peditibus
1149 1918 1374 1974 Epicadus,
1403 1917 1615 1973 equitibus
1645 1915 1722 1956 Al-

334 1977 470 2032 galsus
497 1977 707 2032 praeerat)
733 1977 905 2031 parabat
936 1976 1090 2016 ducere
1126 1975 1169 2015 in
1203 1975 1429 2030 Illyricum,
1461 1973 1643 2014 maxime
1674 1981 1723 2013 ut

337 2034 573 2074 Bassanitas
603 2033 780 2074 solveret
804 2033 1032 2074 obsidione.
1097 2032 1256 2072 Tenuit
1277 2032 1482 2087 impetum
1503 2031 1592 2071 eius
1612 2030 1723 2070 fama

335 2091 568 2132 lemborum
594 2089 843 2131 vastantium
875 2090 1125 2130 maritimam
1153 2104 1278 2129 oram.
1345 2087 1574 2143 Octoginta
1603 2095 1723 2128 erant

336 2147 476 2196 lembi,
499 2155 666 2188 auctore
688 2146 933 2188 Pantaucho
959 2147 1071 2187 missi
1100 2162 1123 2186 a
1151 2146 1310 2186 Gentio
1331 2145 1384 2186 ad
1405 2144 1723 2201 Dyrrhachino-

337 2219 430 2245 rum
451 2213 494 2244 et
516 2203 849 2259 Apolloniatium
882 2218 1000 2258 agros
1030 2203 1302 2259 populandos.
1366 2203 1479 2243 Tum
1500 2201 1638 2243 classis
1668 2200 1754 2246 ad9

341 2261 474 2317 [oram
505 2260 619 2301 haud
649 2261 793 2316 procul
823 2260 1051 2316 Apollonia
1078 2261 1221 2301 stabat.
1286 2260 1385 2300 Huc
1415 2259 1592 2300 recurrit
1614 2257 1723 2299 Ani-

337 2318 438 2366 cius,
462 2334 508 2358 ac
534 2317 648 2358 brevi
670 2327 880 2358 assecutus
902 2317 1065 2374 Illyrios
1092 2317 1371 2373 praedatores,
1394 2329 1721 2371 congressusque

337 2390 433 2416 cum
465 2375 525 2423 iis,
558 2384 599 2415 et
630 2374 786 2430 perlevi
818 2375 987 2429 negotio
1017 2375 1161 2423 vietor,
1194 2375 1354 2429 aliquot
1384 2388 1509 2414 naves
1539 2372 1722 2413 hostium

337 2432 460 2487 cepit,
484 2442 639 2472 ceteras
664 2440 852 2487 repetere
876 2432 1088 2488 Illyricum
1111 2432 1258 2487 coegit.
1322 2431 1428 2472 Inde
1450 2430 1494 2470 in
1515 2438 1649 2471 castra
1669 2428 1724 2469 ad

378 2554 396 2583 8
420 2556 522 2584 Paeto
541 2554 663 2591 sralri]
697 2553 874 2592 Scriptores
900 2553 1006 2582 Latini
1054 2553 1170 2591 partim
1192 2563 1225 2583 se
1246 2564 1284 2583 ex
1308 2553 1504 2589 coniectura,
1520 2562 1616 2591 quam
1633 2562 1722 2582 max-

337 2596 526 2635 plerumque
544 2595 686 2634 puellam
703 2597 772 2625 viro
784 2600 926 2634 pactam„
939 2605 1007 2624 raro
1052 2596 1116 2624 ime
1152 2595 1252 2629 licuit,
1291 2595 1448 2634 probabili
1482 2595 1523 2624 ad
1561 2604 1610 2631 ea,
1640 2603 1723 2632 quae

338 2638 438 2667 virum
467 2639 608 2677 puellam
632 2642 764 2676 pactum
790 2637 921 2666 dieunt:
952 2638 1007 2666 scd
1052 2638 1249 2675 praecedunt
1283 2642 1315 2667 et
1344 2640 1520 2675 sequuntur
1549 2636 1638 2674 apud
1670 2635 1721 2665 Li-

337 2680 523 2719 exemplum
546 2679 642 2708 huius
662 2678 906 2709 constructionis
922 2689 1005 2717 supr.
1053 2679 1398 2715 viunnaecomodasse.
1438 2678 1569 2708 Monuit
1581 2678 1723 2716 insuper,

335 2723 377 2753 iv.
395 2734 423 2760 4.
441 2722 608 2751 habemus.
1052 2731 1109 2759 per
1139 2721 1284 2757 classem,
1315 2730 1379 2759 qua
1409 2719 1543 2750 Anicius
1572 2720 1724 2750 adversus

380 2774 399 2805 9
425 2766 479 2794 Ad
520 2765 624 2801 [oram
660 2764 751 2793 haud
783 2764 900 2801 procul
928 2786 934 2792 .
955 2787 960 2792 .
979 2764 1004 2800 .]
1054 2762 1183 2801 Illyrios
1204 2762 1369 2801 pugnavit,
1386 2772 1419 2792 se
1439 2762 1618 2801 intelligere
1639 2771 1724 2799 eam,

337 2807 607 2846 Supplemeiitum
625 2805 685 2835 hoc
699 2805 879 2835 Grex-iarius
892 2804 1006 2843 partim
1053 2814 1135 2842 quae
1171 2804 1276 2843 ipsum
1314 2808 1345 2835 et
1386 2804 1495 2844 copias
1538 2804 1722 2835 advexerat.

337 2850 377 2879 ab
391 2848 541 2888 Appiano
555 2848 761 2887 desumptum
779 2857 846 2878 esse
863 2850 1007 2879 testatur.
1053 2846 1168 2877 DnAK.
