1888 3194
601 165 1031 210 KREYSSIGII.
1430 174 1514 214 365

117 298 173 304 —
190 275 296 331 Cap.
320 276 389 317 23.
422 275 484 316 ad
501 274 662 315 Sidam.
677 298 734 302 —
749 273 881 330 *Cap
905 275 975 316 30.
1008 280 1050 316 et
1080 280 1177 316 erat
1204 278 1414 318 sccundus
1435 294 1516 334 pe-

117 344 304 385 tentibus
328 343 549 397 Ephesum
581 342 957 398 ventus.—*Cap.
981 343 1049 384 41.
1075 343 1244 399 partim
1274 345 1517 388 vulneribus

116 411 338 452 missilium
351 409 536 464 undique
550 410 848 451 coniectorum.
863 435 920 440 —
933 410 1040 466 Cap.
1055 411 1123 452 44.
1143 418 1185 452 et
1201 412 1305 467 ipse.
1316 411 1513 469 —*Cap.

117 479 184 520 50.
208 477 386 518 Plautio
407 476 626 533 Hypsaeo
653 477 698 518 in
719 477 989 533 Hispaniam
1015 479 1260 520 citeriorem
1286 480 1402 521 mille
1424 481 1515 522 Ro-

116 545 229 588 mani
259 545 353 586 dati
382 550 479 585 sunt
500 545 688 601 pedites,
713 546 796 587 duo
818 546 937 587 milia
963 547 1124 588 socium
1144 547 1298 589 Latini
1321 548 1516 599 nominis,

115 619 159 656 et
170 613 340 654 ducenti
353 612 714 668 equites—Cap.
730 613 796 654 56.
817 619 859 655 et
872 614 1047 669 oppida.
1058 638 1115 643 ——
1129 614 1226 656 Lib.
1243 615 1515 658 XXXVIII.

116 681 247 736 *Cap.
284 681 321 722 5.
356 696 482 722 unum
512 696 535 723 e
567 682 746 737 regione
775 681 1045 738 Aesculapii.
1063 683 1244 739 —Cap.
1280 685 1343 725 15.
1377 690 1420 726 et
1449 700 1518 727 re-

99 750 271 806 fertum
301 763 441 790 rerum
473 749 652 790 omnium
683 750 823 805 copia.
843 774 900 779 -—
917 749 1023 806 Cap.
1047 752 1114 793 25.
1148 752 1205 793 ab
1226 751 1442 809 Ancyrass.
1461 777 1519 782 —

115 816 200 859 His
232 817 446 859 accedunt
478 816 585 858 aliae
616 818 830 872 quaedam
862 817 1041 860 lacunae
1076 820 1119 860 in
1158 820 1312 863 ceteris
1344 835 1519 876 quoque

115 885 340 928 codicibus
362 893 560 940 repertae
589 893 632 926 et
662 886 705 926 in
727 886 794 927 ed.
819 885 948 927 Frob.
973 888 1011 927 2.
1038 887 1224 938 demum,
1247 903 1358 943 quae
1386 889 1520 931 verba

115 953 214 996 Lib.
248 952 425 994 XXXI.
463 953 526 993 11.
563 953 727 994 eosdem
761 954 804 994 in
836 953 1088 995 Numidiam
1121 956 1183 996 ad
1215 956 1516 999 Masinissam.

115 1090 208 1132 solo
239 1089 389 1131 codice
421 1088 735 1143 Bambergensi
770 1089 943 1131 inventa
976 1090 1162 1133 Gelenio
1200 1101 1375 1135 auctore
1405 1094 1520 1136 inse-

113 1159 217 1208 ruit,
235 1157 381 1199 aliisve
403 1156 667 1198 editionibus
685 1156 958 1199 Frobeniana
979 1159 1294 1213 antiquioribus
1316 1161 1517 1216 expletae

115 1227 213 1269 Lib.
246 1224 448 1267 XXXII.
482 1224 587 1279 Cap.
618 1225 656 1265 5.
694 1225 780 1266 sibi
812 1227 1258 1269 conciliavit—Lib.
1288 1227 1516 1271 XXXIII.

115 1295 222 1351 Cap.
259 1296 326 1336 42.
370 1294 417 1336 C.
450 1293 684 1335 Fabricius
724 1293 952 1344 Luscinus,
994 1295 1042 1336 Ο.
1066 1296 1245 1337 Atinius
1279 1296 1520 1339 Labeo.—

116 1364 214 1407 Lib.
239 1362 463 1405 XXXIV.
489 1362 594 1417 Cap.
623 1363 686 1403 13.
721 1362 1038 1418 imperatorem,
1068 1364 1219 1404 nullos.
1237 1388 1294 1393 —
1313 1364 1423 1420 Cap.
1446 1367 1516 1409 28.

115 1433 252 1489 infida
273 1431 526 1486 ac.—Cap.
545 1431 614 1472 45.
637 1437 677 1472 et
700 1430 746 1471 C.
763 1430 975 1473 Salonius.
990 1431 1161 1473 ——Lib.
1183 1431 1384 1475 XXXV.
1409 1433 1518 1490 Cap.

115 1501 186 1543 23.
209 1505 250 1542 et
276 1514 413 1541 aurea
443 1499 601 1554 viginti
620 1498 968 1553 ponda—Lib.
993 1498 1217 1542 XXXVI.
1244 1500 1350 1556 Cap.
1374 1503 1442 1543 22.
1468 1503 1521 1544 de

115 1583 174 1611 se.
189 1592 247 1598 -
264 1567 362 1609 Lib.
388 1566 656 1608 XXXVII.
687 1565 793 1620 Cap.
817 1567 885 1606 21.
921 1573 963 1608 et
985 1567 1230 1609 Eumenem.
1245 1592 1302 1598 —
1317 1568 1423 1625 Cap.
1448 1570 1516 1612 54.

117 1637 217 1680 etin
234 1637 328 1687 boc,
347 1651 457 1691 quae
479 1636 674 1691 proxima
695 1640 734 1675 et
756 1635 800 1676 in
821 1635 1012 1676 omnibus
1034 1635 1158 1676 bellis
1179 1636 1516 1692 interceperunt.

175 1774 351 1816 Deinde
383 1774 424 1815 in
456 1773 605 1815 codice
628 1772 956 1828 Bambergensi,
988 1779 1290 1827 praeterquam
1322 1775 1439 1829 quod
1471 1775 1520 1817 li-

117 1843 303 1893 brarius,
332 1857 464 1897 quum
496 1841 673 1883 dubiam
704 1841 970 1896 antiquioris,
995 1855 1122 1895 quem
1151 1842 1426 1896 sequebatur,
1450 1858 1520 1886 co-

118 1912 225 1954 dicis
257 1911 515 1966 scripturam
546 1910 764 1965 explicare
796 1924 881 1951 non
908 1916 1070 1963 posset,
1097 1908 1195 1950 Lib.
1221 1909 1424 1952 XXXII.
1453 1912 1517 1954 17.

118 1979 532 2036 trepidationemque
566 1979 761 2020 insanam
795 1977 1142 2033 superstantibus
1177 1979 1360 2019 armatis
1384 1994 1520 2034 prae-

118 2047 270 2096 buerit,
294 2060 388 2101 cap.
418 2047 481 2086 19.
506 2060 591 2101 pro
619 2047 711 2088 eius
738 2045 995 2087 crudelitate
1013 2044 1306 2100 perfidiaque,
1329 2060 1423 2100 cap.
1447 2048 1518 2089 21.

117 2116 284 2158 scilicet
306 2130 383 2156 nos
414 2115 553 2164 urbes,
576 2129 670 2170 cap.
695 2115 764 2156 26.
798 2113 994 2155 Norbam
1016 2119 1057 2154 et
1085 2113 1282 2155 Circeios
1303 2129 1520 2170 occupare

117 2190 162 2226 et
193 2182 265 2238 qui
295 2182 601 2237 vestigarent‘),
627 2181 725 2223 Lib.
750 2180 975 2222 XXXIV.
1007 2180 1075 2222 57.
1109 2195 1165 2221 cx
1181 2181 1381 2235 formula
1412 2182 1521 2224 iuris

119 2250 304 2305 antiqui,
327 2264 420 2304 cap.
443 2250 512 2290 61.
537 2265 661 2305 quam
683 2250 858 2299 inimici,
883 2248 984 2290 Lib.
1009 2247 1210 2289 XXXV.
1236 2249 1306 2290 38.
1330 2255 1371 2290 ct
1384 2251 1520 2305 prodi

118 2326 159 2362 et
181 2319 336 2369 deseri,
360 2317 530 2373 aliaque
551 2317 667 2368 alibi,
690 2332 826 2360 vacuo
857 2316 998 2372 spatio
1026 2315 1192 2366 relicto,
1216 2319 1519 2371 praetermisit,

118 2403 204 2431 non
226 2386 363 2429 solum
386 2386 553 2441 singula
575 2386 797 2437 vocabula,
820 2399 932 2441 quae
960 2399 1214 2426 enumerare
1242 2384 1416 2441 longum
1439 2394 1518 2438 est,

120 2456 197 2499 sed
218 2456 346 2498 etiam
375 2455 568 2510 integrae
597 2455 839 2496 sententiae
869 2460 913 2495 et
943 2453 1124 2494 maiores
1156 2461 1396 2508 perpetuae
1426 2470 1520 2497 ora-

156 2601 175 2632 8
192 2598 526 2632 Drakenborchiusnd
536 2598 798 2630 Liv.xxxvl.
845 2600 961 2637 potest.
1007 2597 1207 2629 Carbaehius
1245 2602 1332 2629 certe
1370 2608 1410 2630 ex
1449 2600 1519 2632 cod.

126 2651 172 2685 ¹9.
189 2652 234 2683 13.
248 2653 311 2673 non
326 2642 385 2672 nisi
401 2642 531 2673 lacunas
543 2641 693 2671 asteriaco
710 2645 798 2671 notn-
845 2640 933 2680 Mog.
951 2639 1031 2670 nihil
1049 2640 1202 2672 enotavit.

122 2685 444 2716 mcommomoravit
457 2683 557 2724 iisque
568 2683 691 2714 addidit
705 2684 800 2714 verba
887 2693 906 2724 9
933 2682 1130 2723 Utrumque,
1147 2683 1178 2713 id
1195 2684 1281 2723 (qnod
1303 2683 1446 2715 maxime
1466 2695 1520 2715 no·

124 2726 194 2759 Lib.
224 2727 385 2759 XXXV.
418 2736 466 2766 23.
498 2732 528 2757 ct
553 2737 656 2757 aurea
682 2727 798 2765 vigyinti
842 2726 942 2756 tabile
980 2730 1040 2763 est,
1079 2726 1226 2756 librarius
1263 2726 1382 2764 omisit,
1421 2738 1520 2758 vacuo

121 2770 238 2808 pondo,
254 2780 336 2809 quae
357 2774 464 2800 utrum
482 2780 521 2800 ex
541 2769 736 2807 moguntino
757 2780 796 2799 an
843 2768 939 2799 trium
965 2778 1110 2799 versuum
1135 2768 1240 2808 spatio
1265 2769 1387 2802 relicto.
1437 2770 1519 2800 Vide

125 2811 266 2851 Spirensi
305 2812 417 2843 codice
454 2811 628 2842 restitnerit
666 2811 797 2843 Geleuii
843 2811 950 2852 igitur,
966 2822 1006 2842 ne
1023 2812 1115 2852 plura
1131 2811 1362 2844 interciderint.

125 2853 303 2894 diligentia,
325 2855 366 2885 ud
392 2854 551 2894 liquidum
578 2854 709 2894 perduci
734 2865 797 2885 non
