1888 3194
928 181 1223 221 INDEX.

384 257 559 297 Nobilitas,
582 261 620 290 ut
647 259 711 290 duo
738 256 917 289 consularia
943 258 1015 289 loca
1037 269 1056 289 a

426 302 521 341 plebe
540 304 755 341 recuperaret,
774 300 850 332 totis
868 300 987 332 viribus
1008 301 1054 332 in-

426 344 549 375 cumbit
568 354 615 382 10,
636 352 682 383 15.

384 387 474 418 Νο111
496 387 622 427 capitur
645 398 665 417 a
690 386 847 418 Romanis
870 396 901 428 9,
926 387 974 418 28.
999 397 1053 426 op-

424 433 586 470 pugnatur
609 431 649 460 ab
675 430 862 460 Hannibale
894 438 944 468 23,
975 439 1054 466 14—

430 472 476 504 16.
500 473 615 503 iteruin
632 471 768 512 43—46.

383 515 533 546 Nolanus
556 519 685 546 senatus
707 516 941 551 Romanorum,
962 516 1054 554 plebs

424 562 471 589 est
494 558 689 589 Hannibalis
713 567 763 596 23,
784 568 831 595 14,
849 567 898 598 39.
923 558 1054 588 Nolana

425 602 515 640 plebs
545 605 637 632 vocat
667 600 886 631 Hannibalem
921 610 970 638 ²4⁷
1006 609 1051 637 13.

424 644 547 674 Nolani
563 644 682 673 milites
704 645 815 672 tenent
835 652 907 672 011111
926 642 1051 672 Samni-

422 686 509 716 tibus
534 686 737 725 Palaepolim
761 686 792 721 8,
818 693 867 722 23,
892 693 940 723 25.
974 685 1052 714 urbe

424 729 581 759 Romanis
596 728 725 764 tradita,
737 726 894 765 effugiunt
913 726 960 757 26.
984 727 1015 758 N
1020 737 1051 756 o-

423 771 515 801 lanus
531 781 605 810 ager
623 780 673 808 23,
694 780 740 808 14.

381 813 514 851 Noliba,
530 813 687 853 oppidum
706 811 885 860 Hispaniae
903 818 987 851 35,2
975 821 1020 842 ,2.

351 887 354 890 ,
381 856 521 886 Nomen.
579 856 631 885 Ad
662 855 795 885 nomina
825 854 880 894 qui
910 865 974 884 non
1004 864 1051 884 re-

420 898 636 946 spondissent,
660 898 753 935 virgis
778 898 860 928 caesi
889 904 916 936 7,
938 908 1051 935 11.110-

420 941 516 971 minis
531 952 617 971 error
627 940 731 971 flandi
745 944 791 971 est
806 941 847 971 II
842 940 985 970 mnibali
1001 950 1051 977 22,

426 994 472 1023 13·

379 1027 590 1058 Nomentana
612 1026 674 1064 via,
696 1026 772 1057 olim
796 1025 999 1056 Ficulnensis
1020 1035 1050 1064 3,

423 1076 479 1108 52.

379 1112 581 1143 Nomentani
609 1111 643 1142 in
673 1112 837 1143 civitatem
866 1111 992 1151 accepti
1020 1111 1050 1149 8,

424 1164 470 1194 ¹4·

378 1197 593 1236 Nomentum,
608 1208 683 1237 opp.
700 1208 720 1228 a
740 1197 918 1237 Tarquinio
940 1197 1049 1228 Prisco

421 1246 552 1281 captum
574 1251 601 1278 1,
617 1241 666 1279 38.
684 1241 722 1271 cf.
741 1244 816 1278 ct4,
834 1250 870 1270 22
888 1244 920 1270 et
937 1250 986 1278 32.

378 1283 495 1314 Nonae
517 1284 626 1314 Maiae
647 1294 699 1321 41,
717 1293 765 1314 20.
791 1283 976 1319 Quinctiles
999 1290 1048 1323 27,

421 1336 470 1365 23.
495 1327 632 1357 Sextiles
649 1336 700 1364 41,
719 1336 767 1357 20.

378 1369 503 1406 Norba,
529 1369 656 1399 colonia
685 1370 908 1399 Romanorum
940 1378 970 1405 2,
997 1377 1047 1407 34.

419 1420 472 1450 32,
490 1422 516 1443 2.
543 1422 613 1442 eam
629 1411 734 1442 subita
754 1411 933 1441 incursione
950 1412 1047 1450 depo-

420 1455 574 1494 pulantur
591 1454 794 1485 Privernates
813 1461 840 1493 7,
858 1463 907 1491 42.

377 1497 523 1528 Norbani
554 1497 704 1528 nuntiant
734 1496 948 1527 defectionem
981 1496 1048 1526 Pri-

418 1540 597 1570 vernatium
629 1542 659 1576 8,
692 1549 716 1570 1.
751 1550 770 1569 a
797 1540 919 1578 populo
951 1539 1049 1569 Rom.

418 1583 592 1613 laudantur
618 1583 658 1612 ob
684 1585 883 1612 constantem
910 1581 943 1611 in
968 1592 1048 1612 rem-

418 1625 581 1665 publicam
600 1625 697 1655 fidem
716 1633 768 1664 27,
788 1634 833 1655 10.

376 1668 550 1698 Norbanus
565 1678 640 1707 ager
656 1669 685 1705 8,
706 1677 753 1708 19.

376 1711 505 1748 Nortia,
523 1711 660 1741 Etrusca
678 1711 751 1741 Dea
770 1718 797 1750 7,
815 1719 843 1749 3.

375 1753 524 1789 Notium,
550 1754 707 1793 oppidum
733 1753 974 1793 Colophonium
998 1760 1050 1793 37,

420 1796 468 1827 26.
493 1798 545 1835 38,
561 1805 610 1838 39.

376 1839 472 1870 Nova
488 1840 650 1879 Carthago
668 1839 719 1877 28,
737 1846 784 1878 17.
800 1839 861 1870 vid.
874 1839 1047 1879 Carthago.

376 1882 492 1913 Novae
507 1883 660 1913 tabernae
678 1892 707 1921 3,
724 1883 774 1920 48.

375 1925 580 1956 Novendiale
587 1935 710 1955 sacrum
723 1924 852 1964 publice
863 1928 1045 1964 susceptum

421 1977 448 2005 1,
471 1977 522 2007 31.
554 1978 604 2006 21,
627 1966 677 1999 62.
708 1976 759 2006 23,
783 1977 833 2006 31.
863 1975 913 2006 25,
940 1975 967 2007 7.
996 1966 1047 2005 26,

416 2020 467 2050 23-
493 2018 543 2051 27,
563 2018 613 2050 37-
639 2020 689 2052 29,
710 2020 755 2048 14-
781 2019 832 2049 30,
849 2011 899 2049 38-
925 2019 976 2049 34,
993 2018 1042 2048 45-

415 2063 513 2126 339·
544 2052 661 2093 36237-
691 2054 743 2092 38,
765 2052 814 2093 36·
844 2063 896 2094 392
914 2063 963 2084 22·
992 2063 1043 2092 44.

418 2105 431 2126 1
457 2120 465 2127 .

373 2139 566 2170 Novensiles
582 2138 659 2169 Divi
676 2139 707 2176 8,
723 2148 753 2179 9

373 2182 450 2212 Nox
469 2182 629 2222 proelium
650 2162 770 2212 dirimit
786 2192 817 2229 4,
833 2190 882 2222 39.
907 2191 938 2222 9,
956 2189 993 2219 23
1011 2183 1044 2211 et

415 2234 465 2264 32.
497 2234 612 2262 10,12.
642 2234 691 2262 21,
709 2232 758 2264 59.
788 2223 954 2254 victoriam
977 2233 1043 2253 ma-

412 2267 470 2315 gis,
487 2277 585 2306 quam
606 2248 778 2306 proelium,
797 2266 918 2296 dirimit
942 2273 970 2305 7,
992 2274 1044 2303 33.

412 2309 496 2339 inter
511 2313 638 2339 noctem
656 2309 714 2338 lux
730 2312 799 2338 orta
816 2317 867 2346 32,
885 2318 923 2349 29

372 2351 516 2382 Nuceria
531 2352 701 2381 Alfaterna
722 2350 877 2389 subigitur
897 2351 938 2380 ad
954 2349 1040 2380 dedi-

412 2394 533 2424 tionem
550 2404 569 2423 a
586 2393 630 2428 Q.
644 2392 745 2423 Fabio
761 2403 792 2434 9,
809 2402 859 2429 41.
884 2392 1009 2431 capitur
1023 2402 1043 2422 a

414 2436 543 2474 Poenis,
558 2435 741 2466 incenditur
763 2438 795 2465 et
818 2434 967 2475 diripitur
992 2444 1042 2474 23,

416 2486 463 2518 15.

371 2520 527 2553 Nucerini
544 2521 688 2552 Atellam
704 2519 842 2550 traducti
861 2527 911 2559 27,
928 2530 957 2559 3.

371 2564 575 2596 Nucerinum
602 2573 712 2603 agrum
741 2563 940 2602 populantur
965 2562 1043 2593 socii

412 2608 544 2638 navales
560 2607 730 2637 Romanae
746 2605 854 2636 classis
870 2616 900 2646 9,
918 2606 967 2644 38.

370 2651 483 2682 Numa
513 2648 695 2688 Pompilius
725 2659 780 2678 rex
812 2648 908 2678 Rom.
935 2659 955 2678 a
982 2649 1043 2679 Pa-

411 2693 513 2724 tribus
528 2692 656 2731 eligitur
675 2701 701 2728 1,
719 2691 765 2722 18.
789 2690 856 2721 eius
872 2691 993 2721 iustitia
1008 2694 1041 2721 et

410 2735 533 2775 religio,
555 2734 632 2765 ibid.
661 2734 774 2764 Numa
798 2733 894 2763 serior
920 2734 1040 2773 Pytha-

409 2789 512 2818 goras,
532 2777 609 2808 ibid.
637 2776 704 2807 eius
726 2776 938 2815 inauguratio,
961 2776 1039 2807 ibid.

413 2822 530 2852 Ianum
546 2819 685 2850 indicem
702 2819 790 2858 pacis
804 2818 946 2858 bellique
962 2819 1039 2849 facit

415 2874 461 2906 19.
487 2863 631 2894 Deorum
651 2865 774 2892 metum
791 2861 892 2892 injicit
911 2862 1036 2898 animis,

1141 258 1219 290 ibid.
1251 269 1324 290 cum
1348 259 1422 290 Dea
1446 257 1563 299 Egeria
1584 267 1769 298 congressus

1142 305 1314 333 nocturnos
1344 302 1484 339 simulat,
1511 301 1587 332 ibid.
1620 300 1769 332 describit

1141 355 1262 375 annum
1289 346 1330 376 ad
1358 355 1484 375 cursum
1512 344 1609 374 lunae
1634 343 1667 374 in
1690 344 1768 374 duo-

1141 387 1245 418 decim
1270 398 1406 426 menses,
1430 387 1506 418 ibid.
1539 387 1678 417 nefastos
1701 385 1769 417 dies

1140 430 1302 469 fastosque.
1318 431 1406 467 facit,
1422 430 1498 461 ibid.
1524 428 1699 467 Flamines,
1712 429 1767 460 Sa-

1141 473 1210 510 lios,
1234 473 1421 512 pontificem
1446 476 1532 503 creat
1556 482 1605 503 20.
1633 471 1768 511 virgines

1142 515 1290 546 Vestales
1312 516 1399 555 legit,
1417 519 1448 546 et
1470 515 1547 555 ipsis
1569 514 1767 554 stipendium

1140 559 1179 588 de
1217 558 1347 597 publico
1385 558 1534 595 instituit,
1569 557 1646 588 ibid.
1696 556 1767 588 Iovi

1141 600 1246 630 Elicio
1283 610 1371 630 aram
1409 601 1441 630 111
1472 600 1634 631 Aventino
1668 600 1767 637 dicat,

1137 642 1214 673 ibid.
1232 643 1340 672 lucum
1353 647 1455 673 sacrat
1465 643 1637 674 Camoenis
1648 653 1696 673 21.
1714 642 1766 673 Fi-

1138 685 1190 715 dei
1203 685 1339 715 instituit
1355 685 1510 722 sollenne,
1521 685 1597 716 ibid.
1623 685 1766 725 regnavit

1139 736 1178 765 43
1205 738 1316 763 annos,
1339 727 1415 758 ibid.
1454 727 1522 757 eius
1547 727 1768 758 commentarii

1139 779 1189 808 32.
1229 770 1297 800 eius
1327 774 1358 800 et
1389 771 1526 800 cadaver
1551 773 1583 800 et
1609 769 1681 800 libri
1708 771 1766 800 sub

1140 812 1287 843 Ianiculo
1315 813 1347 842 in
1375 813 1499 843 duabus
1525 812 1606 843 arcis
1632 812 1767 852 lapideis

1137 855 1259 886 inventi
1291 865 1343 894 40,
1376 866 1424 897 29.
1463 859 1645 886 cremantur
1681 855 1766 893 libri,

1138 897 1214 929 ibid.

1096 940 1273 972 Numerius
1289 940 1468 978 Decimius,
1484 940 1610 971 Samnis
1627 950 1677 977 22,
1695 950 1743 979 24.

1096 984 1272 1020 Numerus,
1288 984 1456 1014 inventum
1473 983 1642 1014 Minervae
1659 990 1687 1023 7,
1702 993 1733 1023 3.

1096 1027 1280 1064 Numicius,
1296 1027 1430 1063 flumen,
1450 1036 1476 1063 1,
1494 1036 1521 1057 2.

1095 1070 1131 1100 L.
1147 1070 1179 1100 Ν
1185 1070 1331 1104 uinicius.
1344 1068 1544 1106 Circeiensis,
1560 1072 1688 1108 praetor
1704 1068 1766 1100 La-

1137 1112 1290 1150 tinorum,
1307 1113 1447 1143 Romam
1463 1115 1615 1142 evocatus
1630 1112 1661 1149 8,
1677 1120 1706 1151 3.

1094 1155 1132 1186 T.
1155 1155 1326 1186 Numicius
1357 1155 1495 1191 Priscus,
1523 1165 1584 1186 cos.
1615 1155 1766 1185 adversus

1138 1198 1274 1228 Volscos
1304 1198 1514 1238 proficiscitur
1542 1207 1571 1236 2,
1597 1196 1648 1236 63.
1682 1198 1765 1228 bene

1135 1251 1201 1270 rem
1218 1241 1310 1280 gerit,
1326 1240 1402 1271 ibid.

1093 1283 1258 1314 Numidae
1275 1284 1472 1323 populantur
1493 1293 1585 1322 agros
1606 1282 1764 1313 sociorum

1135 1327 1247 1366 populi
1275 1325 1415 1357 Romani
1440 1325 1472 1355 in
1500 1325 1611 1356 Sicilia
1636 1324 1687 1363 26,
1714 1335 1764 1357 21.

1134 1369 1326 1399 iaculatores
1345 1369 1394 1406 28,
1411 1378 1422 1398 1
1433 1378 1457 1399 1.
1478 1373 1554 1398 ante
1570 1378 1680 1398 omnes
1693 1369 1765 1398 bar-

1136 1412 1228 1442 baros
1243 1412 1334 1442 effusi
1351 1411 1383 1441 in
1399 1411 1559 1441 Venerem
1578 1420 1627 1451 29,
1641 1419 1690 1449 23.
1713 1419 1764 1450 3ο,

1140 1464 1186 1485 12.
1219 1465 1313 1493 vagas
1339 1454 1472 1484 trahunt
1499 1454 1612 1484 domus
1637 1463 1688 1494 29,
1714 1462 1763 1492 31.

1136 1507 1231 1527 carne
1274 1507 1313 1527 ac
1350 1498 1434 1527 lacte
1472 1499 1653 1533 vescuntur,
1685 1495 1764 1527 ibid.

1136 1539 1276 1578 primum
1305 1539 1337 1570 111
1358 1539 1467 1569 Africa
1494 1539 1640 1578 equitum
1664 1548 1764 1578 genus

1136 1591 1186 1620 34.
1208 1582 1270 1613 vid.
1287 1586 1319 1613 et
1336 1592 1387 1620 24,
1403 1583 1452 1621 48.
1476 1591 1587 1612 eorum
1607 1585 1709 1612 castra
1724 1592 1764 1612 ex

1136 1636 1200 1664 qua
1226 1625 1361 1656 materia
1386 1626 1483 1661 facta,
1508 1628 1540 1655 et
1564 1634 1627 1664 quo
1653 1624 1764 1655 ordine

1137 1677 1188 1706 3ο,
1202 1677 1230 1706 3.
1255 1668 1392 1699 liberant
1408 1667 1583 1698 exercitum
1602 1668 1698 1698 Rom.
1712 1674 1764 1706 35,

1140 1721 1150 1740 1
1162 1721 1186 1741 1.
1211 1721 1332 1749 eorum,
1345 1720 1564 1750 equorumque
1579 1710 1763 1750 descriptio,

1136 1753 1211 1784 ibid.
1237 1754 1454 1784 Numidarum
1476 1753 1620 1792 equitum
1640 1752 1764 1784 auxilia

1134 1796 1354 1836 adiunguntm
1370 1795 1570 1826 Hasdrubali
1590 1795 1623 1827 in
1642 1795 1762 1835 Hispa-

1134 1839 1188 1870 nia
1205 1849 1287 1877 21,“
1276 1849 1321 1870 ..2.
1345 1839 1591 1878 quingentorum
1611 1839 1652 1869 de
1671 1838 1762 1868 Han-

1133 1882 1188 1912 nib
1191 1882 1251 1912 alis
1269 1882 1413 1913 exercitu
1434 1881 1593 1922 proelium
1611 1881 1763 1912 adversus

1133 1928 1293 1955 tiecentos
1309 1925 1433 1964 equites
1449 1925 1546 1955 Rom.
1564 1934 1612 1966 29.

1092 1967 1272 2004 Numisius,
1283 1968 1458 2008 imperatm
1470 1967 1658 1998 Latinorum
1672 1966 1762 2004 8,11.

1092 2011 1128 2042 C.
1141 2011 1310 2041 Numisius
1326 2014 1451 2041 creatur
1466 2014 1603 2050 praetor,
1619 2013 1652 2040 et
1671 2007 1761 2040 sorti-

1132 2057 1184 2083 tur
1200 2053 1341 2084 Siciliam
1360 2063 1411 2091 41,
1432 2063 1479 2083 12.

1089 2095 1127 2127 Τ.
1142 2096 1310 2126 Numisius
1323 2094 1573 2135 Tarquiniensis,
1588 2093 1736 2134 legatus'
1727 2103 1761 2124 m

1132 2139 1358 2168 Macedoniam
1376 2146 1429 2176 45,
1448 2144 1494 2176 17.

1086 2181 1127 2211 ad
1145 2181 1388 2212 Numistronem
1405 2180 1452 2211 M.
1464 2179 1640 2210 Marcellus
1653 2181 1760 2210 castra

1131 2222 1222 2263 ponit
1241 2230 1290 2262 27,
1308 2232 1336 2253 2.

1089 2265 1253 2302 Numitor,
1274 2264 1360 2295 filius
1381 2264 1486 2295 maior
1510 2265 1643 2302 Procae,
1663 2264 1760 2295 Albae-

1127 2317 1239 2338 norum
1254 2307 1335 2347 regis
1348 2317 1375 2345 1,
1386 2317 1414 2346 3.
1433 2308 1566 2347 pellitur
1574 2308 1615 2338 ab
1627 2306 1760 2338 Amulio

1128 2351 1235 2387 fratre,
1253 2350 1329 2381 ibid.
1353 2350 1531 2381 restituitur
1547 2357 1577 2389 5.

1086 2393 1124 2423 L.
1138 2393 1353 2430 Numitorius,
1370 2393 1517 2423 tribunus
1532 2391 1636 2433 plebis
1652 2401 1681 2431 2,
1698 2392 1747 2432 58.

1088 2435 1126 2466 P.
1147 2435 1324 2466 Numitorii
1347 2446 1420 2466 cum
1442 2435 1551 2475 Appio
1575 2435 1759 2466 decemviro

1129 2478 1294 2509 contentio
1311 2487 1341 2517 3,
1358 2489 1407 2518 45.
1431 2478 1463 2508 in
1481 2478 1644 2509 Aventino
1659 2477 1758 2508 tribu-

1128 2531 1190 2551 nus
1206 2521 1308 2560 plebis
1325 2524 1450 2551 creatur
1467 2528 1517 2560 54.

1090 2563 1255 2594 Nummus
1270 2563 1476 2604 quadrigatus
1492 2573 1544 2601 22,
1559 2570 1609 2601 52.

1088 2606 1264 2636 Nundinae
1283 2614 1310 2646 7,
1331 2613 1376 2645 15.

1088 2649 1128 2678 ob
1160 2649 1304 2688 Nuptias
1334 2647 1462 2688 virginis
1490 2647 1573 2679 inter
1601 2647 1759 2679 Ardeates

1129 2691 1251 2721 bellum
1268 2690 1456 2721 intestinum
1474 2701 1504 2728 4,
1519 2700 1549 2732 9.

1085 2733 1219 2764 Nursini
1248 2732 1443 2772 pollicentur
1469 2733 1612 2773 Scipioni
1638 2732 1758 2764 milites

1085 2776 1319 2859 Nifzgipssmum
1336 2817 1368 2849 in
1391 2817 1593 2858 Apolloniati
1613 2828 1688 2858 agro
1704 2828 1755 2857 42,

1126 2860 1177 2901 56,
1193 2871 1232 2901 49
1250 2865 1282 2891 et
1298 2868 1347 2899 53·

1862 2691 1871 2712 ’ν
1862 2545 1878 2677 ,ep-..ouem
1860 2495 1867 2519 Α·
1858 2463 1859 2468 ⁴
1871 2430 1874 2432 ,

1850 2878 1870 2996 ῑῇἐῒέςωῑ
1863 2858 1869 2866 ,,
1862 2833 1863 2836 „
