1888 3194
373 206 424 244 68
892 200 1039 243 TITI
1075 200 1254 243 LIVII

169 303 268 334 U.C.
291 292 492 341 581.‘feci.
555 291 628 332 Bis
657 290 809 332 deinde
840 291 884 331 in
915 289 1121 347 Hispania
1150 291 1334 340 militavi,
1366 291 1494 333 semel
1528 291 1580 340 Q.
1604 290 1751 333 Fulvio

167 346 207 377 A.
231 346 269 377 C·
295 354 362 384 171·
377 355 389 373 ⁶
401 350 561 399 Flacco,
579 350 730 390 iterum
747 348 812 390 Ti.
832 347 1076 404 Sempronio
1094 347 1285 390 Graccho
1301 359 1499 404 praetore.
1543 349 1586 390 A
1602 349 1751 391 Flacco

377 408 510 449 ‘inter
536 416 705 456 ceteros,
735 421 838 462 quos
863 406 1026 447 virtutis
1053 421 1175 447 causa
1204 421 1344 447 seeum
1374 422 1427 448 ex
1456 406 1669 463 provincia
1698 406 1752 447 ad

377 465 663 521 ‘triumphum
697 464 943 513 deducebat,
980 463 1183 505 deductus
1218 479 1320 504 sum.
1383 464 1426 505 A
1466 464 1531 505 Ti.
1559 464 1752 505 Graccho

377 528 581 578 ‘rogatus,
617 522 662 562 in
700 521 955 578 provinciam
990 521 1031 562 ii.
1097 521 1257 570 Quater
1291 522 1400 562 intra
1434 537 1587 578 paucos
1622 536 1752 563 annos

377 586 389 604 ‘
403 581 584 637 primum
603 579 734 635 pilum
755 578 880 619 duxi:
914 587 1060 634 quater
1079 588 1121 620 et
1141 579 1278 620 tricies
1297 579 1459 620 virtutis
1479 594 1602 620 causa
1621 579 1753 620 dona-

377 644 468 679 ‘tus
503 638 553 679 ab
593 636 907 693 imperatoribus
942 651 1055 677 sum:
1098 651 1170 677 sex
1206 636 1354 677 civicas
1389 652 1560 678 coronas
1595 637 1749 693 accepi.

377 701 389 719 ‘
404 695 567 751 Viginti
588 695 671 735 duo
692 693 900 750 stipendia
919 709 1057 734 annua
1077 694 1121 734 in
1142 693 1328 735 exercitu
1349 694 1522 735 emerita
1540 694 1688 744 habeo,
1710 703 1754 735 et

377 759 389 777 ‘
405 754 535 794 maior
555 752 674 793 annis
694 766 785 792 sum
802 751 1116 807 quinquaginta.
1181 750 1309 798 Quod
1324 751 1358 791 si
1377 751 1481 791 mihi
1501 767 1578 792 nec
1595 752 1753 808 stipen-

377 817 388 834 ‘
404 810 473 851 dia
493 810 632 851 omnia
653 808 824 849 emerita
844 817 991 857 essent,
1008 808 1189 849 necdum
1211 816 1322 848 aetas
1342 809 1598 849 vacationem
1620 809 1750 859 daret,

378 874 390 892 ‘
405 877 556 916 tamen,
579 881 708 922 quum
730 874 927 921 quattuor
947 865 1098 906 milites
1127 880 1202 920 pro
1232 880 1299 905 me
1327 880 1412 906 uno
1432 866 1548 906 vobis
1568 865 1679 916 dare,
1701 866 1750 908 P.

377 924 556 973 ‘Licini,
585 938 760 979 possem,
790 938 971 978 aequum
999 932 1087 963 erat
1111 937 1177 963 me
1208 922 1372 964 dimitti.
1437 922 1521 964 Sed
1547 923 1650 964 haec
1676 939 1752 980 pro

377 988 388 1006 ‘
400 997 522 1022 causa
537 996 630 1022 mea
645 981 756 1021 dicta
771 980 980 1036 accipiatis
993 980 1134 1021 velim:
1167 980 1254 1035 ipse
1271 995 1350 1030 me,
1365 980 1504 1036 quoad
1517 981 1751 1037 quisquam,

376 1046 388 1063 ‘
404 1039 476 1096 qui
498 1039 702 1080 exercitus
719 1038 873 1088 scribit,
890 1038 1087 1078 idoneum
1111 1037 1282 1079 militem
1304 1038 1518 1088 iudicabit,
1535 1054 1752 1095 nunquam

376 1103 490 1138 ‘sum
522 1105 801 1138 excusaturus.
866 1095 1025 1137 Ordine
1054 1110 1137 1150 quo
1168 1110 1234 1136 me
1262 1095 1438 1151 dignum
1465 1096 1653 1138 iudicent
1680 1097 1752 1138 tri-

376 1154 505 1196 ‘buni
534 1154 726 1202 militum,
749 1154 931 1210 ipsorum
952 1163 1013 1194 est
1041 1153 1276 1209 potestatis:
1310 1168 1363 1193 ne
1392 1153 1485 1209 quis
1512 1169 1578 1195 me
1600 1154 1783 1202 virtute5

376 1212 442 1253 ‘in
474 1212 660 1254 exercitu
687 1220 880 1267 praestet,
902 1210 1010 1251 dabo
1035 1225 1225 1266 operam3
1258 1218 1305 1251 ut
1332 1225 1494 1266 semper
1523 1211 1582 1252 ita
1607 1211 1785 1254 fecisse6

376 1276 465 1311 ‘me
506 1279 548 1311 et
583 1270 850 1325 imperatores
883 1269 977 1317 mei,
1012 1278 1054 1309 et
1089 1268 1162 1324 qui
1194 1283 1277 1309 una
1311 1268 1520 1324 stipendia
1549 1269 1751 1320 fecerunt,

376 1334 388 1352 ‘
404 1336 528 1369 testes
555 1337 662 1368 sunt.
724 1325 812 1367 Vos
833 1341 1000 1382 quoque
1030 1341 1211 1381 aequum
1239 1335 1313 1375 est,
1336 1326 1652 1377 commilitones,
1675 1327 1752 1369 etsi

376 1385 686 1441 ‘appellationis
713 1384 828 1424 vobis
856 1384 1062 1439 usurpatis
1090 1384 1165 1432 ius,
1188 1398 1318 1439 quum
1344 1383 1626 1425 adolescentes
1646 1384 1753 1426 nihil

375 1443 595 1484 ‘adversus
625 1441 936 1497 magistratuum
970 1450 1219 1496 senatusque
1253 1441 1541 1482 auctoritatem
1575 1456 1753 1497 usquam

374 1500 591 1550 ‘feceritis,
618 1514 730 1540 nunc
762 1514 929 1555 quoque
960 1499 1004 1539 in
1034 1507 1237 1554 potestate
1265 1507 1431 1539 senatus
1459 1514 1506 1539 ac
1533 1499 1752 1541 consulum

375 1564 500 1608 ‘esse,
530 1567 571 1599 et
601 1557 741 1598 omnia
766 1556 940 1597 honesta
966 1556 1055 1597 loca
1079 1556 1245 1605 ducere,
1275 1556 1426 1611 quibus
1452 1556 1753 1612 rempublicam

228 1620 293 1659 35.
375 1622 387 1640 ‘
403 1615 611 1657 defensuri
633 1614 745 1655 sitis.’
806 1613 924 1655 Haec
952 1614 1024 1654 ubi
1052 1613 1171 1662 dixit,
1194 1613 1473 1654 collaudatum
1501 1613 1641 1655 multis
1661 1629 1753 1656 ver-

167 1676 286 1723 Parent
371 1674 434 1715 bis
456 1673 600 1714 consul
616 1687 668 1713 ex
690 1671 889 1712 concione
910 1671 954 1711 in
970 1679 1158 1712 senatum
1179 1671 1310 1711 duxit.
1373 1670 1437 1711 Ibi
1454 1686 1622 1727 quoque
1638 1671 1678 1713 ei
1698 1687 1752 1713 ex

165 1723 616 1792 {JJSmrmneSauctoritate
638 1739 803 1770 senatus
823 1728 977 1784 gratiae
1000 1737 1127 1777 actae,
1151 1728 1390 1784 tribunique
1411 1728 1608 1770 militares
1627 1729 1673 1770 in
1693 1729 1752 1771 le-

231 1786 238 1793 ”
371 1789 493 1845 gione
524 1788 658 1844 prima
686 1787 866 1843 primum
897 1786 1027 1842 pilum
1059 1786 1222 1827 virtutis
1253 1801 1375 1827 causa
1405 1785 1443 1827 ei
1479 1786 1749 1843 assignarunt.

375 1845 518 1888 Ceteri
539 1845 814 1894 centuriones,
837 1844 1006 1885 remissa
1032 1843 1323 1899 appellatione,
1345 1843 1398 1884 ad
1423 1843 1633 1885 delectum
1653 1845 1752 1886 obe-

372 1904 535 1945 dienter
555 1902 869 1958 responderunt.

433 1961 530 2008 Quo
552 1959 750 1999 maturius
771 1959 814 1998 in
838 1957 1069 2013 provincias
1097 1957 1357 2012 magistratus
1377 1957 1749 2012 proficiscerentur,

372 2018 548 2058 Latinae
572 2015 777 2057 Kalendis
796 2014 928 2055 Iuniis
948 2014 1062 2055 fuere
1079 2030 1088 2054 :
1122 2029 1256 2069 eoque
1277 2013 1454 2055 sollenni
1474 2015 1671 2071 perfecto,
1697 2015 1748 2059 C.

373 2074 594 2115 Lucretius
624 2082 801 2129 praetor,
831 2072 1035 2120 omnibus,
1063 2086 1168 2127 quae
1200 2071 1253 2112 ad
1283 2071 1453 2112 classem
1484 2087 1588 2128 opus
1618 2083 1749 2125 erant,

371 2131 614 2188 praemissis,
632 2129 902 2170 Brundisium
915 2137 978 2170 est
993 2129 1211 2184 profectus.
1259 2128 1429 2170 Praeter
1444 2144 1513 2170 eos
1529 2130 1749 2182 exercitus,

373 2204 477 2245 quos
512 2187 701 2229 consules
733 2187 1040 2242 comparabant,
1076 2185 1125 2226 C.
1153 2185 1337 2242 Sulpicio
1376 2185 1534 2229 Galbae
1569 2189 1751 2244 praetori

372 2247 586 2302 negotium
617 2245 772 2293 datum,
805 2253 853 2284 ut
885 2252 1081 2299 quattuor
1110 2242 1294 2299 legiones
1328 2244 1524 2285 scriberet
1557 2246 1748 2296 urbanas,

371 2304 480 2345 iusto
501 2317 675 2343 numero
702 2301 892 2357 peditum
919 2300 1216 2356 equitumque3
1250 2301 1381 2357 iisque
1403 2311 1600 2357 quattuor
1620 2303 1750 2345 tribu·
1765 2322 1781 2354 7

371 2376 447 2402 nos
468 2360 646 2401 militum
663 2375 715 2400 ex
736 2367 879 2399 senatu
896 2358 1062 2413 legeret,
1081 2358 1153 2413 qui
1174 2368 1432 2413 praeessent:
1466 2360 1585 2401 sociis
1606 2360 1750 2402 Latini

371 2418 551 2459 nominis
577 2417 799 2473 imperaret
821 2415 1062 2472 quindecim
1090 2414 1219 2456 millia
1244 2415 1446 2471 peditum,
1469 2417 1581 2459 mille
1609 2427 1652 2459 et
1671 2418 1749 2459 du-

372 2485 513 2516 centos
534 2475 705 2531 equites.
767 2473 808 2514 Is
829 2473 1035 2514 exercitus
1057 2473 1116 2513 uti
1145 2482 1309 2528 paratus
1330 2483 1448 2523 esset,
1472 2490 1556 2530 quo
1582 2485 1749 2517 senatus

418 2630 434 2660 5
458 2623 605 2660 Ipsorum
628 2624 672 2650 est
694 2617 874 2658 potestatis]
908 2626 949 2646 sc.
967 2616 1035 2646 Sta·
1080 2615 1157 2645 buni
1180 2615 1311 2645 alternis
1332 2616 1572 2656 imperitabant,
1586 2622 1623 2649 ut
1645 2620 1748 2650 obser-

371 2668 471 2700 tuere,
500 2672 599 2702 quum
633 2660 907 2691 senatusconsulto
937 2658 975 2688 iis
1004 2658 1035 2687 id
1083 2661 1189 2687 vatum
1214 2662 1260 2687 est
1282 2669 1366 2697 supr.
1383 2660 1427 2689 xl.
1444 2669 1495 2697 41.
1540 2660 1603 2692 Sed
1618 2661 1678 2699 his,
1693 2663 1748 2702 qui

370 2705 510 2736 muneris
524 2705 748 2743 iniungeretur.
1080 2710 1119 2730 ex
1135 2704 1245 2730 senatu
1263 2701 1422 2739 leguntur,
1433 2702 1528 2732 datur
1540 2703 1691 2734 nimirum
1706 2706 1747 2735 ob

415 2748 434 2777 6
460 2750 501 2779 Ue
523 2747 660 2787 semper]
699 2748 744 2776 Et
768 2755 890 2783 semper
913 2742 1035 2774 Grono-
1078 2742 1266 2781 ampliorem
1283 2743 1446 2781 dignitatis
1459 2745 1592 2783 gradum
1609 2750 1746 2777 extraor-

373 2792 441 2822 vius
458 2791 616 2821 emendat.
633 2788 812 2819 Crevierius
828 2786 974 2817 voculam
990 2787 1035 2816 ita
1080 2784 1202 2814 dinaria
1218 2788 1366 2823 potestas.
1411 2785 1483 2816 Nisi
1498 2786 1578 2816 forte
1593 2788 1746 2819 mendum

371 2834 548 2864 redundare
563 2835 679 2862 censet.
1079 2831 1126 2858 est
1142 2828 1172 2857 in
1189 2837 1332 2863 numero,
1347 2828 1581 2868 legendumque
1595 2835 1747 2869 quattuor

417 2887 431 2916 7
454 2877 563 2916 Iisque
577 2879 728 2915 quattuor
743 2873 886 2903 tribunos
900 2872 1035 2901 militum
1079 2875 1109 2900 et
1131 2871 1244 2909 ve'yz‘nti
1269 2871 1423 2906 tribunos,
1444 2881 1498 2901 sex
1520 2871 1604 2901 enim
1627 2873 1745 2904 tribuni

370 2931 409 2951 em
420 2924 533 2949 senatu
545 2919 670 2957 leym-et,
682 2917 736 2956 qui
748 2916 945 2954 praeessent]
961 2913 1035 2943 Hoc
1080 2913 1267 2942 creabantur
1282 2912 1314 2942 in
1330 2912 1470 2952 singulas
1485 2914 1632 2953 legioneS.
1654 2915 1714 2947 CR.

370 2962 557 2992 notandum.
604 2960 689 2990 Num
709 2969 746 2988 ex
772 2967 858 2987 more
874 2957 966 2986 solito
983 2955 1032 2985 tri-
