1888 3194
328 183 410 223 316
839 179 988 222 ΤΙΤΙ
1030 179 1209 222 LIVII

329 272 408 314 hac
429 286 473 313 re
494 286 633 328 neque
655 271 856 313 affirmare
878 271 1106 329 quicquam
1134 284 1273 326 neque
1300 267 1489 311 refellere
1515 267 1559 308 in
1581 266 1722 307 animo

330 329 490 371 habeo:
530 329 635 386 quin
667 329 806 385 potius
839 343 1118 386 quaecunque
1150 327 1418 384 disputantur
1444 334 1492 366 ut
1519 322 1722 380 antiquis-

330 387 528 427 simarum
578 387 916 428 membranarum
966 385 1153 442 reliquiis
1198 393 1311 426 certa
1355 382 1564 439 quaedam
1609 388 1722 421 aetas

330 443 575 500 assignetur,
598 444 703 484 mihi
723 443 896 499 quidem
917 458 1024 484 vana
1044 442 1216 484 omnino
1242 451 1368 497 atque
1394 438 1614 482 temeraria
1633 451 1722 479 esse

331 500 539 542 videntur.
605 500 773 542 Scilicet
806 501 850 541 id
883 500 1056 556 quidem
1091 499 1208 540 nullo
1243 498 1414 554 negotio
1447 493 1723 538 demonstrari

331 566 483 614 potest,
505 557 733 614 scripturae
754 572 900 613 genus,
924 557 1039 612 quod
1058 556 1127 597 hic
1149 555 1416 611 conspicitur,
1439 554 1473 595 si
1494 569 1518 595 a
1537 552 1619 594 levi
1640 551 1724 593 dis-

332 615 506 656 crimine
524 614 758 656 discesseris
775 614 890 670 quod
906 629 1004 654 mox
1021 613 1229 661 indicabo,
1244 613 1379 668 primo
1394 619 1490 667 post
1505 610 1724 652 Christum

331 680 481 713 natum
507 671 673 712 saeculo
701 671 784 711 iam
813 671 1012 711 usitatum
1033 670 1169 710 fuisse.
1232 668 1298 709 Ita
1325 669 1438 709 enim
1466 668 1603 724 pictae
1625 674 1724 708 sunt

331 744 440 784 quae
473 728 688 783 Pompeiis
723 727 767 768 in
799 727 1028 783 parietibus
1062 726 1262 781 leguntur
1303 733 1366 766 tot
1404 724 1720 779 inscriptiones:

334 786 497 826 Romae
519 799 689 839 quoque
720 784 882 825 ludrica
911 783 982 824 illa
1011 782 1280 824 comminatio
1311 796 1419 837 quae
1453 781 1497 821 in
1528 780 1725 821 Thermis

334 842 422 883 Titi
453 841 721 897 Imperatoris
748 841 920 882 visitur:
955 855 1040 881 una
1071 839 1256 894 denique
1289 838 1400 879 inter
1432 837 1725 894 inscriptiones

332 898 544 955 sepulchri
573 898 886 948 Arruntiorum,
910 913 1013 953 quas
1043 897 1118 953 qui
1149 896 1202 937 ad
1232 896 1461 952 primorum
1496 894 1727 936 Caesarum

332 970 483 998 aevum
503 955 741 996 referendas
762 970 849 996 esse
872 963 1059 1004 censent,
1082 954 1132 995 iis
1152 953 1273 994 facile
1302 953 1469 1002 accedo,
1492 951 1591 993 licet
1617 965 1727 992 mar-

333 1013 439 1054 mori
474 1013 618 1062 incisa,
656 1012 835 1054 eandem
870 1027 1038 1068 prorsus
1077 1011 1294 1052 literarum
1326 1010 1504 1051 formam
1538 1008 1723 1050 exhibet.

332 1069 424 1112 Iam
459 1085 557 1112 vero
593 1070 904 1112 Laurentianus
934 1068 1105 1126 Virgilii
1137 1068 1285 1118 codeX,
1317 1082 1445 1124 quem
1476 1076 1618 1108 tamen
1647 1066 1725 1107 sub

336 1127 527 1170 Odoacre
549 1142 646 1184 rege
668 1127 870 1183 scriptum
892 1142 979 1168 esse
1002 1134 1178 1175 constat,
1200 1125 1313 1166 idem
1342 1125 1571 1181 scripturae
1591 1137 1726 1179 genus

333 1185 532 1234 exhibet3
565 1200 705 1240 neque
726 1185 847 1226 aliter
866 1185 1019 1240 scripta
1039 1192 1137 1225 sunt
1155 1183 1390 1238 fragmenta
1411 1181 1580 1237 Virgilii
1606 1180 1727 1223 Vati-

333 1242 556 1284 canensia:
593 1257 701 1298 quae
721 1242 863 1283 omnia
883 1257 968 1282 non
989 1241 1070 1281 nisi
1091 1256 1142 1282 eo
1163 1240 1214 1281 ab
1235 1239 1578 1295 inscriptionibus
1598 1237 1726 1279 Pom-

332 1299 492 1355 peianis
513 1299 726 1349 differunt,
744 1298 859 1355 quod
881 1299 923 1339 A
943 1298 1064 1340 litera
1084 1298 1129 1338 in
1148 1297 1213 1338 his
1232 1306 1507 1338 transversam
1527 1294 1727 1336 lineolam

333 1357 473 1406 habet,
496 1371 580 1412 qua
612 1357 656 1397 in
689 1356 838 1397 ceteris
871 1364 995 1397 caret.
1059 1355 1192 1396 Porro
1225 1362 1366 1395 autem
1399 1353 1480 1394 alia
1510 1361 1572 1394 est
1601 1352 1727 1393 huius

334 1414 562 1470 scripturae
595 1413 752 1454 familia
783 1428 889 1468 quae
923 1414 974 1454 ab
1007 1412 1079 1453 illa
1110 1412 1247 1468 priore
1281 1426 1331 1452 eo
1365 1411 1585 1466 discrepat,
1612 1409 1728 1465 quod

334 1470 479 1512 literae
514 1470 550 1511 Β
580 1479 622 1511 et
653 1470 687 1511 F
717 1470 893 1511 dimidia
923 1478 1040 1526 parte
1068 1484 1193 1525 super
1223 1476 1381 1510 ceteras
1409 1467 1650 1516 eminent‘ss,
1682 1466 1728 1507 H

334 1536 475 1569 autem
509 1528 839 1583 configuratione
873 1527 926 1568 ad
962 1527 1006 1568 K
1038 1527 1227 1583 proxime
1261 1524 1449 1566 accedit:
1487 1525 1568 1565 hoc
1600 1524 1729 1580 igitur

333 1600 487 1641 genere
520 1585 673 1640 scripta
702 1593 800 1626 sunt
826 1584 1060 1640 fragmenta
1085 1583 1197 1624 Livii
1229 1582 1497 1639 Sallustiique
1520 1582 1727 1631 Romana,

337 1642 556 1684 Ciceronis
578 1641 939 1683 Mediolanensia:
968 1656 1101 1698 quum
1123 1649 1264 1682 tamen
1285 1648 1451 1697 praeter
1470 1639 1579 1680 hanc
1599 1653 1729 1680 unam

334 1699 621 1741 diversitatem
635 1699 863 1755 Virgiliani
879 1699 1036 1740 codicis
1057 1699 1243 1740 Romani
1260 1707 1303 1739 et
1321 1697 1544 1753 fragmenti
1561 1695 1729 1738 Liviani

336 1757 442 1798 mira
461 1772 628 1813 prorsus
649 1757 702 1798 sit
723 1766 764 1798 et
786 1757 904 1813 quasi
924 1757 1107 1798 fraterna
1127 1756 1335 1812 quaedam
1356 1754 1599 1796 similitudo.
1648 1753 1730 1795 His

335 1814 564 1871 adiungere
599 1829 768 1871 possum
801 1814 905 1856 duas
936 1814 1230 1870 inscriptiones
1263 1814 1307 1854 in
1340 1812 1563 1869 lapidibus,
1585 1826 1728 1861 unam,

336 1887 444 1928 quae
478 1872 531 1913 ad
568 1871 774 1914 Gordiani
808 1871 1078 1928 Imperatoris
1111 1880 1291 1913 aetatem
1322 1870 1520 1926 pertinet,
1541 1869 1728 1918 alteram,

335 1945 444 1985 quae
484 1930 530 1970 in
570 1929 701 1971 hortis
742 1929 1020 1971 Albaniorum
1062 1937 1210 1978 exstat,
1251 1927 1392 1984 paullo
1434 1927 1726 1982 antiquiorem.

337 1986 457 2028 Haec
491 1987 565 2042 qui
599 1987 882 2042 pensitaverit,
921 1987 955 2027 is
990 1986 1164 2042 quidem
1204 1985 1377 2026 minime
1413 1983 1634 2025 sustinebit
1665 1997 1729 2024 as-

336 2058 485 2092 serere,
512 2052 585 2084 aut
614 2043 696 2084 hoc
726 2051 798 2084 aut
828 2043 934 2084 illud
963 2058 1097 2099 genus
1127 2041 1337 2083 scribendi
1368 2041 1583 2097 antiquius
1610 2055 1726 2082 esse:

336 2109 562 2155 utrumque
593 2100 742 2141 iisdem
772 2099 947 2141 saeculis
979 2101 1024 2141 in
1056 2115 1134 2141 usu
1165 2099 1290 2141 fuisse
1323 2098 1528 2140 concedat
1559 2112 1729 2139 necesse

336 2166 410 2198 est.
477 2157 573 2207 Sed,
608 2172 661 2198 ne
696 2157 790 2213 quis
821 2157 926 2198 forte
961 2157 1158 2213 opinetur
1189 2156 1294 2197 illud
1325 2156 1441 2211 quod
1472 2155 1518 2196 in
1550 2155 1730 2198 Liviano

337 2214 572 2270 fragmento
604 2223 753 2270 regnat
785 2214 987 2256 maturius
1019 2214 1262 2263 exolevisse,
1285 2228 1375 2270 age,
1397 2212 1511 2254 istud
1543 2228 1619 2269 per
1650 2211 1732 2254 alia

338 2280 612 2313 monumenta
631 2286 944 2327 prosequamur.
1008 2271 1125 2313 Nota
1145 2280 1207 2312 est
1232 2271 1495 2312 librariorum
1517 2269 1730 2320 sedulitaS,

339 2329 413 2385 qui
434 2343 755 2384 nonnunquam,
779 2329 880 2369 dum
905 2329 1032 2371 libros
1058 2328 1381 2371 transcriberent
1400 2343 1580 2383 quorum
1601 2327 1732 2368 fidem

337 2386 569 2442 subscripta
608 2386 914 2427 emendationis
955 2386 1193 2428 testificatio
1233 2385 1568 2435 commendabat,
1605 2383 1731 2425 huius

338 2443 511 2499 quidem
537 2443 677 2484 literas
705 2444 763 2484 ita
790 2443 1073 2493 imitabantur,
1095 2452 1143 2485 ut
1163 2442 1349 2499 singulos
1370 2442 1575 2483 ductuum
1595 2442 1731 2482 flexus

339 2500 563 2556 apicesque
592 2500 829 2542 redderent.
894 2501 998 2542 Eius
1028 2501 1194 2557 generis
1222 2509 1285 2541 est
1312 2499 1561 2555 subscriptio
1582 2498 1729 2548 Persii,

339 2557 414 2613 qui
444 2557 579 2598 codex
610 2558 654 2599 in
687 2558 889 2599 tabulario
919 2558 1114 2600 basilicae
1138 2558 1371 2600 Vaticanae
1392 2564 1541 2606 exstat,
1564 2556 1731 2597 saeculo

340 2615 504 2656 decimo
526 2615 715 2671 scriptus,
739 2631 957 2671 expressus
979 2625 1120 2656 autem
1141 2630 1195 2655 ex
1223 2614 1347 2669 longe
1369 2613 1619 2669 antiquiore,
1642 2614 1729 2669 qui,

339 2672 643 2728 subscriptione
673 2681 790 2722 teste,
813 2674 889 2713 sub
912 2672 1106 2714 Honorio
1135 2671 1391 2728 Imperatore
1421 2670 1656 2712 Barcinone
1686 2671 1731 2712 in

340 2729 547 2785 Hispania
567 2729 815 2770 emendatus
836 2729 981 2771 fuerat.
1043 2729 1133 2770 Iam
1154 2744 1253 2770 vero
1280 2728 1384 2769 haec
1412 2728 1661 2784 subscriptio
1682 2745 1733 2771 ea

382 2884 417 2911 41
448 2874 486 2904 In
515 2875 694 2912 fragmento
714 2874 849 2904 Liviano
872 2874 967 2904 ctiam
987 2874 1013 2904 L
1060 2872 1216 2903 Brunsius
1232 2877 1343 2903 auctor
1360 2877 1405 2903 est
1423 2872 1455 2903 in
1471 2873 1627 2913 Epist.ad
1644 2874 1731 2905 Ken-

340 2917 464 2947 literam
476 2916 638 2948 interdum
650 2927 726 2956 prae
738 2916 851 2947 ceteris
861 2916 1013 2955 eminere,
1058 2916 1169 2947 nit-ott.
1190 2926 1218 2955 p.
1238 2924 1308 2955 353.
