1888 3194
525 197 651 241 LIB.
685 195 810 238 XLI.
848 196 994 239 CAP.
1032 197 1117 254 [4.]
1495 202 1528 242 5»

124 291 196 342 ito,
234 299 276 332 et
321 289 428 331 nihil
475 289 556 331 tale
602 297 841 330 metuentes
889 288 1073 339 adortus,
1110 288 1311 346 plurimos
1348 290 1514 341 cecidit,
1532 297 1577 331 U.
1594 298 1633 330 C.
1661 305 1724 339 574

91 357 247 404 8atque
278 347 404 389 etiam
434 347 524 404 ipsa
553 347 655 388 urbe
688 347 845 403 potitus
878 355 951 388 est.
1017 346 1139 397 Sunt,
1169 347 1243 403 qui
1275 362 1363 388 rem
1396 347 1516 389 aliter
1529 341 1569 373 Α·
1594 342 1633 374 C.
1661 341 1722 381 ¹78

121 415 315 447 narrent:
372 404 626 455 Gracchum,
669 419 800 460 quum
841 404 1124 461 comperisset,
1166 404 1329 446 hostem
1372 405 1515 462 inopia

119 462 318 513 laborare,
347 472 481 504 castra
512 462 830 504 instructissima
862 462 1057 503 omnibus
1087 462 1312 504 esculentis
1343 462 1515 504 deseru-

119 520 224 562 isse:
258 536 366 578 quae
388 521 589 578 adeptum
610 520 788 570 hostem,
811 528 854 561 et
883 521 1059 576 repertis
1090 520 1420 577 intemperanter
1449 536 1512 562 re-

118 578 281 635 pletum
310 594 578 636 gravemque,
601 577 777 620 reducto
808 578 997 619 exercitu
1030 578 1239 628 Romano,
1268 578 1407 620 subito
1439 594 1514 635 op-

118 651 307 693 pressum
328 652 428 678 esse.

86 702 107 735 9
179 693 264 752 [4.]
300 694 516 745 Ceterum,
540 694 624 736 sive
655 694 759 736 haec
790 694 953 736 diversa
982 703 1045 736 est
1073 694 1261 736 eiusdem
1287 694 1348 735 rei
1372 702 1513 751 gestae

118 753 314 802 narratio,
345 753 430 794 sive
463 753 543 794 alia
574 752 697 809 plane
730 767 795 793 res
830 767 878 794 ac
910 752 1096 803 victoria,
1128 752 1364 809 complures
1400 760 1513 794 certe

119 811 295 868 populos
318 810 548 860 Gracchus,
571 821 697 867 atque
719 810 825 852 adeo
846 819 976 852 totam
1001 809 1311 852 Celtiberorum
1340 819 1513 867 gentem

91 868 369 925 ¹perdomuit.
405 907 414 913 ,
441 868 613 925 Cepisse
649 883 746 910 eum
782 877 824 909 et
864 868 1059 910 evertisse
1101 877 1306 910 trecentas
1342 883 1396 910 ex
1431 868 1513 910 illis

119 927 255 977 urbes,
278 942 521 984 quanquam
542 926 745 984 Polybius
774 926 910 983 gravis
940 926 985 967 in
1015 926 1160 983 primis
1187 935 1332 968 auctor
1352 942 1514 968 memo-

118 993 193 1035 rat,
215 984 331 1026 haud
352 994 491 1026 tamen
523 1000 599 1042 pro
628 992 742 1026 certo
770 984 974 1026 affirmare
996 985 1127 1036 ausim
1145 1000 1156 1035 ;
1189 985 1268 1026 nisi
1289 984 1322 1026 si
1344 984 1513 1026 urbium

117 1042 287 1084 nomine
314 1051 448 1083 turres
476 1051 519 1083 et
546 1041 714 1083 castella
738 1041 1013 1098 intelligenda
1040 1051 1160 1083 sunt:
1195 1058 1280 1099 quo
1301 1042 1513 1084 mendacii

116 1115 271 1156 genere
299 1108 342 1142 et
365 1100 444 1157 ipsi
474 1099 679 1141 bellorum
707 1099 849 1149 duces,
872 1109 914 1141 et
939 1100 1159 1156 scriptores
1180 1115 1351 1156 quoque
1381 1100 1512 1143 histo-

116 1158 271 1200 riarum
292 1173 356 1199 res
376 1167 512 1215 gestas
533 1172 734 1199 exornare
757 1166 909 1198 amant.
973 1156 1087 1198 Nam
1110 1157 1318 1214 Hispania
1337 1157 1512 1214 quidem

117 1216 234 1258 arido
261 1224 304 1258 et
328 1215 488 1258 inculto
519 1215 606 1257 solo
634 1230 828 1272 magnam
858 1215 1024 1257 urbium
1053 1215 1368 1257 multitudinem
1401 1215 1510 1257 alere

116 1289 202 1315 non
233 1282 382 1331 potest.
447 1274 706 1330 Repugnant
731 1273 858 1314 etiam
881 1273 1169 1330 Hispanorum
1201 1289 1348 1324 mores,
1377 1274 1411 1315 si
1442 1289 1511 1315 ac-

116 1331 228 1374 colas
248 1332 381 1374 nostri
403 1332 527 1373 maris
548 1332 746 1388 excipias,
767 1332 843 1373 feri
866 1341 1145 1388 agrestesque,
1169 1347 1301 1388 quum
1322 1331 1512 1373 civilibus

116 1390 283 1432 urbium
304 1390 580 1432 conventibus
610 1389 890 1431 mansuetiora
910 1389 1001 1431 fieri
1021 1389 1182 1431 soleant
1202 1389 1421 1431 hominum
1445 1390 1511 1431 in-

116 1448 251 1506 genia.
315 1449 515 1491 Ceterum
537 1447 742 1504 quicquid
772 1448 1041 1489 statuendum
1064 1456 1127 1490 est
1148 1447 1200 1489 de
1229 1463 1406 1489 numero
1436 1456 1510 1490 aut

116 1521 270 1564 genere
291 1507 458 1548 urbium
488 1522 512 1548 a
542 1506 789 1563 Sempronio
811 1515 1026 1562 captarum
1047 1506 1225 1562 (etenim
1256 1506 1301 1546 in
1332 1521 1509 1547 numero

87 1579 287 1621 2quoque
308 1565 468 1606 variant
489 1564 723 1621 scriptores,
747 1574 789 1606 et
809 1573 980 1605 centum
1001 1564 1310 1621 quinquaginta
1334 1563 1417 1614 alii,
1439 1563 1510 1605 alii

118 1631 289 1664 centum
314 1623 394 1664 tria
413 1622 567 1680 oppida
592 1623 644 1664 ab
666 1638 717 1664 eo
738 1631 859 1679 capta
879 1622 1183 1678 memoravero)
1203 1637 1376 1678 magnas
1396 1630 1508 1664 certe

68 1712 81 1719 ,
118 1679 187 1722 ille
212 1695 277 1722 rcs
301 1680 450 1736 gessit;
483 1695 561 1721 nec
585 1680 745 1722 bellicis
775 1688 940 1722 tantum
970 1681 1165 1722 inclaruit
1195 1680 1402 1731 laudibus,
1434 1679 1509 1722 sed

118 1746 162 1780 et
186 1738 399 1794 egregium
427 1753 470 1779 sc
495 1738 609 1795 pacis
638 1737 865 1794 legumque
896 1738 1203 1780 moderatorem
1234 1748 1275 1779 et
1307 1738 1509 1780 arbitrum

118 1795 292 1838 devictis
313 1796 508 1852 gentibus
528 1796 731 1852 praebuit.
778 1794 890 1836 Nam
913 1804 956 1837 et
975 1795 1114 1837 divisit
1131 1796 1326 1852 inopibus
1347 1810 1507 1852 agrum,

118 1862 161 1895 et
181 1854 300 1895 sedes
320 1854 370 1895 ad
395 1853 668 1895 habitandum
698 1853 933 1909 assignavit,
960 1862 1002 1894 et
1027 1853 1221 1895 omnibus
1248 1869 1295 1895 ea
1325 1853 1416 1895 loca
1444 1853 1509 1894 in-

118 1911 350 1953 colentibus
382 1911 546 1967 populis
574 1910 686 1967 leges
714 1918 904 1952 accurate
936 1910 1176 1967 descriptas,
1203 1926 1256 1952 ex
1281 1911 1434 1967 quibus
1464 1911 1510 1952 in

118 1969 298 2012 amicitia
319 1984 367 2011 ac
388 1969 584 2010 societate
606 1968 752 2025 populi
775 1968 957 2009 Romani
979 1969 1179 2018 viverent,
1198 1968 1296 2010 dato
1317 1978 1511 2025 accepto-

117 2043 200 2084 que
231 2026 500 2069 iureiurando
536 2026 726 2068 firmavit.
790 2027 935 2083 Atque
966 2026 1092 2067 huius
1123 2026 1295 2082 quidem
1331 2026 1511 2068 foederis

116 2085 406 2127 auctoritatem
442 2084 606 2141 saepius
646 2083 883 2141 imploravit
922 2099 1102 2141 sequens
1142 2092 1255 2126 aetas
1296 2085 1339 2125 in
1378 2084 1510 2135 bellis,

116 2159 224 2201 quae
259 2152 405 2201 postea
439 2152 529 2185 orta
564 2151 673 2184 sunt.
739 2142 955 2184 Gracchus
991 2151 1315 2184 monumentum
1347 2142 1512 2184 virtutis

86 2217 376 2258 3operumque
417 2216 586 2242 suorum
626 2200 903 2242 Gracchurim
940 2201 1087 2242 urbem
1124 2216 1199 2242 suo
1236 2201 1406 2243 nominc
1448 2201 1512 2241 in-

116 2260 278 2317 signem
304 2274 391 2301 esse
413 2259 556 2309 voluit,
580 2274 687 2315 quae
710 2267 834 2300 antea
854 2258 1018 2300 Illurcis
1039 2259 1345 2300 nominabatur.
1409 2259 1512 2300 Pos-

118 2318 239 2360 tumii
271 2333 410 2359 rerum
434 2318 543 2358 fama
572 2317 784 2358 obscurior
811 2326 883 2358 cst.
947 2316 1128 2358 Vaccaei
1157 2327 1295 2358 tamen
1325 2317 1376 2358 ab
1398 2332 1448 2359 eo
1470 2326 1512 2358 et

118 2375 310 2418 Lusitani
342 2376 502 2417 subacti
530 2384 640 2424 sunt,
664 2385 704 2416 ct
728 2375 1005 2431 quadraginta
1027 2391 1079 2416 cx
1102 2375 1165 2416 his
1186 2375 1353 2431 populis
1378 2375 1513 2416 homi-

32 2454 34 2456 ·
87 2449 221 2484 4num
253 2433 382 2475 millia
413 2433 631 2475 interfecti.
696 2432 777 2474 IIis
798 2434 922 2475 rebus
943 2433 1070 2489 gestis
1091 2434 1226 2483 ambo,
1250 2433 1513 2475 advenienti—

118 2493 196 2535 bus
216 2492 520 2534 successoribus
537 2492 746 2533 exercitus
762 2506 809 2533 ac
832 2492 1065 2548 provincias
1082 2507 1214 2548 quum
1232 2491 1512 2541 tradidissent,

163 2677 181 2707 8
204 2677 299 2712 Sunt,
315 2678 452 2717 quirem
468 2678 563 2708 aliter
579 2674 731 2715 narrent]
754 2676 793 2707 cf.
884 2685 899 2705 2
926 2680 1058 2715 Quaque
1082 2676 1215 2705 variant
1244 2673 1432 2714 scriptores]
1476 2675 1515 2705 cf.

120 2719 266 2751 Frontin.
283 2721 419 2759 Strateg.
438 2719 468 2751 ii.
487 2729 515 2759 5.
843 2719 926 2749 Flor.
945 2718 975 2748 ii.
998 2727 1043 2757 17.
1062 2718 1202 2757 Appiam.
1223 2718 1304 2748 lber.
1321 2728 1429 2747 verum
1446 2728 1516 2748 cen-

161 2772 181 2803 9
205 2764 364 2799 (Merum,
378 2764 444 2794 sive
460 2764 538 2793 lmec
557 2761 701 2801 diversa]
732 2762 795 2792 lui-
841 2766 908 2791 lum
930 2762 994 2791 trin
1017 2762 1135 2801 oppida
1158 2771 1243 2800 supr.
1266 2761 1309 2791 xl.
1328 2771 1377 2801 49.
1395 2770 1515 2790 memo-

120 2805 199 2836 tium
226 2806 341 2845 capitis
363 2806 468 2845 quarti
488 2806 558 2836 infr.
579 2806 619 2835 ad
646 2816 737 2835 voces
758 2807 793 2834 in
841 2810 958 2834 rantur.

122 2849 230 2879 Gallia
262 2850 410 2879 Manlius
445 2850 558 2879 consul
591 2849 793 2879 Drakenbor-
883 2856 898 2885 3,
918 2848 1128 2877 (lramtlmrim
1142 2846 1267 2886 urbem]
1293 2847 1333 2877 cf.
1347 2846 1472 2882 Festus,
1489 2857 1515 2876 v.

122 2890 212 2922 chius
228 2896 259 2923 ct
278 2891 473 2929 Doctingius
490 2896 673 2931 posuerunt.
841 2891 1049 2921 (Iram-huri&

170 2943 179 2964 1
207 2935 335 2975 (sepias-e
358 2936 447 2973 eum]
481 2935 520 2966 cs.
545 2935 670 2965 Strabo.
695 2933 737 2966 iii.
763 2945 793 2974 p.
883 2945 901 2972 4
926 2935 989 2963 llis
1007 2934 1099 2963 rebus
1113 2934 1210 2971 (χω-ἰὼ
1227 2933 1334 2968 aruba]
1368 2932 1406 2961 cf.
1423 2934 1514 2961 Oros.

129 2975 194 3014 163.
842 2976 880 3006 iv.
902 2986 948 3007 20.
969 2975 1038 3006 infr.
1060 2985 1086 3013 7.
