1888 3194
549 176 675 218 LIB.
709 175 852 217 XLII.
895 175 1042 218 CAP.
1075 181 1143 218 41.
1475 180 1528 220 73

111 272 129 303 3
202 268 274 311 Ad
303 283 353 310 ea
386 281 486 308 rex:
531 266 720 308 ‘Bonam
756 271 937 315 causam,
968 266 1003 307 si
1034 265 1147 322 apud
1180 266 1340 308 iudices
1375 275 1589 323 aequosU.
1606 275 1645 307 C.
1669 275 1744 316 581.

221 334 371 375 eretur,
405 324 518 381 apud
552 324 723 366 eosdem
755 333 798 366 et
833 333 1092 365 accusatores
1126 332 1170 365 et
1204 323 1364 365 iudices
1396 340 1527 381 agam.
1543 319 1583 349 A.
1607 318 1647 349 C.
1673 327 1742 358 ¹7¹·

111 389 158 417 4‘
236 397 328 424 rum
358 391 512 448 autem,
544 397 652 438 quae
683 382 847 424 obiecta
881 390 978 423 sunt
1009 381 1126 431 mihi,
1157 381 1308 438 partim
1341 396 1390 423 ea
1419 392 1528 431 sunt,
1546 417 1570 447 P
1606 364 1675 402 4¹·

144 447 158 466 ‘
171 441 324 497 quibus
343 440 484 482 nescio
504 455 558 482 an
578 439 746 497 gloriari
762 439 962 488 debeam3
995 439 1159 496 partim,
1174 454 1282 496 quae
1304 439 1420 480 fateri
1444 454 1531 480 non
1545 428 1679 500 Ρὲζὲΐξε
1693 428 1728 449 ⁸³

111 501 130 534 5
145 498 439 546 ‘erubescam3
471 498 638 554 partim,
660 512 768 554 quae
790 497 917 539 verbo
944 497 1108 538 obiecta
1133 497 1260 539 verbo
1288 512 1440 554 negare
1466 496 1530 538 sit

111 552 158 585 6‘
175 555 294 604 Quid
324 556 452 606 enim,
480 556 512 597 si
544 555 706 612 legibus
735 555 880 597 vestris
910 554 1036 596 hodie
1061 570 1156 596 reus
1186 555 1277 605 sim,
1307 564 1379 596 aut
1402 554 1533 596 index

144 619 157 638 ‘
173 613 466 664 Brundisinus,
484 622 557 655 aut
573 613 787 655 Eumenes
803 613 907 654 mihi
923 612 1105 663 obiiciat,
1125 621 1171 653 ut
1186 627 1378 654 accusare
1394 612 1534 669 potius

144 677 279 722 ‘vere,
301 686 427 728 quam
450 671 685 721 conviciari,
708 670 958 712 videantur?
993 670 1173 720 Scilicet,
1196 686 1274 712 nec
1304 670 1532 720 Eumenes,

144 734 305 786 ‘quum
335 738 420 770 tam
450 729 592 771 multis
621 729 756 786 gravis
785 728 953 785 publice
986 743 1034 770 ac
1069 729 1262 794 privatim
1294 728 1359 778 sit,
1391 727 1532 777 alium,

145 792 298 844 ‘quam
325 801 406 837 me,
430 787 646 829 inimicum
673 786 845 828 habuit.
879 801 1018 843 neque
1047 801 1125 843 ego
1152 787 1359 843 potiorem
1386 801 1534 842 quem-

146 850 298 902 ‘quam
332 844 385 886 ad
416 845 646 886 ministeria
678 844 922 894 facinorum,
954 859 1080 900 quam
1119 844 1374 894 Rammium,
1407 859 1535 900 quem

146 908 312 958 ‘neque
349 918 537 960 unquam
567 912 664 944 ante
695 902 894 952 videram,
926 917 1004 944 nec
1035 917 1148 944 eram
1179 911 1323 959 postea
1357 902 1532 951 visums,

147 960 361 1002 ‘invenire
390 961 520 1017 potui.
585 960 641 1002 Et
663 960 974 1010 Thebanorum,
997 975 1103 1016 quos
1133 960 1348 1016 naufragio
1378 959 1533 1016 perisse

147 1023 160 1042 ‘
174 1026 350 1068 constat,
371 1028 415 1060 et
439 1018 682 1060 Arthetauri
709 1018 848 1060 caedis
875 1018 978 1058 mihi
1005 1018 1223 1059 reddenda
1242 1018 1346 1059 ratio
1372 1026 1456 1059 est·
1489 1017 1535 1058 in

147 1081 256 1132 ‘qua
276 1084 417 1117 tamen
438 1075 546 1116 nihil
567 1075 676 1117 ultra
695 1076 902 1125 obiicitur,
926 1091 1052 1131 quam
1074 1075 1358 1117 interfectores
1379 1076 1469 1117 eius
1490 1075 1533 1116 in

147 1139 304 1191 ‘regno
334 1133 541 1175 exsulasse
569 1148 676 1175 meo.
741 1132 876 1175 Cuius
906 1133 1159 1174 conditionis
1172 1133 1452 1198 iniquitatem
1477 1133 1536 1174 ita

147 1196 258 1233 ‘non
278 1206 371 1233 sum
399 1193 674 1241 recusaturus,
697 1191 731 1232 si
751 1206 823 1232 vos
851 1206 1020 1247 quoque
1050 1190 1250 1247 accipitis,
1275 1200 1333 1240 ut,
1357 1191 1535 1247 quicun-

148 1254 258 1306 ‘que
280 1248 474 1291 exsules
464 1264 508 1290 in
537 1248 700 1290 Italiam
722 1258 794 1290 aut
815 1249 994 1290 Romam
1021 1263 1063 1290 se
1085 1222 1368 1299 contulerurit,
1391 1248 1455 1289 his
1475 1248 1536 1289 fa-

148 1307 376 1356 ‘cinorum,
405 1315 576 1363 propter
603 1322 710 1363 quae
739 1306 925 1348 damnati
955 1315 1064 1356 sunt,
1094 1315 1284 1348 auctores
1311 1322 1383 1348 vos
1409 1306 1535 1347 fuisse

149 1371 161 1389 ‘
172 1364 397 1407 fateamini.
463 1365 506 1406 Si
529 1365 607 1407 hoe
624 1375 666 1406 et
686 1380 758 1406 vos
773 1365 1028 1415 recusabitis,
1044 1373 1086 1406 et
1098 1379 1243 1406 omnes
1256 1364 1359 1406 aliae
1375 1373 1536 1421 gentes,

149 1428 255 1488 ‘ego
282 1438 451 1479 quoque
480 1423 591 1464 inter
618 1432 777 1464 ceteros
805 1438 887 1464 ero.
951 1422 1020 1473 Et,
1050 1422 1233 1472 hercule,
1257 1422 1361 1479 quid
1386 1422 1538 1463 attinet

150 1481 370 1537 ‘cuiquam
392 1480 587 1522 exsilium
607 1490 762 1537 patere,
785 1481 818 1522 si
846 1496 1054 1546 nusquam
1076 1480 1210 1522 exsuli
1238 1481 1402 1522 futurus
1422 1480 1538 1521 locus

150 1539 270 1581 ‘est?
303 1538 395 1594 Ego
417 1547 558 1580 tamen
578 1539 691 1589 istos,
714 1548 761 1580 ut
782 1539 964 1595 primum
992 1539 1037 1580 in
1066 1538 1320 1580 Macedonia
1341 1554 1442 1589 esse,
1465 1538 1539 1579 ad-

152 1596 361 1638 ‘monitus
382 1611 407 1637 a
431 1597 560 1646 vobis,
582 1597 779 1653 comperi,
809 1596 1029 1652 requisitos
1057 1596 1169 1638 abire
1198 1612 1251 1638 ex
1272 1611 1403 1653 regno
1424 1596 1537 1646 iussi,

151 1659 163 1678 ‘
179 1665 221 1695 et
241 1654 284 1694 in
305 1663 555 1710 perpetuum
583 1654 782 1696 interdixi
807 1655 960 1696 finibus
986 1654 1100 1696 meis.
1163 1653 1220 1696 Et
1240 1654 1343 1696 haec
1365 1654 1539 1710 quidem

153 1717 165 1735 ‘
178 1711 294 1761 mihi,
318 1721 517 1768 tanquam
538 1726 704 1753 causam
726 1712 883 1753 dicenti
904 1727 988 1761 reo,
1010 1712 1175 1753 obiecta
1194 1721 1313 1753 sunt:
1347 1712 1429 1761 illa,
1447 1721 1539 1753 tan-

153 1774 165 1793 ‘
211 1784 307 1810 uam
336 1769 436 1824 regi,
459 1779 501 1811 ct
530 1785 636 1825 quae
666 1769 718 1810 de
746 1769 928 1818 foedere,
951 1769 1066 1825 quod
1095 1770 1198 1810 mihi
1224 1780 1287 1810 est
1308 1770 1537 1818 vobiscum,

152 1832 165 1850 ‘
212 1827 524 1883 isceptationem
547 1827 738 1868 habeant.
803 1826 928 1876 Nam,
947 1828 979 1868 si
1001 1836 1063 1868 est
1085 1827 1126 1867 in
1148 1827 1314 1868 foedere
1333 1827 1390 1868 ita
1411 1828 1540 1884 serip-

153 1891 281 1934 ‘tum,
306 1894 351 1925 ut
379 1899 446 1934 ne,
467 1885 501 1925 si
529 1885 685 1926 bellum
707 1885 879 1940 quidem
908 1885 1002 1940 quis
1030 1885 1193 1934 inferat,
1217 1886 1323 1926 tueri
1351 1900 1417 1926 me
1446 1900 1539 1940 reg-

153 1948 164 1966 ‘
182 1957 370 1998 numque
400 1957 541 1983 meum
567 1941 702 1992 liceat,
725 1942 827 1982 mihi
850 1942 1065 1983 fatendum
1094 1952 1169 1991 cst,
1192 1942 1306 1998 quod
1328 1958 1394 1984 me
1416 1943 1540 1984 armis

153 1999 376 2042 ‘adversus
399 1999 664 2056 Abrupolim,
687 2000 845 2041 socium
871 1999 1015 2056 populi
1046 2000 1242 2049 Romani,
1265 2000 1540 2049 defenderim,

153 2057 324 2100 ‘foedus
345 2057 544 2098 violatum
566 2072 665 2099 esse.
731 2058 805 2099 Sin
827 2068 968 2099 autem
991 2057 1069 2099 hoc
1087 2067 1198 2099 etex
1219 2057 1387 2100 foedere
1410 2058 1540 2107 licuit,

153 2122 220 2158 ‘et
241 2116 330 2157 iure
347 2116 536 2171 gentium
560 2116 617 2157 ita
637 2126 921 2172 comparatum
940 2125 1015 2165 cst,
1031 2124 1077 2156 ut
1097 2131 1211 2156 arma
1227 2117 1350 2157 armis
1371 2116 1543 2172 propul-

153 2180 333 2223 ‘sentur‚
363 2173 466 2239 quid
501 2173 668 2214 tandem
700 2189 766 2215 me
798 2174 933 2215 facere
965 2174 1121 2223 decuit,
1151 2189 1282 2229 quum
1316 2173 1543 2230 Abrupolis

155 2232 282 2274 ‘fines
310 2233 390 2273 mei
414 2232 531 2288 regni
555 2247 686 2288 usque
712 2231 765 2273 ad
789 2231 1080 2296 Amphipolim
1103 2241 1388 2288 pervastasset,
1412 2231 1543 2273 multa

153 2289 311 2332 ‘libera
331 2290 478 2346 capita,
503 2305 694 2346 magnam
718 2290 801 2330 vim
828 2305 882 2331 m
873 2305 1144 2346 1nc1p10rum‚
1169 2289 1300 2330 multa
1320 2290 1449 2331 millia
1469 2305 1542 2346 pe—

153 2354 320 2390 ‘corum
342 2348 567 2404 abegisset.
557 2325 596 2378 Ῥ
610 2348 882 2396 Quiescerem
904 2357 946 2388 et
967 2358 1142 2404 paterer,
1161 2348 1296 2389 donec
1320 2347 1479 2389 Pell-un
1502 2357 1544 2389 et

153 2406 223 2447 ‘in
246 2406 401 2462 regiam
425 2421 559 2447 meam
582 2415 764 2447 armatus
785 2406 1070 2462 pervenisset?
1104 2406 1164 2446 At
1183 2406 1295 2447 enim
1320 2406 1428 2447 bello
1449 2406 1543 2462 qui-

153 2464 276 2506 ‘dem
305 2464 414 2505 iusto
441 2479 532 2504 sum
562 2474 826 2520 persecutus;
860 2464 932 2505 sed
960 2463 1070 2505 vinci
1103 2479 1188 2505 non
1217 2464 1401 2520 oportuit
1429 2478 1540 2512 eum,

154 2529 165 2548 ‘
180 2537 318 2580 neque
340 2537 401 2572 ea,
417 2537 524 2578 quae
543 2522 660 2563 victis
681 2522 889 2571 accidunt,
912 2521 1022 2578 pati:
1057 2537 1235 2578 quorum
1253 2537 1392 2563 casum
1411 2537 1541 2578 quum

195 2645 213 2675 3
229 2637 352 2667 Bonam
365 2636 512 2673 causam]
532 2636 826 2676 sc.Causam.quae
914 2645 930 2674 5
964 2637 1061 2667 erho
1085 2648 1201 2676 ncyare
1223 2638 1282 2675 sit]
1318 2637 1347 2667 h.
1365 2648 1391 2668 c.
1417 2637 1544 2675 Negare

153 2680 237 2710 bona
266 2684 360 2716 esset,
383 2679 406 2709 ui
438 2679 525 2718 apud
557 2679 678 2709 iudices
707 2690 826 2719 aequos
872 2678 976 2710 licent.

151 2726 306 2762 ageretur.
913 2722 932 2752 6
954 2723 1057 2752 ludm-
1073 2723 1310 2761 Bmmlisinus]
1337 2733 1378 2753 sc.
1396 2722 1430 2754 L.
1446 2723 1543 2753 Ram·

195 2777 215 2804 4
240 2766 366 2795 Partim
382 2776 420 2796 ea
435 2766 528 2803 sunt]
567 2767 693 2795 I'arta'm
717 2776 824 2796 eurum
871 2765 1130 2805 miun,‹1uisupr.
1151 2771 1413 2805 ¹7.1nem‹›mtur.
1447 2766 1540 2804 Apud

152 2813 228 2838 nunt
250 2818 300 2845 cu,
317 2808 335 2839 i.
353 2819 380 2839 c.
404 2818 476 2848 pars
499 2818 622 2845 eorum,
642 2808 707 2838 siv(-
731 2819 825 2848 qum:-
872 2807 1012 2847 Appiun.
1033 2808 1112 2840 Exc.
1132 2808 1207 2848 ch.
1226 2819 1256 2848 p.
1274 2808 1345 2848 567.
1367 2808 1543 2839 nerra-nius

154 2850 228 2881 dnm
252 2861 375 2889 eorum,
397 2856 472 2881 nunt
495 2861 544 2889 ea,
568 2857 603 2882 ut
628 2851 763 2891 exponit
788 2853 826 2883 A.
873 2856 1015 2882 vocatur.

156 2891 243 2925 Gen.
261 2903 290 2925 x.
312 2903 358 2933 ¹3·
383 2894 498 2925 Dium.
