1888 3194
91 242 135 274 U.
152 242 190 274 C.
213 247 285 281 574.

89 286 128 316 A.
153 285 191 315 C.
217 285 285 323 178.

90 327 261 367 Triumphi

88 371 128 400 de
146 370 264 410 Hispa-

89 412 148 445 nis.

170 1855 208 1893 8.

94 1909 246 1942 Comitia.

95 2091 292 2124 Provinciae.

302 150 349 187 12
804 144 951 187 ΤΙΤΙ
993 142 1172 186 LIVII

301 235 573 294 Sempronius
597 236 813 279 Gracchus
844 235 896 277 de
921 234 1146 277 Celtiberis
1173 232 1377 289 sociisque
1399 247 1543 275 eorum
1557 247 1567 282 ;
1589 245 1684 288 pos-

300 301 388 336 tero
416 295 484 337 die
511 295 560 337 L.
579 294 819 337 Postumius
839 293 891 334 de
914 292 1126 334 Lusitanis
1147 291 1320 347 aliisque
1342 290 1529 332 eiusdem
1549 289 1685 346 regio-

299 352 363 393 nis
396 352 596 409 Hispanis
624 350 905 408 triumphavit.
971 349 1262 405 Quadraginta
1291 348 1421 390 millia
1449 347 1590 405 pondo
1621 361 1686 388 ar-

299 411 415 466 genti
437 411 502 452 Ti.
523 410 738 452 Gracchus
761 408 980 458 transtulit,
998 407 1145 463 viginti
1163 406 1292 448 millia
1313 406 1505 448 Albinus.
1567 404 1686 447 Mili-

300 468 409 510 tibus
440 468 631 510 denarios
665 467 814 524 quinos
850 466 1030 515 vicenos,
1063 464 1219 521 duplex
1251 464 1499 515 centurioni,
1531 462 1685 520 triplex

299 526 430 582 equiti
463 526 585 567 ambo
618 525 870 566 diviserunt:
915 523 1034 564 sociis
1066 522 1326 572 tantundem,
1359 530 1563 579 quantum
1597 520 1685 562 Ro-

299 599 443 624 manis.

356 641 439 683 Per
459 640 625 682 eosdem
648 640 751 681 forte
773 639 862 680 dies
891 638 952 680 M.
972 638 1120 679 Iunius
1141 638 1285 680 consul
1306 653 1357 679 ex
1381 636 1502 678 Istria
1522 635 1685 677 eomiti-

299 714 417 740 orum
439 714 560 740 causa
592 699 768 739 Romam
799 697 923 738 venit.
988 696 1097 737 Eum
1120 711 1252 752 quum
1279 696 1322 736 in
1345 703 1492 736 senatu
1518 693 1686 749 fatigas-

298 765 391 797 sent
423 756 815 812 interrogationibus
848 755 1001 795 tribuni
1033 754 1165 810 plebis
1200 753 1394 809 Papirius
1424 761 1466 793 et
1496 751 1686 793 Licinius

298 813 350 855 de
372 814 433 863 iis,
456 829 563 870 quae
585 814 628 854 in
651 813 772 854 Istria
793 821 930 854 essent
951 820 1054 861 acta,
1071 812 1114 852 in
1136 811 1381 852 concionem
1399 824 1568 866 quoquc
1591 823 1686 864 pro-

299 871 521 913 duxerunt.
585 870 655 912 Ad
696 886 803 926 quae
846 885 976 925 quum
1017 868 1175 918 consul,
1214 867 1297 909 ‘Se
1338 867 1427 908 dies
1466 881 1553 907 non
1592 865 1686 922 plus

301 929 521 969 ‘undecim
544 929 586 969 in
608 944 656 969 ea
683 928 897 984 provincia
916 927 1067 977 fuisse,'
1087 925 1371 983 responderet,
1396 930 1527 981 ‘quae
1549 939 1592 965 se
1614 923 1687 965 ab·

301 993 442 1027 ‘sente
483 994 575 1027 aeta
614 995 764 1035 essent,
801 1001 843 1027 se
885 1000 1067 1042 quoque,
1102 993 1149 1025 ut
1189 983 1291 1033 illos,
1329 983 1438 1024 fama
1473 990 1687 1038 comperta

301 1044 523 1093 ‘habere3’
564 1044 901 1098 exsequebantur
940 1042 1094 1083 deinde
1136 1050 1396 1097 quaerentes,
1440 1039 1586 1088 ‘Quid
1628 1039 1686 1080 ita

301 1108 410 1142 ‘non
432 1102 571 1157 potius
593 1101 646 1142 A.
668 1100 854 1142 Manlius
883 1101 1062 1142 Romam
1084 1100 1276 1149 venisset,
1300 1108 1345 1139 ut
1367 1098 1569 1140 rationem
1592 1097 1686 1138 red-

301 1159 447 1200 ‘derct
488 1158 643 1215 populo
682 1159 887 1208 Romano,
925 1173 999 1199 cur
1038 1173 1091 1199 ex
1126 1157 1264 1198 Gallia
1299 1156 1523 1212 provincia,
1559 1169 1685 1211 quam

301 1217 492 1257 ‘sortitus
523 1225 642 1266 esset,
675 1217 718 1257 iu
750 1216 913 1257 Isti-iam
946 1216 1186 1257 transisset?
1240 1214 1424 1262 Quando
1455 1213 1499 1254 id
1529 1212 1685 1254 bellum

301 1281 495 1315 ‘senatus
526 1274 786 1323 decrevisset,
820 1274 988 1329 quando
1018 1273 1197 1330 populus
1230 1272 1446 1312 Romanus
1474 1270 1718 1312 iussisset?4

302 1332 398 1381 ‘At,
433 1332 614 1381 hercule,
648 1332 807 1388 privato
844 1332 1014 1387 quidem
1052 1331 1224 1372 consilio
1260 1329 1415 1371 bellum
1447 1337 1686 1385 susceptum

302 1395 427 1439 ‘esse,
468 1390 542 1431 sed
587 1399 750 1445 gestum
791 1389 1021 1445 prudenter
1060 1389 1316 1443 fortiterque.
1399 1387 1502 1437 Imo,
1547 1395 1687 1428 utrum

303 1453 566 1504 ‘suseeptmn
596 1447 647 1487 sit
676 1449 868 1503 nequius,
898 1463 951 1488 an
980 1445 1254 1487 inconsultius
1285 1453 1461 1502 gestum,
1488 1443 1571 1485 dici
1600 1458 1687 1485 non

302 1510 314 1528 ⁶
330 1520 460 1561 posse.
526 1505 733 1546 Stationes
765 1505 867 1546 duas
898 1505 1197 1561 necopinantes
1228 1504 1279 1544 ab
1313 1502 1428 1544 Istris
1459 1516 1685 1559 oppressas,

303 1567 459 1604 ‘castra
492 1562 684 1603 Romana
716 1571 849 1619 capta,
882 1562 997 1618 quod
1027 1562 1230 1618 peditum,
1264 1561 1379 1617 quod
1415 1560 1605 1616 equitum
1640 1559 1716 1602 in5

302 1625 314 1643 ‘
330 1621 472 1661 castris
512 1620 660 1661 fuerit:
714 1630 873 1661 ceteros
920 1620 1099 1661 inermes
1145 1619 1355 1674 fusosque,
1398 1627 1494 1659 ante
1542 1623 1719 1658 omnes6

303 1677 541 1719 ‘consulem
575 1678 724 1734 ipsum,
762 1678 813 1718 ad
847 1693 959 1718 mare
993 1693 1039 1718 ac
1081 1692 1205 1717 naves
1244 1676 1408 1732 fugisse.
1471 1675 1688 1716 Privatum

302 1741 313 1758 ‘
330 1736 530 1776 rationem
561 1735 823 1776 'redditurum
852 1750 995 1776 earum
1024 1750 1163 1776 rerum
1192 1749 1292 1783 esse,
1315 1734 1514 1790 quoniam
1541 1731 1689 1774 consul

303 1798 315 1816 ‘
328 1793 553 1834 noluisset!

362 1850 545 1891 Comitia
582 1850 735 1891 deinde
768 1850 920 1890 habita.
985 1848 1193 1890 Consules
1228 1848 1369 1898 creati,
1405 1847 1454 1889 C.
1482 1846 1688 1889 Claudius

300 1908 495 1956 Pulcher,
529 1908 594 1947 Ti.
621 1907 891 1962 Sempronius
925 1905 1163 1947 Gracchus:
1203 1914 1245 1946 et
1275 1914 1440 1961 postero
1471 1904 1538 1946 die
1570 1919 1688 1961 prae-

303 1974 411 2006 tores
438 1965 547 2013 facti,
577 1964 624 2004 P.
645 1964 790 2004 Aelius
819 1964 990 2004 Tubero
1018 1963 1184 2012 iterum,
1210 1963 1260 2003 C.
1282 1962 1507 2011 Quinctius
1534 1961 1688 2003 Flami-

303 2023 440 2070 ninus,
476 2021 525 2062 (J.
551 2021 781 2071 Numisius,
815 2021 863 2062 L.
888 2020 1133 2070 Mummius,
1169 2019 1248 2061 Cu.
1271 2019 1494 2061 Cornelius
1533 2019 1686 2076 Scipio,

309 2079 358 2120 C.
376 2079 566 2120 Valerius
583 2078 804 2119 Laevinus.
858 2078 1073 2120 Tuberoni
1090 2079 1249 2119 urbana
1266 2077 1507 2128 iurisdictio,
1526 2077 1688 2126 Quinc-

305 2137 363 2178 tio
394 2136 613 2193 peregrina
640 2136 790 2185 evenit,
822 2135 1016 2177 Numisio
1047 2135 1199 2185 Sicilia,
1230 2135 1441 2177 Mummio
1472 2134 1685 2177 Sardinia:

303 2194 378 2235 sed
410 2209 459 2235 ea
494 2202 663 2249 propter
701 2193 797 2234 belli
835 2193 1168 2248 magnitudinem
1208 2193 1423 2249 provincia
1461 2192 1688 2234 consularis

302 2252 420 2292 facta.
486 2251 700 2291 Gracchus
721 2267 811 2292 eam
833 2251 1013 2300 sortitur,
1031 2250 1193 2292 Istriam
1219 2251 1423 2292 Claudius
1436 2267 1446 2300 3
1483 2250 1623 2307 Scipio
1645 2258 1689 2292 et

306 2309 514 2350 Laevinus
539 2308 731 2357 Galliam,
755 2309 796 2348 in
828 2309 930 2349 duas
951 2309 1125 2349 divisam
1149 2309 1395 2364 provincias,
1419 2308 1551 2349 sortiti
1576 2316 1684 2349 sunt.

305 2366 450 2407 Idibus
476 2366 654 2415 Martiis,
678 2381 762 2421 quo
787 2366 855 2407 die
884 2366 1154 2422 Sempronius
1181 2366 1469 2422 Claudiusque
1498 2365 1688 2407 consula-

305 2432 394 2465 tum
415 2423 611 2473 inierunt,
636 2424 792 2464 mentio
814 2432 975 2464 tantum
997 2424 1049 2465 dc
1078 2424 1299 2480 provinciis
1330 2423 1520 2465 Sardinia
1546 2423 1688 2464 Istria-

349 2617 367 2644 4
391 2607 525 2643 Quando
534 2608 674 2646 populus
686 2607 850 2636 Romanus
866 2607 973 2636 inssis-
1018 2616 1085 2636 esse
1104 2605 1219 2635 dicitur
1231 2616 1315 2645 supr.
1332 2616 1358 2636 2.
1405 2607 1467 2637 Sed
1484 2606 1530 2636 M.
1543 2605 1688 2637 Licinius

306 2651 367 2687 set!
405 2650 458 2679 Ita
489 2649 671 2679 Gronovius
701 2659 758 2688 pro
785 2650 912 2689 quaml«)
943 2649 976 2678 id
1019 2649 1132 2679 Strabo
1149 2659 1221 2678 cum
1244 2649 1339 2678 trium
1357 2648 1514 2687 signorum
1532 2648 1688 2679 militibus

306 2693 420 2723 bellam
442 2715 449 2722 .
467 2715 474 2721 .
492 2715 498 2721 .
521 2702 604 2730 quae
626 2702 717 2721 voces
737 2691 766 2720 in
793 2692 864 2721 cdd.
892 2692 973 2730 vulg.
1019 2701 1137 2722 caesus.
1190 2691 1262 2721 Nisi
1293 2692 1374 2721 forte
1405 2691 1456 2721 hic
1486 2691 1687 2731 intelligendi

306 2737 381 2765 ante
390 2735 530 2774 populus
540 2737 738 2773 repetuntur,
749 2738 780 2764 ct
793 2745 811 2764 a
824 2734 974 2765 Bckkero
1018 2738 1091 2763 sunt
1115 2733 1198 2773 aegri
1224 2733 1325 2763 relicti
1350 2734 1382 2763 in
1408 2733 1527 2771 castris,
1551 2743 1686 2773 quorum

307 2776 396 2807 uncis
411 2777 553 2807 inclusae
569 2779 651 2806 sunt.
1019 2777 1140 2806 mentio
1158 2776 1193 2806 fit
1209 2786 1293 2815 supr.
1312 2787 1339 2814 4.
1365 2777 1468 2807 (JREV.

351 2827 367 2857 5
393 2821 483 2856 Quod
499 2820 654 2859 peditum,
670 2820 753 2859 quod
774 2820 916 2859 equilum
938 2820 975 2849 in.
1061 2818 1080 2850 6
1103 2820 1283 2860 Fusosque]
1310 2819 1454 2859 Sparsos,
1470 2819 1561 2850 nullo
1577 2818 1687 2850 ordine

307 2862 552 2901 castris-suerit]
581 2861 718 2892 Videtur
735 2861 830 2892 adiici
847 2862 974 2899 debere,
1018 2861 1207 2893 dilabentes.

307 2915 441 2937 caesum.
474 2904 581 2935 Nemo
595 2904 680 2935 enim
694 2908 807 2944 captus
820 2904 851 2934 in
865 2904 975 2935 castris
