1888 3194
4 140 22 238 -2-20

406 536 773 591 EPITOME
833 537 921 591 LI
937 537 984 590 B
1000 537 1049 590 R
1062 537 1088 590 I
1148 536 1328 590 XLV.

171 949 474 991 PERSEUS
497 949 547 988 ab
577 947 749 988 Aemilio
780 948 931 988 Paullo
961 950 1003 988 in
1036 949 1298 990 Samothrace
1328 955 1472 1004 captus
1502 956 1569 991 est.

180 1007 317 1058 Quum
349 1007 585 1054 Antiochus,
628 1005 774 1060 Syriae
806 1020 887 1054 rex,
921 1005 1198 1046 Ptolemaeum
1229 1013 1268 1046 et
1303 1007 1571 1061 Cleopatram,

171 1065 351 1120 Aeqypti
369 1077 490 1118 reyes,
513 1063 714 1111 obsideret,
736 1068 772 1101 et
792 1064 922 1102 missis
944 1063 1001 1102 ad
1019 1077 1107 1103 eum
1127 1079 1154 1103 a
1170 1070 1309 1104 senatu
1331 1064 1483 1119 leqatis,
1505 1067 1576 1120 qui

172 1122 360 1170 iuberent,
383 1121 433 1160 ab
454 1120 650 1160 obsidione
676 1120 773 1159 socii
791 1121 895 1173 reqis
919 1120 1134 1169 absisteret,
1157 1121 1348 1175 editisque
1373 1123 1576 1162 mandatis

173 1179 517 1219 consideraturum
552 1192 592 1217 se
627 1177 704 1226 ille,
739 1177 838 1231 quid
862 1177 1105 1230 faciendum
1137 1184 1246 1226 esset,
1283 1179 1546 1232 respondisset
1558 1195 1574 1228 ,-

175 1251 279 1277 unus
299 1251 345 1276 ez·
366 1235 506 1290 leqatis
523 1235 727 1289 Popillius
746 1235 862 1288 virqa
884 1248 1012 1288 reqem
1029 1236 1352 1289 circumscripsit,
1370 1237 1575 1290 iussitque,

174 1300 389 1348 antequam
410 1292 559 1332 circulo
572 1292 780 1340 excederet,
803 1306 1031 1346 responsum
1049 1292 1175 1332 daret.
1247 1292 1341 1342 Qua
1362 1295 1578 1347 asperitate

174 1351 316 1406 effecit,
339 1357 384 1390 ut
409 1350 634 1390 Antiochus
658 1349 800 1389 bellum
832 1350 1034 1389 omitteret.
1097 1349 1337 1404 Leqationes
1359 1351 1576 1404 qratulan-

175 1410 275 1449 tium
288 1408 532 1463 populorum
553 1422 602 1447 ac
618 1421 756 1461 requm
776 1408 819 1446 in
839 1413 1022 1446 senatum
1038 1407 1248 1447 admissae.
1310 1407 1576 1458 Rhodiorum,

175 1467 272 1522 quia
302 1481 345 1506 eo
376 1465 472 1505 bello
505 1471 644 1505 contra
668 1464 865 1519 populum
897 1464 1130 1504 Romanum
1153 1465 1369 1518 faverant,
1403 1466 1574 1506 exclusa.

178 1523 345 1564 Postero
365 1523 440 1572 die,
461 1537 583 1578 quum
604 1522 652 1561 de
671 1536 714 1561 eo
733 1528 1003 1576 quaereretur,
1027 1527 1072 1562 ut
1090 1523 1140 1562 iis
1160 1523 1301 1562 bellum
1323 1523 1576 1572 indiceretur,

178 1595 344 1621 causam
356 1582 398 1620 in
418 1586 558 1620 senatu
572 1581 738 1634 patriae
753 1594 849 1619 suae
865 1579 987 1634 leqati
997 1586 1173 1634 eyerunt,
1191 1595 1260 1620 nec
1277 1587 1471 1635 tanquam
1488 1581 1578 1621 lios-

178 1645 247 1687 tes,
270 1653 340 1678 nec
360 1643 553 1692 tanquam
575 1638 672 1676 socii
690 1637 854 1676 dimissi.
917 1637 1162 1676 Macedonia
1183 1639 1225 1677 in
1241 1639 1476 1691 provinciae
1478 1639 1578 1691 for—

178 1711 286 1736 mam
307 1695 470 1735 redacta
491 1700 558 1734 est.
620 1693 818 1734 Aemilius
839 1693 1029 1742 Paullus,
1052 1695 1368 1748 repuqnantibus
1388 1696 1579 1736 militibus

179 1755 263 1793 eius
276 1759 445 1807 propter
465 1753 654 1792 minorem
674 1751 887 1805 praedam,
910 1757 948 1790 et
971 1751 1262 1791 contradicente
1292 1751 1378 1792 Ser.
1399 1751 1580 1807 Sulpicio

185 1810 335 1859 Galba,
357 1810 625 1864 triumphavit
639 1824 652 1848 :
685 1815 721 1848 et
744 1808 891 1848 Persen
915 1822 1003 1848 cum
1025 1809 1151 1848 tribus
1163 1809 1274 1860 filiis
1298 1815 1390 1849 ante
1415 1824 1579 1850 currum

179 1869 304 1909 duxit.
364 1867 491 1909 Cuius
504 1866 702 1920 triumphi
716 1865 869 1905 laetitia
887 1880 934 1905 ne
945 1866 1072 1905 solida
1089 1868 1126 1905 ei
1140 1868 1391 1921 conti'nqeret,
1409 1868 1580 1908 duorum

165 1926 354 1979 filiorum
364 1924 585 1978 funeribus
605 1924 797 1977 insiqnita
817 1929 875 1962 est
889 1938 902 1963 .·
935 1937 1104 1977 quorum
1125 1923 1291 1963 alterius
1319 1939 1424 1964 mors
1445 1927 1582 1978 patris

180 1983 427 2038 triumphum
441 1982 672 2036 praecessit,
695 1980 862 2020 alterius
881 1987 1015 2020 secuta
1036 1987 1103 2020 est.
1165 1980 1363 2021 Lustrum
1380 1983 1581 2022 conditum

180 2047 239 2081 est
257 2056 283 2081 a
304 2039 538 2080 censoribus.
607 2037 736 2079 Censa
756 2043 851 2077 sunt
870 2039 1015 2077 civium
1036 2039 1172 2092 capita
1189 2044 1361 2079 trecenta
1377 2039 1582 2079 duodecim

180 2099 322 2147 millia,
344 2099 567 2152 octinqenta
587 2097 771 2150 quinque.
833 2095 1021 2144 Prusias,
1044 2095 1266 2149 Bithyniae
1290 2111 1370 2146 rex,
1394 2097 1580 2146 Romam,

183 2162 229 2196 ut
257 2156 418 2196 senatui
442 2154 725 2209 qratularetur
754 2153 799 2192 ob
824 2154 1033 2193 victoriam
1061 2168 1107 2195 ex
1132 2153 1376 2194 Macedonia
1398 2161 1581 2208 partam,

182 2215 287 2254 venit
293 2229 308 2262 ;
339 2219 376 2253 et
390 2211 789 2263 Mcomedemfilium
803 2212 962 2251 senatui
973 2211 1271 2252 commendavit.
1324 2212 1425 2262 Rex,
1438 2212 1582 2267 plenus

182 2271 440 2319 adulationis,
463 2270 643 2310 libertum
665 2283 705 2308 se
719 2268 868 2323 populi
888 2268 1067 2309 Romani
1084 2269 1249 2309 (licebat.
