1888 3194
371 155 456 195 250
885 156 1258 200 ΕΡΙΤΟΜΑΕ

370 247 560 290 consulto
600 249 843 307 suffragium
883 251 1029 294 datum
1069 262 1142 296 est.
1209 254 1263 303 Q.
1291 253 1493 297 Metellus
1533 256 1648 308 Pius,
1688 258 1762 315 qui

369 315 508 362 partes
543 307 810 363 optimatium
844 319 1012 352 secutus
1047 320 1148 362 erat,
1180 327 1312 368 quum
1347 313 1393 354 in
1425 313 1572 356 Africa
1605 315 1763 357 bellum

369 362 599 415 moliretur,
621 380 645 406 a
669 364 718 407 C.
742 365 873 409 Fabio
893 376 1084 424 praetore
1105 369 1248 425 pulsus
1269 379 1356 412 est:
1390 380 1642 429 senatusque
1662 388 1764 414 con-

370 420 527 462 sultum
562 437 639 478 per
671 423 897 466 factionem
936 425 1141 468 Carbonis
1177 436 1220 468 et
1256 427 1544 471 Marianarum
1579 430 1762 486 partium

369 478 526 520 factum
548 489 623 529 est,
645 490 693 522 ut
714 497 859 524 omnes
886 482 1043 539 ubique
1069 484 1277 526 exercitus
1298 486 1623 529 dimitterentur.
1687 487 1763 529 Li-

369 534 523 577 bertini
544 537 588 578 in
609 539 798 595 quinque
819 549 862 581 et
887 540 1059 596 triginta
1079 541 1210 582 tribus
1229 542 1441 585 distributi
1461 553 1571 586 sunt.
1633 544 1763 586 Prae-

370 602 483 636 terea
522 594 621 636 belli
661 606 920 652 apparatum,
958 598 1074 653 quod
1110 608 1255 640 contra
1293 599 1451 642 Sullam
1486 602 1760 653 excitabatur,

370 660 568 694 continet.

947 879 1183 921 LXXXV.

371 992 574 1036 SULLA
594 993 639 1034 in
660 992 827 1034 Italiam
847 1007 943 1034 cum
960 992 1150 1034 exercitu
1171 992 1346 1043 traiecit,
1365 993 1581 1049 missisque
1602 992 1762 1050 legatis,

368 1053 442 1108 qui
459 1052 511 1093 de
533 1066 634 1108 pace
657 1058 842 1107 agerent,
861 1066 885 1091 a
900 1049 1069 1091 consule
1095 1049 1145 1091 C.
1164 1049 1368 1092 Norbano
1384 1050 1558 1101 violatis,
1576 1050 1762 1092 eundem

369 1110 619 1152 Norbanum
652 1107 813 1164 proelio
845 1107 957 1149 vicit.
1021 1106 1078 1148 Et
1109 1122 1241 1163 quum
1278 1107 1328 1149 L.
1351 1107 1558 1164 Scipionis
1592 1107 1763 1149 alterius

369 1166 563 1217 consulis,
586 1181 683 1208 cum
705 1181 790 1221 quo
810 1180 886 1221 per
906 1164 1048 1206 omnia
1067 1164 1112 1205 id
1133 1173 1288 1221 egerat,
1312 1173 1358 1206 ut
1381 1180 1529 1221 pacem
1552 1166 1760 1221 iungeret,

368 1240 448 1267 nec
464 1232 670 1281 potuerat,
688 1232 822 1264 castra
839 1230 1156 1278 oppugnaturus
1177 1231 1298 1272 esset,
1315 1223 1533 1264 universus
1554 1223 1762 1264 exercitus

368 1281 563 1332 consulis,
586 1280 830 1322 sollicitatus
861 1295 935 1336 per
964 1279 1135 1321 emissos
1165 1295 1189 1321 a
1222 1279 1336 1321 Sulla
1366 1280 1532 1330 milites,
1559 1280 1677 1336 signa
1707 1280 1762 1321 ad

370 1339 529 1382 Sullam
566 1337 786 1380 transtulit.
853 1337 1006 1393 Scipio,
1041 1352 1171 1393 quum
1210 1337 1345 1378 occidi
1380 1346 1531 1394 posset,
1565 1337 1761 1379 dimissus

367 1406 440 1439 est.
506 1396 586 1438 Cn.
620 1395 861 1451 Pompeius,
901 1394 982 1436 Cn.
1013 1394 1058 1435 F.
1092 1395 1193 1444 eius,
1231 1395 1305 1450 qui
1336 1393 1542 1436 Asculum
1579 1404 1759 1451 ceperat,

366 1454 604 1510 conscripto
635 1452 966 1494 voluntariorum
998 1452 1201 1501 exercitu,
1230 1467 1328 1492 cum
1360 1452 1492 1493 tribus
1524 1451 1761 1508 legionibus

366 1513 421 1554 ad
445 1511 603 1554 Sullam
619 1518 814 1559 venerat3
844 1509 897 1550 ad
919 1524 1046 1565 quem
1067 1524 1110 1550 se
1131 1509 1327 1550 nobilitas
1349 1509 1484 1550 omnis
1505 1509 1759 1559 conferebat,

363 1570 423 1611 ita
452 1577 500 1610 ut
535 1569 700 1610 deserta
736 1568 838 1608 urbe
877 1567 931 1607 ad
971 1574 1104 1607 castra
1136 1566 1360 1608 veniretur.
1423 1566 1648 1608 Praeterea
1687 1581 1761 1608 ex-

363 1626 600 1683 peditiones
649 1640 725 1682 per
774 1633 905 1666 totam
951 1623 1116 1665 Italiam
1162 1624 1380 1680 utriusque
1425 1624 1555 1681 partis
1603 1623 1760 1666 ducum

363 1684 611 1726 referuntur.

927 1901 1186 1943 LXXXVI.

367 2018 556 2069 QUUM
595 2016 645 2058 C.
677 2014 851 2063 Marius,
898 2012 948 2054 C.
973 2011 1102 2053 Marii
1138 2012 1260 2062 filius,
1302 2012 1448 2054 consul
1487 2023 1584 2055 ante
1626 2030 1758 2058 annos

362 2076 511 2133 viginti
541 2089 617 2131 per
642 2073 728 2113 vim
756 2079 918 2112 creatus
949 2078 1069 2118 esset,
1103 2068 1152 2110 C.
1173 2068 1326 2111 Fabius
1353 2070 1399 2111 in
1421 2070 1566 2112 Africa
1586 2082 1759 2129 propter

363 2133 655 2176 crudelitatem
688 2138 730 2170 et
762 2127 978 2169 avaritiam
1010 2127 1055 2167 in
1118 2127 1296 2168 raetorio
1329 2142 1404 2168 suo
1434 2128 1552 2169 vivus
1584 2138 1757 2172 exustus

363 2200 435 2234 est.
499 2190 548 2231 L.
572 2187 796 2243 Philippus
831 2185 992 2240 legatus
1028 2142 1167 2225 Sullae
1204 2183 1453 2235 Sardiniam,
1491 2186 1544 2234 Q.
1565 2186 1756 2229 Antonio

362 2256 551 2306 praetore
592 2244 713 2302 pulso
754 2252 796 2284 et
831 2242 980 2291 occiso,
1018 2242 1248 2297 occupavit.
1315 2241 1432 2283 Sulla
1466 2258 1564 2284 cum
1599 2243 1756 2286 Italicis

361 2305 541 2363 populis,
571 2318 624 2344 ne
654 2302 871 2342 timeretur
903 2299 954 2340 ab
982 2299 1044 2347 iis,
1071 2299 1187 2339 velut
1218 2309 1437 2355 erepturus
1469 2300 1681 2342 civitatem
1712 2311 1756 2343 et

362 2362 546 2418 suffragii
575 2361 637 2401 ius
665 2373 801 2414 nuper
826 2357 984 2406 datum,
1007 2356 1155 2397 foedus
1181 2357 1396 2412 percussit.
1459 2356 1678 2413 Idemque,
1700 2374 1755 2400 cx

361 2420 517 2462 fiducia
546 2419 628 2459 iam
660 2426 796 2457 certae
824 2414 1034 2463 victoriae,
1059 2413 1301 2469 litigatores,
1324 2429 1348 2455 a
1375 2414 1527 2470 quibus
1547 2415 1752 2466 adibatur,

361 2476 601 2519 vadimonia
636 2474 817 2515 Romam
853 2472 1019 2512 differre
1052 2471 1183 2520 iussit,
1218 2486 1350 2527 quum
1382 2486 1407 2512 a
1439 2480 1556 2527 parte
1592 2472 1755 2515 diversa.

361 2536 459 2577 urbs
499 2533 636 2575 adhuc
677 2539 901 2572 teneretur.
965 2528 1014 2569 L.
1046 2527 1330 2585 Damasippus
1368 2537 1550 2585 praetor,
1587 2545 1642 2571 ex
1681 2545 1754 2572 vo-

360 2592 521 2634 luntate
571 2590 621 2631 C.
657 2588 785 2629 Marii
830 2586 1012 2627 consulis
1054 2601 1185 2640 quum
1229 2594 1422 2627 senatum
1466 2587 1753 2638 contraxisset,

361 2664 544 2697 omnem,
562 2661 669 2702 quae
692 2646 733 2685 in
757 2644 858 2685 urbe
880 2651 980 2692 erat,
1003 2642 1265 2683 nobilitatem
1288 2643 1534 2686 trucidavit:
1563 2659 1617 2685 ex
1633 2645 1753 2686 cuius

360 2721 536 2748 numero
568 2704 620 2752 (ὑὶ.
641 2702 812 2744 Mucius
843 2699 1040 2742 Scaevola
1066 2699 1256 2754 pontifex
1285 2700 1493 2741 maximus
1517 2700 1681 2756 fugiens
1707 2702 1753 2743 in

359 2762 564 2807 vestibulo
586 2760 701 2802 aedis
722 2758 876 2799 Vestae
900 2756 1059 2798 occisus
1080 2765 1153 2797 est.
1218 2756 1443 2798 Praeterea
1467 2757 1626 2798 bellum
1650 2773 1676 2799 a
1699 2758 1750 2800 L.

360 2822 544 2864 Murena
577 2818 772 2860 adversus
810 2813 1103 2856 Mithridatem
1140 2813 1184 2854 in
1222 2813 1325 2855 Asia
1364 2823 1612 2856 renovatum
1652 2830 1753 2858 con-

360 2881 478 2921 tinet.
