1888 3194
691 202 984 241 INDEX.

182 278 329 310 redditur
344 288 395 319 30,
411 287 462 319 43.
485 277 572 318 pileo
593 277 691 317 capiti
711 277 814 325 impo-

184 321 256 360 sito,
274 326 404 353 secutus
426 325 475 352 est
498 320 683 359 Scipionem
704 319 815 350 trium·

182 364 339 405 phantem
363 371 414 402 45.
451 364 576 403 legatus
600 370 652 400 33,
677 370 728 401 47.
763 371 816 400 42,

183 415 234 446 35.
257 410 395 446 praetor,
410 405 541 436 sortitur
557 404 811 435 iurisdictionem

182 449 381 490 peregrinam
398 448 450 487 38,
466 457 504 486 42
519 451 552 478 et
568 454 618 486 55.
641 447 723 486 petit
739 457 812 477 con-

182 491 336 529 sulatum,
350 490 467 522 frustra
483 499 535 531 39,
553 499 603 530 32.
626 490 751 530 legatus
770 489 812 520 ad

181 533 388 566 Masinissam
407 537 440 564 et
455 533 738 573 Carthaginienses
760 541 812 571 42,

140 619 271 657 Terina,
300 620 375 650 urbs
405 619 619 657 Bruttiorum,
646 623 743 659 capta
771 619 812 649 ab

182 662 369 693 Alexandro
387 662 537 702 Epirensi
552 662 584 700 8,
601 671 650 701 24.

140 704 339 743 Ter-messus,
355 706 430 736 urbs
445 706 497 744 38,
518 714 564 744 15.

141 747 385 779 Termessenses
407 751 597 788 oppugnant
621 757 728 778 arcem
754 746 812 778 Isi-

183 791 373 822 ondensium
390 791 443 830 38,
459 799 506 830 15.
529 791 721 829 multantur,
735 790 812 821 ibid.

140 832 340 864 Terminalia
354 834 436 864 festa
451 842 504 872 43,
523 842 570 872 13.
594 841 647 872 45,
663 845 713 871 44.

140 874 313 907 Terminus
329 877 421 907 Deus
436 886 463 914 1,
477 883 527 915 55.
551 884 582 915 5,
595 885 644 915 54.
669 875 814 907 Termini

182 917 293 950 fanum
314 928 341 957 1,
358 927 408 958 55.
568 925 576 936 ⁶

140 959 241 992 Terra
256 962 366 993 Mater
383 962 414 1000 8,
430 960 459 993 6.
483 965 567 992 terra
591 961 706 1002 Arpini
727 971 812 992 cam-

180 1005 280 1045 pestri
295 1015 371 1045 agro
386 1004 420 1036 in
435 1005 599 1045 ingentem
616 1005 721 1035 sinum
738 1015 812 1035 con-

180 1047 264 1079 sedit
280 1057 332 1087 3ο,
350 1057 377 1079 2.
401 1052 504 1079 terrae
520 1051 638 1086 motus,
655 1047 709 1087 qui
729 1047 811 1078 mul-

180 1094 287 1121 tarum
298 1091 425 1121 urbium
438 1090 555 1121 Italiae
565 1101 698 1130 magnas
708 1094 814 1130 partes

181 1133 364 1173 prostravit,
380 1144 444 1164 non
460 1133 700 1164 animadversus
715 1143 734 1164 a
755 1143 813 1173 pu-

179 1176 354 1216 gnantibus
374 1186 425 1214 22,
442 1183 470 1215 5.
496 1176 536 1207 cf.
557 1180 590 1207 et
614 1185 666 1215 34,
686 1184 735 1216 55.
760 1183 812 1215 35,

181 1228 233 1256 40.
258 1229 310 1257 40,
327 1219 377 1259 58.

139 1259 275 1293 Tessera
293 1270 322 1300 7,
337 1270 387 1301 35.
411 1270 443 1302 9,
459 1270 509 1300 32.
534 1261 657 1300 vesperi
674 1271 732 1300 per
747 1271 812 1292 cas—

180 1307 231 1335 tra
246 1304 323 1335 data
340 1313 391 1344 27,
403 1302 453 1342 46.
479 1304 531 1341 28,
546 1313 597 1342 14.
621 1307 812 1334 tesserarum

183 1346 393 1386 ludus4,17.

140 1358 315 1420 Testudo4
305 1399 324 1420 e
346 1388 444 1420 scutis
465 1388 608 1420 densatis
631 1398 680 1428 1ο,
701 1398 753 1431 29,
773 1398 810 1428 41

181 1437 215 1464 et
230 1442 281 1472 43.
305 1441 358 1472 31,
371 1441 420 1473 39.
445 1441 498 1471 34,
511 1441 560 1474 39.
585 1431 654 1462 eius
664 1436 815 1463 accurata

181 1475 355 1516 descriptio
386 1486 440 1512 44,
465 1485 494 1515 9.
533 1474 722 1512 testudines,
747 1484 814 1505 ma-

181 1518 298 1549 chinae
320 1518 362 1549 ad
385 1517 660 1557 oppugnationem
686 1517 814 1548 urbiiun

183 1569 214 1600 5,
231 1568 260 1600 5.
283 1560 439 1592 testudini
459 1560 635 1591 assimilata
653 1560 814 1601 Pelopon-

182 1614 279 1635 nesus
295 1602 346 1644 36,
364 1613 414 1643 32.

139 1646 431 1678 Tetradrachmum
448 1654 501 1684 34,
517 1654 566 1684 52.
592 1653 644 1686 37,
659 1644 710 1685 46.

140 1689 365 1730 Tetraphylia,
381 1689 456 1720 urbs
480 1688 697 1720 Athamaniae
716 1689 767 1728 38,
788 1698 813 1720 1.

181 1732 225 1764 ibi
249 1732 396 1764 custodia
417 1732 523 1772 regiae
546 1732 714 1771 pecuniae,
736 1732 812 1762 ibid.

182 1775 399 1816 Tetraphylia
425 1775 635 1814 expelluntur
660 1774 813 1806 Macedo-

182 1829 251 1857 nes,
265 1818 342 1850 ibid.

140 1861 241 1900 Teus,
255 1872 279 1893 s.
295 1861 392 1899 Teos,
407 1860 514 1891 insula
533 1863 565 1891 et
581 1860 738 1901 oppidum
761 1869 813 1900 37,

140 1913 308 1985 Teiriicus,
323 1947 449 1987 legatus
464 1946 577 1978 Gentii
593 1958 645 1986 44,
663 1956 711 1986 31.

140 1989 330 2022 Thabusion
346 1990 515 2020 castellum
533 1989 585 2028 38,
605 1999 651 2027 14.

141 2032 304 2074 Thapsus,
324 2033 399 2063 urbs
419 2032 548 2063 Africae
571 2041 621 2074 29,
644 2041 694 2072 3ο.
717 2031 757 2063 cf.
779 2035 812 2063 et

140 2076 352 2158 Tffiltff'w,
367 2127 408 2158 30
424 2122 456 2166 et
473 2126 523 2158 35.

139 2161 321 2193 Thaumaci
342 2161 396 2192 ubi
423 2161 487 2198 siti,
503 2166 535 2192 et
551 2162 637 2192 unde
656 2160 813 2202 appellati

182 2213 236 2244 32,
256 2215 285 2243 4.
309 2204 516 2236 Thaumacos
535 2204 651 2235 frustra
674 2208 815 2235 tentatos

182 2247 299 2279 deserit
310 2247 495 2288 Philippus,
505 2247 580 2278 ibid.
602 2247 735 2287 capiunt
748 2247 813 2278 Ro-

184 2289 271 2321 mani
289 2288 342 2330 36,
361 2299 408 2328 14.
425 2289 464 2321 cf.
481 2293 513 2321 et
529 2299 582 2329 32,
602 2298 649 2328 13.

140 2332 351 2370 Theaetetus,
380 2333 561 2373 praefectus
589 2332 698 2363 classis
725 2332 814 2364 Rho-

183 2375 257 2407 diae
279 2383 333 2415 45,
356 2383 405 2414 25.
437 2376 562 2415 legatus
584 2375 724 2406 mittitur
750 2374 814 2406 Ro-

183 2428 270 2449 mam
297 2427 371 2449 cum
396 2427 514 2449 corona
540 2417 650 2458 viginti
672 2418 811 2449 millium

183 2471 365 2498 aureorum,
380 2460 456 2492 ibid.

141 2503 333 2536 Theatrum.
359 2503 398 2535 In
415 2503 541 2534 theatro
557 2501 674 2534 Graeci
688 2502 812 2534 concio-

184 2557 259 2578 nem
280 2546 399 2578 habere
419 2546 523 2577 solent
546 2555 596 2584 24,
614 2555 663 2588 39.
688 2554 739 2584 33,
762 2546 811 2577 28.

183 2589 345 2621 theatrum
367 2594 399 2621 et
416 2589 617 2630 proscenium
641 2589 681 2620 ad
697 2589 812 2619 aedem

185 2632 347 2673 Apollinis
367 2642 419 2673 40,
436 2641 485 2671 51.
509 2631 669 2662 theatrum
692 2631 812 2671 magni-

186 2675 282 2706 ficum
293 2675 421 2716 Tegeae
432 2674 612 2706 Antiochus
623 2674 813 2715 Epiphanes

184 2717 288 2748 facere
302 2717 441 2748 instituit
456 2727 508 2756 41,
526 2726 574 2757 25.

142 2760 288 2797 Thebae,
299 2766 397 2800 caput
415 2761 569 2792 Boeotiae
580 2769 632 2800 33,
648 2770 672 2792 1.
697 2770 749 2799 42,
761 2771 811 2798 44.

184 2807 259 2833 sunt
275 2802 306 2833 in
326 2812 442 2843 magno
463 2804 618 2841 tumultu,
635 2803 711 2834 ibid.
735 2803 811 2833 reci-

186 2846 319 2886 piuntur
339 2855 360 2876 a
383 2845 541 2877 Romanis
562 2845 614 2886 63.
643 2847 814 2877 diruuntur

142 2888 283 2963 Tliie'bia}
322 2930 527 2963 Phthioticae
572 2931 623 2969 28,
669 2939 695 2970 7.
747 2931 813 2961 sive

902 277 1044 308 Phthiae
1065 287 1117 319 39,
1134 285 1183 316 25.
1206 287 1227 308 a
1243 278 1398 319 Philippo
1414 283 1528 321 captae

903 320 954 357 28,
982 327 1008 358 7.
1046 321 1244 351 maritimum
1269 322 1449 361 emporium
1476 332 1529 364 39,

904 369 952 399 25
971 361 1032 393 vid
1049 366 1081 392 et
1098 371 1149 401 32
1166 371 1215 401 33
1240 371 1292 402 33
1308 372 1336 402 5-

856 403 1005 434 Thebani
1035 405 1208 435 seditiones
1233 405 1376 436 excitant
1402 417 1454 445 42,
1477 417 1527 447 43.

901 446 1066 477 Romanas
1083 452 1189 486 partes
1203 452 1382 487 sequuntur
1398 461 1449 488 44.

856 488 986 519 Thebes
1003 499 1146 528 campus,
1162 498 1281 529 37,19.

856 531 1010 569 Theium,
1027 531 1184 571 oppidum
1201 532 1417 563 Athamaniae
1433 534 1485 572 38,
1502 544 1528 566 1.

856 574 1054 612 Themistus,
1070 574 1206 605 Gelonis
1224 584 1333 614 gener,
1348 575 1388 605 ob
1408 576 1529 606 sociata

899 627 974 648 cum
985 618 1217 648 Andranodoro
1227 616 1360 647 consilia
1372 617 1529 649 occiditur

897 661 952 699 24,
970 670 1010 700 24
1022 664 1055 691 et
1072 667 1121 699 25.

857 703 1058 741 Theodotus,
1070 713 1152 733 unus
1162 713 1202 733 ex
1216 702 1390 734 coniuratis
1401 703 1433 733 in
1448 703 1529 734 Hie-

900 746 1026 786 ronymi
1047 746 1190 784 caedem,
1205 746 1342 776 traditur
1362 746 1530 777 Andrano-

901 789 978 819 doro
992 789 1190 828 torquendus
1215 798 1265 827 24,
1287 796 1316 828 5.
1347 789 1431 819 celat
1455 799 1528 820 con-

901 831 993 867 scios,
1008 836 1040 863 et
1056 832 1257 863 Thrasonem
1278 831 1438 862 insontem
1455 842 1528 863 con-

901 874 962 905 silii
978 879 1142 906 auctorem
1158 874 1323 910 mentitur,
1337 874 1415 906 ibid.

859 917 1048 948 Theodotus
1063 922 1096 948 et
1117 917 1213 956 Sosis,
1227 917 1396 948 interfecto
1413 916 1529 948 Hiero-

899 970 1010 1000 nymo,
1030 960 1124 1001 regiis
1146 960 1236 1000 equis
1259 960 1434 1000 Syracusas
1455 970 1528 991 con-

899 1003 1105 1042 tendunt¹24,
1122 1012 1171 1034 21.
1195 1012 1250 1034 eos
1267 1003 1444 1043 alloquitur
1463 1004 1529 1034 An-

899 1046 1098 1077 dronodorus
1115 1055 1164 1077 22.

857 1088 1058 1126 Theodotus,
1085 1088 1202 1119 nobilis
1227 1089 1425 1125 adolescens,
1453 1089 1529 1120 Pas-

899 1131 1019 1162 saronis
1042 1131 1129 1162 urbis
1152 1135 1260 1172 portas
1282 1131 1386 1172 aperit
1409 1132 1530 1163 Roma-

899 1173 948 1205 nis
964 1182 1016 1214 45,
1033 1173 1082 1206 26.

857 1216 1058 1257 Theogenes,
1074 1218 1141 1248 dux
1157 1216 1266 1248 Persei
1281 1228 1334 1256 44,
1350 1226 1401 1257 32.

857 1259 1042 1298 Theondas,
1052 1270 1197 1291 summus
1206 1260 1409 1301 magistratus
1419 1260 1530 1292 Samo-

899 1302 1032 1334 thracae
1048 1311 1100 1342 45,
1117 1313 1145 1343 5.

858 1343 1037 1376 Theoxena
1056 1346 1116 1376 sibi
1137 1355 1210 1376 cum
1234 1345 1350 1376 marito
1371 1349 1403 1377 et
1424 1345 1531 1377 liberis

901 1388 1014 1419 sororis
1029 1388 1157 1428 suisque
1172 1398 1285 1419 necem
1300 1388 1393 1419 affert
1409 1399 1462 1427 40,
1478 1401 1508 1427 4.

858 1429 1066 1469 Theoxenus,
1078 1431 1145 1462 dux
1163 1430 1379 1469 Achaeorum,
1392 1431 1531 1463 Rhodiis

900 1473 1111 1504 militantium
1128 1483 1180 1514 33,
1199 1474 1246 1505 18.

859 1515 1100 1557 Thermopylae
1116 1526 1168 1556 33,
1180 1525 1198 1555 3
1212 1520 1244 1547 et
1257 1524 1306 1557 35.
1330 1516 1530 1557 Thermopy-

901 1558 941 1590 lis
963 1559 1113 1600 frequens
1128 1559 1285 1590 Graeciae
1306 1560 1397 1590 statis
1417 1559 1531 1591 diebus

900 1601 983 1632 solet
995 1612 1063 1633 esse
1073 1606 1261 1641 conventus,
1271 1601 1348 1634 ibid.
1373 1602 1529 1633 Thermo-

900 1645 1051 1685 pylarum
1074 1645 1175 1676 saltus
1195 1649 1225 1676 et
1247 1649 1402 1685 angustae
1421 1645 1531 1676 fauces

902 1688 953 1726 28,
977 1696 993 1727 5
1017 1691 1050 1719 et
1076 1696 1102 1728 7.
1134 1697 1185 1728 31,
1209 1695 1259 1727 23.
1287 1697 1338 1728 33,
1359 1696 1388 1727 3.
1415 1687 1453 1718 iis
1475 1698 1529 1719 no-

900 1739 976 1762 men
1001 1731 1141 1762 inditum
1166 1731 1206 1761 ab
1229 1731 1320 1771 aquis
1343 1730 1455 1762 calidis
1477 1729 1530 1771 36,

904 1782 951 1813 15.

858 1815 1014 1848 Thesauri
1044 1816 1112 1848 auri
1141 1816 1260 1847 Gallici
1291 1815 1323 1851 6.
1353 1826 1390 1855 14
1420 1820 1453 1847 et
1482 1824 1528 1856 15.

899 1859 1068 1891 thesaurus
1094 1859 1243 1900 publicus
1271 1859 1441 1890 Messanae
1469 1860 1530 1890 sub

899 1906 983 1933 terra
993 1913 1070 1934 saxo
1080 1903 1236 1943 quadrato
1246 1906 1367 1942 septus,
1378 1912 1442 1941 quo
1454 1902 1529 1933 Phi-

899 1945 1070 1986 lopoemen
1108 1945 1233 1976 vinctus
1264 1945 1444 1976 demittitur
1477 1954 1530 1987 39,

901 1997 953 2026 50.

856 2030 1020 2072 Thespiae
1036 2040 1088 2070 42,
1104 2040 1154 2070 43.

857 2073 1071 2115 Thespienses
1083 2073 1136 2113 36,
1149 2083 1198 2105 21.
1222 2083 1331 2105 eorum
1348 2073 1527 2114 emporium

901 2117 1036 2155 Creusa,
1051 2117 1127 2148 ibid.

858 2159 1042 2201 Thesproti.
1067 2156 1186 2190 Eorum
1210 2159 1333 2190 auxilia
1354 2160 1415 2199 Ap.
1430 2159 1528 2191 Clau

901 2203 983 2240 dius,
995 2209 1162 2243 acceptam
1186 2202 1217 2233 111
1241 2202 1374 2242 Illyrico
1395 2201 1527 2241 ignomi-

900 2245 986 2276 niam
1008 2246 1164 2285 corrigere
1186 2245 1330 2285 cupiens,
1345 2255 1453 2276 secum
1474 2245 1528 2276 ad-

901 2289 994 2320 duxit
1017 2289 1058 2319 ad
1086 2289 1280 2324 Plianotem.
1300 2287 1390 2328 Epiri
1415 2288 1528 2319 castel—

902 2332 968 2362 lum
986 2341 1038 2370 43,
1056 2341 1104 2363 21.

859 2375 1072 2415 Thesprotius
1087 2374 1174 2405 sinus
1189 2375 1220 2412 8,
1237 2383 1286 2412 24.

856 2417 1003 2450 Thessali
1029 2417 1157 2457 ascripti
1184 2427 1204 2448 a
1233 2416 1397 2457 Philippo,
1419 2416 1529 2448 Mace-

898 2460 1014 2492 doniae
1037 2471 1121 2500 rege,
1135 2460 1254 2491 foederi
1279 2470 1352 2490 cum
1373 2459 1530 2490 Romanis

898 2503 978 2535 inito
995 2513 1046 2545 29,
1067 2513 1113 2534 12.
1138 2502 1311 2533 Thessalos
1327 2502 1446 2541 primos
1461 2512 1527 2532 onl-

898 2546 987 2577 nium
1011 2546 1193 2577 liberandos
1210 2544 1363 2584 Philippo
1384 2544 1529 2575 nominat

899 2589 938 2620 T.
952 2588 1127 2626 Quinctius
1143 2597 1195 2627 32,
1212 2597 1258 2618 ιο.
1283 2586 1372 2617 liberi
1390 2597 1527 2626 pronun-

897 2631 1020 2663 tiantur
1035 2640 1086 2672 33,
1102 2640 1152 2670 32.
1182 2630 1230 2666 iis,
1254 2634 1379 2669 praeter
1402 2629 1528 2660 liberta-

898 2679 963 2705 tem
990 2683 1185 2710 concessam,
1209 2672 1330 2704 Achaei
1357 2671 1529 2702 Phthiotae

899 2717 965 2748 dati
984 2727 1035 2757 34.
1063 2715 1222 2753 Thessali,
1236 2725 1313 2755 gens
1335 2714 1461 2753 ingenio
1482 2715 1527 2745 in-

898 2759 1007 2800 quieto
1020 2769 1131 2799 34,51.
1158 2759 1332 2789 liberantur
1346 2769 1365 2788 11
1377 2757 1527 2793 'RQuin-

899 2802 974 2839 ctio,
989 2808 1021 2834 et
1037 2813 1076 2833 ex
1092 2802 1178 2832 omni
1196 2800 1377 2832 collusione
1399 2804 1431 2829 et
1454 2810 1526 2830 con-

898 2845 1022 2876 fusione
1042 2845 1074 2876 in
1094 2845 1236 2884 aliquam
1253 2842 1451 2874 tolerabilem
1468 2842 1527 2872 sor-

898 2897 984 2919 mam
1006 2888 1202 2926 rediguntnr,
1218 2885 1294 2916 ibid.
1328 2894 1436 2915 eorum
1453 2894 1526 2915 con-

899 2930 1008 2962 cilium
1035 2929 1179 2961 Larissae
1199 2927 1250 2967 36,
1266 2930 1295 2959 8.
1319 2936 1371 2966 42,
1387 2928 1435 2966 38.
1471 2927 1526 2956 1111-
