1888 3194
367 223 450 265 274
629 222 779 265 TITI
819 223 997 266 LIVII
1038 210 1502 267 FRAGMENTA.

876 406 898 427 ³⁶
911 407 983 447 Ex
1004 407 1067 449 lib.
1093 407 1251 449 XVII.

427 493 571 534 Pridie
609 493 767 535 Nonas.
832 494 977 537 Pridie
1014 494 1128 536 Idus.
1192 496 1408 538 Priscian.
1446 495 1520 537 lib.
1559 493 1686 536 XIV.
1711 508 1764 549 p.

370 554 466 594 992.
494 552 560 593 ed.
586 552 766 594 Pul-sch.
799 553 886 594 Vol.
910 553 949 595 I.
966 569 1016 608 p.
1040 555 1137 594 601.
1162 554 1228 594 ed.
1251 553 1405 594 Krelzl.

866 741 889 763 *
902 742 974 782 Ex
994 743 1059 782 lib.
1084 740 1269 782 XVIII.

427 833 654 876 Imberbes.
723 834 895 876 Charis.
919 835 993 876 lib.
1018 835 1056 875 I.
1074 849 1124 889 p.
1148 837 1215 877 74.
1239 835 1302 875 ed.
1326 834 1505 876 Putsch.

429 891 644 947 Serpentis
665 906 835 947 quoque
861 906 886 932 a
913 891 964 932 T.
984 890 1107 932 Livio
1135 891 1297 932 curiose
1327 891 1484 947 pariter
1510 906 1558 932 ac
1584 890 1764 933 facunde

368 948 498 990 relata
518 948 592 989 fiat
616 948 788 990 mentio.
849 947 892 989 Is
921 948 1033 989 enim
1063 948 1133 998 ait,
1155 948 1199 989 in
1221 948 1368 990 Africa
1392 948 1505 1005 apud
1527 947 1765 1004 Bagradam

368 1006 527 1047 flumen
548 1014 688 1047 tantae
710 1005 1014 1062 magnitudinis
1034 1020 1217 1062 anguem
1236 1005 1376 1056 fuisse,
1395 1014 1443 1047 ut
1460 1005 1584 1047 Atilii
1607 1004 1765 1062 Reguli

368 1063 602 1105 exercitum
632 1078 711 1105 usu
741 1063 876 1105 amnis
905 1063 1174 1120 prohiberet:
1208 1062 1435 1119 multisque
1467 1062 1670 1105 militibus
1698 1063 1765 1104 in-

366 1121 485 1178 genti
513 1136 583 1163 ore
605 1121 820 1177 correptis,
842 1121 1127 1177 compluribus
1154 1120 1312 1162 caudae
1333 1120 1618 1163 voluminibus
1637 1120 1762 1170 elisis,

367 1193 501 1235 quum
522 1177 702 1220 telorum
722 1179 835 1220 iactu
859 1178 1059 1234 perforari
1086 1178 1296 1235 nequiret,
1318 1178 1372 1220 ad
1399 1178 1598 1220 ultimum
1616 1177 1765 1220 ballis-

367 1245 505 1277 tarum
535 1236 755 1277 tormentis
786 1235 975 1292 undique
1003 1236 1193 1292 petitam,
1216 1235 1380 1277 silicum
1407 1235 1562 1277 crebris
1588 1243 1632 1276 et
1656 1250 1765 1291 pon-

367 1293 526 1334 derosis
555 1293 796 1334 verberibus
828 1293 1112 1349 procubuisse,
1140 1293 1419 1349 omnibusque
1449 1301 1493 1335 et
1521 1292 1764 1334 cohortibus

367 1359 410 1392 et
437 1350 674 1406 legionibus
698 1350 788 1406 ipsa
810 1350 1065 1406 Carthagine
1089 1350 1221 1392 visam
1248 1350 1553 1392 terribiliorem.
1615 1349 1762 1406 Atque

366 1408 494 1449 etiam
525 1423 671 1449 cruore
705 1422 780 1449 suo
813 1408 1047 1464 gurgitibus
1079 1407 1264 1458 imbutis,
1286 1408 1556 1464 corporisque
1587 1407 1763 1449 iacentis

366 1464 562 1521 pestifero
590 1465 731 1506 affiatu
752 1465 889 1506 vicina
916 1465 1086 1522 regione
1114 1465 1287 1521 polluta,
1311 1466 1509 1507 Romana
1527 1463 1629 1505 inde
1649 1479 1763 1505 sum-

366 1522 542 1564 movisse
563 1530 706 1564 castra.
756 1521 874 1563 Dicit
895 1522 1035 1572 etiam,
1052 1522 1219 1563 belluae
1241 1522 1401 1563 corium
1422 1528 1596 1563 centum
1611 1521 1764 1578 viginti

364 1579 523 1635 pedum
543 1579 588 1620 in
608 1580 756 1621 urbem
777 1579 961 1621 missum.
1026 1580 1166 1622 Valer.
1190 1580 1321 1621 Mam.
1344 1580 1384 1621 I.
1404 1583 1443 1621 8.
1465 1586 1549 1623 ext.
1575 1582 1640 1622 19.
1689 1579 1760 1635 Cf.

365 1638 628 1680 Freinshem.
649 1638 866 1693 Supplem.
892 1653 989 1693 cap.
1017 1639 1081 1678 15.
1105 1652 1170 1692 sq.

880 1832 902 1854 ³*
919 1833 989 1872 Ex
1010 1832 1076 1874 lib.
1099 1831 1234 1873 XIX.

421 1921 557 1963 Tertii
577 1920 667 1963 ludi
689 1919 962 1977 (saeculares)
982 1920 1168 1970 fuerunt,
1187 1919 1364 1961 Antiate
1386 1920 1596 1977 Livioque
1617 1928 1761 1963 aucto-

361 1979 489 2029 ribus,
531 1978 579 2020 P.
616 1977 799 2019 Claudio
839 1977 1037 2027 Pulchro,
1080 1977 1129 2019 C.
1163 1976 1289 2018 Iunio
1329 1976 1455 2018 Pullo
1503 1977 1758 2020 consulibus.

368 2036 590 2077 Censorin.
614 2037 667 2076 de
688 2035 781 2076 Die
800 2035 909 2076 Nat.
933 2050 1030 2090 cap.
1051 2035 1116 2076 17.
1168 2035 1236 2089 Cf.
1254 2034 1517 2077 Freinshem.
1537 2035 1758 2091 Supplem.

363 2095 505 2189 callia-s?
514 2095 563 2189 in
585 2147 721 2197 Livio,
744 2147 872 2203 quod,
895 2162 1027 2203 quum
1050 2147 1224 2204 quidam
1252 2147 1430 2204 cupidus
1457 2147 1558 2189 belli
1583 2148 1761 2204 gerendi

361 2220 386 2247 a
406 2205 575 2246 tribuno
596 2204 729 2261 plebis
750 2213 972 2254 arceretur,
989 2220 1043 2246 ne
1065 2205 1157 2256 iret,
1174 2204 1311 2262 pullos
1331 2205 1451 2248 iussit
1471 2205 1620 2247 afferri.
1671 2205 1760 2256 Qui

361 2277 494 2319 quum
516 2262 658 2303 missas
679 2277 765 2303 non
787 2261 963 2303 ederent
983 2262 1136 2319 frugeS,
1159 2262 1338 2305 irridens
1363 2262 1510 2305 consul
1535 2263 1760 2320 augurium

361 2320 444 2361 ait:
495 2320 570 2361 Vel
600 2320 770 2367 bibant;
808 2327 849 2360 et
881 2333 951 2360 eos
984 2319 1030 2360 in
1063 2320 1254 2361 Tiberim
1286 2320 1587 2378 praecipitavit.
1649 2320 1757 2363 Inde

360 2376 536 2418 navibus
558 2377 690 2417 victor
709 2384 922 2417 revertens
942 2376 996 2418 ad
1017 2376 1205 2419 Africam
1234 2378 1280 2418 in
1305 2378 1410 2419 mari
1430 2393 1528 2420 cum
1548 2378 1756 2429 omnibus,

360 2449 466 2490 quos
498 2433 691 2483 ducebat,
725 2433 957 2474 exstinctus
990 2442 1063 2476 est.
1127 2436 1249 2477 Serv.
1279 2436 1340 2477 ad
1367 2436 1518 2493 Virgil.
1541 2435 1648 2478 Aen.
1681 2436 1755 2479 VI.

363 2494 456 2533 198.
527 2491 595 2546 Cf
614 2491 876 2533 Freinshem.
896 2492 1115 2548 Supplem.
1139 2507 1236 2548 cap.
1261 2495 1329 2534 21.

863 2685 885 2707 *
899 2687 970 2726 Ex
992 2687 1057 2728 lib.
1081 2687 1242 2729 XXII.

415 2772 473 2814 Et
517 2772 748 2829 reparando
794 2773 1015 2829 subgressu
1060 2789 1190 2815 manu
1238 2773 1355 2815 haud
1399 2787 1552 2830 magna
1593 2773 1753 2816 Alisfae

357 2830 535 2880 moenia,
554 2829 672 2886 quasi
687 2829 839 2886 -palans
859 2832 1123 2886 perveniens,
1141 2846 1194 2872 ex
1211 2830 1339 2888 opido
1358 2830 1498 2872 bellua
1513 2838 1755 2874 constructa

356 2888 622 2929 armamentis
650 2887 800 2943 erupit,
824 2903 950 2943 quam
979 2888 1125 2930 consul
1153 2889 1193 2930 vi
1222 2896 1401 2945 captam,
1424 2888 1656 2940 trucidatis,
1677 2889 1753 2946 qui

355 2945 399 2986 in
421 2960 471 2987 ea
490 2945 776 2994 constiterant,
799 2954 979 2988 reservat
1002 2946 1053 2987 ad
1076 2961 1273 3002 pugnam.
1332 2945 1417 2988 Sed
1437 2945 1621 3002 opidani,
1642 2947 1752 2989 sicut
