1888 3194
251 171 615 214 SYLLABUS
661 170 999 212 CODICUM
1044 171 1187 213 MSS.
1231 172 1421 215 LIVII.
1471 179 1552 217 441

164 262 331 304 thomae
368 263 419 304 ab
456 260 653 317 Epitome
695 260 817 302 solita
850 260 1040 317 paullum
1072 261 1325 317 discrepant.
1388 262 1440 303 In
1471 264 1555 306 fine

162 319 314 361 decimi
336 319 430 360 libri
452 317 674 374 Epitomae
695 317 839 359 solitae
867 317 1070 359 librorum
1091 317 1172 358 XI.
1196 333 1329 374 usque
1351 319 1405 360 ad
1427 319 1554 363 XXI.

161 376 362 417 inclusive
394 376 717 431 subiunguntur.
780 374 832 415 In
862 374 998 416 fronte
1027 375 1153 430 primi
1178 374 1267 416 folii
1296 390 1451 417 nomen
1474 377 1558 418 Ba-

159 433 274 474 ronis
296 432 427 489 ‘Say’
448 432 699 473 inscribitur.
763 431 974 473 Foliorum
1001 435 1095 473 168.

222 489 428 531 Continet
468 489 668 530 volumen
713 489 946 530 secundum
986 489 1114 530 libros
1154 488 1284 530 XXI.
1327 504 1460 545 usque
1501 491 1555 531 ad

162 545 315 588 XXX.
368 547 584 596 inclusive,
631 561 727 587 cum
777 546 1028 588 lectionibus
1077 546 1291 588 nonnullis
1343 547 1465 588 variis
1514 548 1558 588 in

162 604 350 660 margine
372 604 608 652 instructos,
630 603 825 644 foliorum
851 606 943 644 116.

220 661 414 702 Tertium
446 661 644 702 volumen
677 660 804 702 libros
839 660 1018 702 XXXI.
1054 675 1187 716 usque
1223 660 1278 702 ad
1311 660 1408 702 XL.
1444 676 1558 703 com-

161 717 372 775 plectitur,
415 718 566 760 omisso
607 727 748 759 tamen
791 717 999 759 tricesimo
1035 719 1185 767 terti03
1233 718 1353 759 deest
1387 734 1557 775 quoque

163 775 313 817 ultima
355 791 449 832 pars
489 775 798 832 quadragesimi
844 790 939 815 cum
981 775 1118 816 verbis
1169 775 1556 833 ‘conciliabulaque

165 832 417 875 ‘edixerunt
431 834 454 882 ς’
474 833 669 874 foliorum
696 836 787 874 111.
826 831 946 888 [277.
971 835 1067 875 278.
1092 832 1213 888 279.]

223 891 329 932 XII.
366 890 517 932 Codex
549 890 890 931 membranaceus
923 890 967 930 in
1000 889 1112 939 folio,
1139 890 1237 930 anni
1271 893 1392 931 1458.
1424 890 1557 933 nitide

164 957 371 997 exaratus,
394 958 436 989 et
457 947 597 1003 quoad
625 948 764 988 literas
793 947 972 988 initiales
999 947 1149 1003 pictus,
1173 962 1340 988 necnon
1366 948 1408 988 in
1437 948 1558 989 initio

99 1029 102 1033 ⁴
164 1005 425 1060 singulorum
458 1005 658 1045 librorum
693 1004 964 1053 illuminatus,
999 1018 1052 1045 ex
1086 1004 1198 1045 dono
1232 1004 1403 1045 Ricardi
1437 1004 1559 1046 Ffoxi

163 1061 466 1103 wintoniensis
486 1061 684 1117 Episcopi
703 1070 745 1102 et
762 1061 1025 1110 Fundatoris,
1044 1061 1087 1101 in
1105 1061 1360 1103 bibliotheca
1377 1061 1539 1119 Colle‹r
1512 1063 1558 1103 rii

167 1118 368 1174 Corporis
392 1118 552 1159 Christi
573 1127 816 1166 asservatus,
839 1118 1032 1159 foliorum
1053 1121 1148 1159 161.

225 1175 432 1217 Continet
453 1175 598 1216 decem
621 1175 779 1231 priores
800 1174 927 1216 libros
948 1190 1044 1215 cum
1070 1174 1226 1215 notulis
1248 1175 1558 1231 marginalibus,

164 1233 279 1274 haud
305 1242 452 1274 tamen
483 1232 631 1274 eadem
666 1247 807 1281 manu,
837 1233 1072 1282 instructos,
1102 1241 1144 1273 et
1170 1247 1266 1273 cum
1294 1232 1409 1273 brevi
1437 1247 1561 1288 argu-

165 1299 310 1332 mento
345 1290 521 1355 singulis
557 1290 763 1345 capitibus
803 1290 1003 1345 piaefixo.
1066 1288 1200 1330 Deest
1238 1288 1385 1330 folium
1426 1305 1559 1330 unum

163 1347 334 1389 initium
370 1347 494 1404 primi
530 1347 625 1388 libri
661 1347 894 1395 continens,
934 1347 1008 1403 qui
1043 1361 1140 1387 cum
1175 1346 1311 1388 verbis
1355 1346 1560 1388 ‘Mezen-

166 1410 178 1429 ‘
195 1405 386 1460 tiumque
407 1420 550 1461 regem
572 1404 735 1445 eorum'
756 1419 846 1460 cap.
871 1408 910 1445 2.
935 1404 1095 1459 incipit.

225 1461 277 1503 In
302 1462 385 1503 fine
413 1462 568 1503 codicis
600 1462 764 1517 legitur,
799 1467 810 1485 ‘
824 1461 913 1502 siti
949 1461 1058 1502 Livii
1090 1460 1308 1518 Hystorici
1341 1460 1557 1502 clarissimi

168 1520 220 1561 ab
248 1520 350 1560 urbe
378 1519 547 1560 condita
577 1518 682 1559 liber
709 1519 898 1560 decimus
930 1528 972 1560 et
1006 1518 1177 1559 ultimus
1199 1518 1374 1574 explicit
1394 1533 1470 1574 per
1490 1534 1557 1560 me

168 1577 407 1619 Antonium
446 1576 489 1617 F.
525 1576 731 1617 notarium
775 1576 842 1616 Μ0
854 1575 1039 1617 CCCC⁰
1048 1575 1128 1616 LV
1132 1575 1218 1617 ΙΙΙο
1253 1575 1322 1617 die
1357 1576 1558 1631 vlgesimo

168 1644 315 1676 octavo
337 1634 491 1675 mensis
513 1633 685 1690 Aprilis,
710 1633 922 1674 Ferrarie.’
956 1632 1033 1689 [E.
1057 1635 1094 1674 4.
1120 1632 1183 1689 8.]
