1888 3194
315 173 397 213 312
831 172 979 214 ΤΙΤΙ
1021 172 1201 214 LIVII

315 261 630 318 multorumque
673 277 720 303 ac
763 262 1071 318 praeclarorum
1112 263 1380 304 inventorum
1422 270 1596 318 parente
1637 276 1711 302 ex-

316 319 593 375 spectandum
633 328 706 361 est.
773 319 861 368 Qui
901 320 1077 376 quidem
1110 321 1173 361 vir
1208 320 1320 361 dono
1353 319 1538 385 quodam
1573 319 1711 375 provi-

317 376 486 418 dentiae
526 378 694 433 genitus
729 377 897 418 videtur
936 377 990 419 ad
1029 393 1143 419 sacra
1182 377 1483 434 omniparentis
1520 376 1710 418 Naturae

318 434 550 489 penetralia
588 435 921 490 pervestiganda,
963 435 1306 492 abditissimaque
1348 450 1438 476 elus
1477 449 1628 476 arcana
1667 433 1712 473 in

317 491 457 532 lucem
493 500 619 547 atque
660 492 705 532 in
745 501 936 547 apertum
975 492 1236 548 proferenda
1300 492 1446 548 Atque
1486 492 1591 532 haec
1627 491 1712 532 sin-

317 548 471 604 gularis
506 549 721 590 doctrinae
761 549 871 590 fama
910 549 964 589 ad
1004 549 1253 590 celebriores
1293 564 1425 605 usque
1459 548 1712 590 Academias

316 615 542 661 pervagata
560 621 647 646 non
667 606 789 646 latuit
809 606 1057 646 acerrimum
1079 605 1298 647 doctorum
1314 607 1497 647 virorum
1519 606 1712 647 aestima-

318 673 458 703 torum
487 662 754 704 Clementem
783 661 924 711 XIV.,
954 663 1028 717 qui
1060 677 1196 718 nuper
1227 678 1325 703 eum
1356 663 1584 704 Lectorum
1617 662 1711 704 albo

318 720 362 760 in
394 720 473 761 hoc
496 720 691 760 Romano
713 719 857 775 Lyceo
886 719 1153 759 annumerari
1181 734 1229 760 ac
1258 719 1482 761 Botanices
1512 720 1713 765 cathedra

318 776 581 818 cohonestari
611 776 741 816 iussit.
807 776 1094 824 Quamobrem
1116 776 1210 831 quis
1236 791 1324 817 non
1351 791 1517 817 mecum
1537 777 1711 832 optabit,

318 843 366 874 ut
397 833 488 874 talis
519 842 745 887 tantusque
766 833 830 873 vir
851 832 1029 874 Liviano
1059 833 1159 874 huic
1180 833 1311 874 foetui
1339 833 1471 888 magis
1498 833 1637 874 adhue
1666 833 1712 874 in

317 890 454 931 lucem
476 890 738 931 extrahendo
759 890 1002 931 obstetrices
1023 905 1172 931 manus
1192 890 1423 932 adhibeat?

378 947 647 988 Laetandum
663 947 826 988 interea
846 956 909 989 est
930 948 1125 989 omnibus
1146 957 1272 1004 atque
1292 947 1573 1004 gestiendum,
1596 948 1713 1004 quod

318 1014 403 1046 tam
443 1004 704 1061 praeclarum
742 1005 1038 1070 fragmentum,
1080 1013 1143 1046 tot
1183 1005 1443 1047 saeculorum
1483 1005 1617 1061 spatio
1657 1005 1712 1046 ad

317 1062 432 1103 hunc
474 1077 605 1118 usque
647 1062 761 1103 diem
801 1063 1053 1118 ignoratum,
1096 1063 1267 1104 tandem
1310 1062 1545 1104 Clementis
1585 1062 1709 1104 XIV.

317 1120 570 1176 principatu,
593 1120 667 1175 qui
697 1120 864 1161 beatam
884 1119 1118 1161 feliciorum
1141 1120 1326 1176 Augusti
1353 1136 1400 1162 ac
1422 1120 1580 1162 Leonis
1605 1130 1712 1162 tem-

316 1192 467 1242 pprum
489 1177 734 1218 memoriam
759 1177 987 1227 renovavit,
1009 1177 1053 1218 in
1079 1177 1267 1232 apricum
1287 1178 1456 1219 fortuna
1475 1177 1709 1233 protulerit,

317 1234 441 1290 eique
463 1250 506 1275 se
529 1244 729 1290 tanquam
751 1235 981 1276 ministram
998 1244 1041 1275 et
1057 1235 1211 1276 sociam
1233 1235 1472 1291 praebuerit
1487 1235 1541 1276 ad
1561 1234 1711 1277 biblio-

317 1291 464 1333 thecae
492 1291 722 1333 Vaticanae
750 1292 980 1333 claritatem
1014 1301 1057 1333 et
1087 1292 1263 1348 gloriam
1295 1293 1545 1349 augendam,
1567 1292 1711 1334 latius-

316 1364 400 1404 que
425 1349 749 1405 propagandam.
815 1349 923 1397 Quis
954 1349 1067 1390 enim
1099 1359 1184 1391 tam
1211 1350 1362 1406 hospes
1389 1365 1437 1391 ac
1463 1350 1710 1406 peregrinus

315 1406 361 1446 in
382 1407 484 1447 urbe
506 1416 581 1455 est,
604 1407 678 1463 qui
704 1406 876 1455 nesciat,
899 1415 1106 1461 quantum
1127 1407 1289 1448 decoris
1317 1415 1444 1463 atque
1472 1407 1710 1448 ornamenti

316 1463 401 1505 fere
423 1464 613 1519 quotidie
635 1464 773 1505 eidem
799 1463 1022 1513 addiderit,
1044 1479 1177 1519 quum
1205 1464 1382 1505 aliorum
1409 1464 1710 1505 immortalium

316 1521 586 1570 Pontificum,
624 1531 713 1562 tum
754 1536 973 1576 nunquam
1015 1521 1141 1562 etiam
1182 1521 1427 1563 interiturae
1468 1521 1708 1571 memoriae,

316 1578 464 1634 optimi
486 1579 743 1634 maximique
769 1578 1004 1619 Clementis
1025 1578 1152 1619 XIII.
1176 1579 1361 1635 vestigiis
1385 1578 1593 1629 insistens,
1615 1578 1710 1635 pul-

315 1635 521 1676 cherrima
559 1650 814 1691 papyrorum
854 1635 1102 1677 collectione
1138 1636 1221 1677 iam
1257 1636 1449 1678 instituta
1487 1637 1710 1701 insigniter

315 1702 448 1742 aezluct1,
485 1693 709 1749 multiplici
745 1692 1004 1735 Graecorum
1038 1693 1373 1749 Latinorumque
1406 1694 1707 1736 numismatum

314 1760 440 1806 atque
482 1765 576 1790 aere
617 1765 809 1791 cusarum
850 1751 1081 1806 imaginum
1128 1751 1248 1807 copia
1290 1751 1391 1792 illuc
1435 1751 1613 1801 invecta,
1659 1766 1708 1793 ac

313 1807 498 1863 denique
527 1808 744 1848 rarissimis
771 1808 1094 1864 cuiusquemodi
1121 1809 1382 1864 antiquitatis
1409 1809 1706 1858 monumentis,

314 1865 466 1920 quibus
487 1879 578 1905 eam
601 1865 933 1906 admirandum
923 1881 967 1906 111
996 1865 1168 1906 modum
1197 1866 1316 1907 auxit
1336 1881 1383 1907 ac
1404 1866 1708 1931 locupletavit?

316 1923 381 1963 Ac
413 1923 531 1978 quasi
561 1924 671 1963 intra
700 1922 977 1964 bibliothecae
1009 1923 1161 1964 limites
1189 1923 1372 1964 maxima
1399 1924 1571 1964 maximi
1593 1923 1707 1964 Pon-

315 1979 436 2020 tificis
473 1979 762 2020 munificentia
793 1980 1000 2020 contineri
1033 1995 1120 2020 non
1155 1990 1306 2035 posset,
1343 1995 1563 2036 erumpere
1598 1980 1707 2022 foras

314 2036 445 2076 voluit
477 2045 604 2091 atque
637 2036 865 2077 exteliores
899 2036 1025 2077 etiam
1061 2037 1240 2092 palietes
1275 2037 1497 2078 innumero
1531 2037 1707 2094 inscrip-

313 2093 476 2134 tionum
498 2107 674 2134 numero
696 2093 808 2134 unde
831 2093 944 2134 unde
966 2093 1294 2149 conquisitarum
1315 2109 1530 2135 exornare.
1577 2094 1707 2143 Quod

314 2149 527 2190 eruditum
568 2159 908 2191 ornamentorum
944 2165 1089 2206 genus,
1127 2166 1213 2206 quo
1248 2151 1431 2192 maxima
1465 2166 1559 2207 pars
1593 2151 1706 2193 illius

314 2206 553 2256 ambulacri,
576 2222 660 2262 quo
687 2207 731 2247 in
758 2207 1095 2248 bibliothecam
1086 2223 1295 2264 lngressus
1324 2218 1452 2264 patet,
1481 2209 1705 2250 convestiri

312 2263 465 2319 coepit,
489 2264 611 2305 tacite
634 2264 947 2320 quodammodo
974 2265 1123 2306 invitat
1153 2281 1200 2306 ac
1229 2281 1358 2307 manu
1382 2265 1500 2307 ducit
1526 2266 1581 2307 ad
1608 2281 1705 2323 pro-

313 2321 408 2376 pius
437 2321 676 2361 aedificium
708 2336 853 2362 iccens
883 2331 1142 2363 exstructum
1175 2323 1499 2379 inspiciendum,
1521 2324 1640 2365 cuius
1669 2324 1703 2365 si

313 2377 688 2442 pulchritudinem,
707 2378 969 2434 dignitatem,
996 2380 1255 2421 maiestatem
1287 2380 1528 2436 praedicare
1558 2396 1704 2436 aggre-

313 2435 416 2484 diar,
439 2434 528 2476 dies
559 2450 624 2476 me
654 2435 788 2485 citius,
812 2451 939 2492 quam
959 2437 1085 2478 verba
1106 2437 1317 2479 deficient.
1380 2437 1446 2479 Ibi
1466 2437 1701 2488 columnae,

313 2492 574 2541 emblemata,
597 2507 740 2542 mnae,
764 2502 1008 2544 toreumata,
1031 2495 1288 2560 sarcophagi,
1305 2494 1567 2541 candelabra,
1584 2495 1704 2550 signa

313 2565 366 2590 ex
396 2564 615 2599 marmore,
638 2560 710 2591 aut
739 2565 833 2591 aere
864 2566 994 2607 prope
1025 2552 1236 2607 spirantia,
1258 2551 1575 2607 diligentissime
1601 2567 1703 2593 con-

312 2607 466 2661 quisita
497 2615 541 2647 et
573 2607 959 2649 munificentissime
993 2618 1242 2664 comparata,
1274 2609 1431 2663 regiam
1466 2607 1702 2650 Clementis

312 2663 435 2705 XIV.
471 2664 816 2714 munificentiam,
851 2665 1187 2721 optimarumque
1221 2665 1372 2706 artium
1404 2665 1699 2721 patrocinium,

311 2720 424 2785 apud
464 2729 771 2776 consequentes
811 2736 956 2763 omnes
996 2731 1152 2763 aetates
1187 2722 1500 2777 praedicabunt.
1577 2723 1699 2771 Quae

309 2778 450 2819 omnia
477 2793 609 2834 quum
637 2787 753 2834 gesta
778 2779 829 2820 ab
855 2795 905 2820 eo
932 2779 1028 2829 sint,
1051 2795 1135 2835 quo
1157 2788 1343 2835 tempore
1364 2780 1699 2845 gravissimorum

307 2835 572 2891 negotiorum
605 2836 728 2886 mole,
761 2851 887 2891 quarn
921 2837 1026 2877 miro
1062 2851 1228 2892 prorsus
1264 2837 1460 2893 exemplo
1495 2839 1699 2879 sustinere

307 2892 417 2935 solus
450 2893 587 2949 coepit
621 2908 667 2934 ac
703 2908 826 2949 porro
861 2894 1010 2949 pergit,
1046 2903 1208 2935 tautum
1245 2910 1331 2935 non
1367 2904 1427 2936 cst
1464 2910 1697 2951 oppressus,
