1888 3194
362 181 440 219 126
871 175 1019 218 ΤῙΤΙ
1061 175 1239 218 LIVII

150 283 195 314 U.
212 282 251 314 c.
274 281 348 320 583·
359 268 507 310 decem
528 267 658 309 millia
677 267 779 310 levis
804 276 1035 310 armaturae
1063 268 1263 309 iuvenum
1284 281 1381 308 curn
1402 265 1509 307 duce
1531 264 1750 321 Asclepio-
1767 283 1778 304 ι

149 326 191 357 A.
215 326 255 357 C.
279 323 348 366 169.

150 368 288 398 Perseus

149 410 256 441 aditus
272 420 322 440 oc-

151 456 259 493 cupat.

233 738 271 776 3.

155 803 308 835 Macedo-

155 856 242 876 niam
253 856 352 885 lngre-

155 888 242 918 ditur
258 889 344 918 Mar-

105 937 108 940 *
154 930 232 961 cius.

361 325 462 368 doto
483 325 634 368 mittit:
668 325 721 367 ad
741 325 971 375 castellum,
993 325 1108 382 quod
1136 340 1260 382 super
1281 323 1533 366 Ascuridem
1552 322 1751 379 paludem

361 391 463 433 erat,
485 383 722 440 (Lapathus
749 393 920 425 vocatur
946 383 1081 438 locus)
1103 382 1283 439 Hippias
1312 390 1454 422 tenere
1482 380 1633 422 saltum
1653 395 1751 422 cum

362 441 586 483 duodecim
608 441 785 481 millium
807 440 1092 482 Macedonum
1113 440 1320 496 praesidio
1336 440 1481 480 iussus.
1543 437 1639 495 Ipse
1653 451 1751 478 cum

362 498 534 555 reliquis
566 499 696 555 copiis
725 499 859 554 primo
890 498 999 539 circa
1029 497 1162 538 Dium
1192 497 1339 538 stativa
1368 496 1537 537 habuit:
1580 494 1749 544 deinde,

363 556 469 598 adeo
490 565 537 598 ut
557 556 815 612 obtorpuisse
843 555 964 610 inops
988 555 1149 596 consilii
1174 554 1397 603 videretur,
1420 569 1516 595 cum
1537 552 1750 609 equitibus

363 613 571 670 expeditis
591 613 712 654 litore
735 628 847 654 nunc
866 612 1133 661 Heracleum,
1148 627 1261 652 nunc
1283 611 1448 653 Philam
1469 610 1749 668 percurrebat,

364 671 513 712 eodem
535 671 633 712 inde
655 686 779 712 cursu
802 670 935 711 Dium
956 679 1164 725 repetens.

423 728 599 770 Interim
639 728 801 769 consuli
841 727 1049 768 sententia
1089 726 1203 767 stetit
1243 741 1293 767 eo
1333 726 1438 767 saltu
1474 726 1640 776 ducere,
1676 724 1781 766 ubiz

364 795 536 842 propter
573 785 886 841 Ortholophum
926 784 1111 825 diximus
1150 783 1258 838 regis
1297 783 1470 823 castra*.
1531 782 1752 824 Praemitti

367 853 507 884 tamen
529 851 726 899 quattuor
750 842 879 882 millia
903 850 1155 882 armatorum
1181 840 1234 881 ad
1260 840 1350 881 loca
1378 848 1614 896 opportuna
1632 854 1751 896 prae-

366 901 611 956 occupanda
636 899 817 956 placuit:
857 899 950 954 quis
980 898 1204 954 praepositi
1235 906 1334 939 sunt
1364 897 1426 938 M.
1449 896 1664 947 Claudius,
1695 896 1748 946 Q.

367 957 553 999 Marcius
589 957 770 999 consulis
805 956 926 997 filius.
992 956 1226 997 Confestim
1267 965 1310 996 et
1349 955 1566 996 universae
1606 954 1752 1011 copiae

365 1015 660 1072 sequebantur.
725 1014 926 1056 Ceterum
948 1013 1053 1055 adeo
1074 1013 1203 1055 ardua
1223 1022 1265 1054 et
1285 1027 1429 1069 aspera
1449 1021 1492 1054 et
1511 1012 1753 1066 confragosa

365 1074 433 1115 via
461 1073 553 1123 fuit,
587 1082 635 1114 ut
666 1072 880 1129 praemissi
912 1071 1101 1128 expediti
1135 1071 1264 1112 biduo
1295 1070 1538 1126 quindecim
1573 1069 1751 1111 millium

344 1146 561 1186 ⁴passuum
594 1145 715 1186 aegre
748 1130 896 1171 itinere
930 1129 1120 1170 confecto
1153 1137 1287 1169 castra
1317 1128 1557 1184 posuerint:
1603 1127 1782 1168 turrim3

366 1188 568 1238 Eudieru,
591 1203 719 1244 quem
739 1203 899 1244 cepere,
921 1186 1059 1228 locum
1082 1186 1305 1242 appellant.
1367 1185 1473 1227 Inde
1494 1193 1661 1241 postero
1681 1184 1750 1225 die

365 1254 525 1302 septem
547 1246 678 1287 millia
696 1245 913 1301 progressi,
932 1243 1095 1285 tumulo
1111 1244 1225 1285 haud
1241 1242 1388 1300 procul
1408 1243 1593 1284 hostium
1610 1242 1751 1284 castris
1763 1251 1783 1279 4

365 1312 500 1360 capto,
533 1304 729 1344 nuntium
763 1302 816 1344 ad
848 1301 1061 1343 consulem
1094 1302 1339 1342 remittunt:
1381 1300 1666 1342 ‘Perventum
1697 1299 1751 1342 ad

366 1361 556 1403 ‘hostem
584 1376 697 1402 esse:
731 1360 822 1401 loco
855 1375 897 1401 se
932 1369 1022 1401 tuto
1055 1368 1097 1400 et
1129 1359 1182 1400 ad
1215 1359 1355 1400 omnia
1384 1367 1621 1415 opportuno
1651 1372 1752 1399 con-

367 1419 576 1468 ‘sedisse3
622 1427 680 1467 ut,
716 1426 919 1473 quantum
956 1417 1183 1458 extendere
1219 1417 1298 1457 iter
1332 1425 1483 1472 posset,
1521 1430 1753 1471 conseque-

367 1477 532 1518 ‘retun’
594 1476 780 1517 Sollicito
806 1474 965 1517 consuli
994 1483 1036 1515 et
1065 1481 1235 1530 propter
1261 1473 1421 1514 itineris
1448 1473 1750 1522 difficultatem,

366 1534 481 1590 quod
513 1534 721 1590 ingressus
753 1545 853 1582 erat,
888 1541 930 1574 et
962 1547 1106 1573 eorum
1138 1532 1286 1581 vicem,
1319 1546 1424 1587 quos
1454 1545 1610 1587 paucos
1641 1531 1752 1571 inter

366 1592 505 1633 media
526 1591 730 1647 praesidia
746 1591 929 1631 hostium
945 1589 1226 1645 praemiserat,
1244 1589 1416 1630 nuntius
1432 1588 1485 1630 ad
1500 1587 1751 1629 Ascuridem

365 1649 560 1706 paludem
611 1649 802 1689 occurrit.
866 1647 1028 1688 Addita
1077 1647 1204 1702 igitur
1252 1655 1294 1687 et
1342 1646 1423 1702 ipsi
1470 1645 1626 1687 fiducia
1675 1653 1749 1695 est,

366 1706 684 1762 coniunctisque
727 1705 868 1761 copiis,
906 1712 1038 1746 castra
1078 1703 1253 1754 tumulo,
1291 1704 1364 1760 qui
1399 1704 1632 1753 tenebatur,
1668 1718 1753 1758 qua

365 1764 626 1820 aptissimum
661 1763 715 1804 ad
748 1762 829 1804 loci
869 1772 1060 1803 naturam
1100 1771 1200 1811 erat,
1238 1771 1336 1803 sunt
1375 1761 1587 1803 acclinata.
1650 1760 1752 1802 Non

365 1822 549 1863 hostium
589 1821 716 1862 modo
755 1830 899 1870 castra,
937 1835 1043 1875 quae
1084 1819 1224 1875 paullo
1264 1819 1358 1875 plus
1399 1819 1512 1860 mille
1556 1834 1753 1875 passuum

367 1880 550 1930 aberant,
569 1879 643 1920 sed
664 1879 799 1920 omnis
819 1878 934 1934 regio
956 1877 1008 1918 ad
1026 1877 1159 1918 Dium
1181 1885 1224 1918 et
1239 1876 1418 1927 Philam,
1436 1891 1591 1932 oraque
1612 1876 1749 1925 maris,

413 2055 425 2075 1
451 2047 566 2077 Decem
604 2046 705 2075 millia
739 2046 817 2076 lez-is
849 2049 1037 2075 armaturae

366 2089 536 2125 iuvenum]
564 2087 649 2118 Dele
671 2087 803 2117 otiosam
822 2097 932 2117 vocem
950 2088 1036 2117 iuve-

366 2141 454 2161 num.
501 2129 574 2160 Nisi
595 2129 676 2160 forte
696 2129 782 2159 illius
804 2130 874 2159 loco
896 2128 958 2158 fuit
982 2138 1035 2158 no-

366 2183 441 2203 men
462 2172 577 2212 gentis,
592 2182 803 2211 quaecunque
826 2172 956 2201 tandem
980 2171 1037 2200 illa

367 2216 428 2246 sit:
457 2218 493 2244 ut
517 2214 550 2244 in
575 2215 675 2244 altero
704 2214 873 2254 praesidio,
897 2223 1036 2253 quocum

367 2268 443 2288 mox
475 2257 617 2296 Hippias
647 2257 763 2287 dicitur
792 2257 895 2287 iussus
928 2259 1037 2286 tenere

367 2301 485 2330 saltum
515 2300 556 2330 ad
587 2300 807 2339 Lapathunta,
837 2299 953 2329 diserte
982 2309 1036 2328 ex-

369 2342 518 2382 primitur
547 2342 629 2372 illud
659 2342 753 2372 fuisse
783 2342 945 2372 duodecim
970 2341 1036 2371 mil-

368 2387 447 2416 lium
462 2386 686 2416 Macedonum.
711 2385 817 2415 ΟΜΝ.

413 2437 430 2457 2
451 2429 482 2458 U
482 2428 514 2457 'bi
518 2431 650 2466 propter
661 2427 889 2466 Ortlzoloplzum
899 2427 1037 2457 diximus

368 2471 452 2510 reyis
476 2471 598 2508 castra]
629 2469 764 2500 Subiicit
790 2469 935 2509 Sigonius
959 2470 1037 2499 1)]ιὲ-

370 2513 454 2552 lippi
467 2513 586 2550 fuisse,
609 2515 641 2542 et
665 2513 818 2542 lectorem
841 2511 975 2541 remittit
998 2512 1039 2541 ad

369 2555 458 2585 xxxi.
485 2553 533 2594 36.
557 2554 612 2584 uhi
631 2565 740 2584 revera
758 2554 913 2593 reperitur
932 2564 1038 2593 pugna

370 2596 524 2637 equestris
543 2597 584 2627 ad
602 2597 840 2636 Ortholophum
858 2596 940 2626 inter
962 2596 1037 2626 Phi-

370 2640 497 2680 lippum
534 2649 651 2678 regem,
681 2643 713 2669 et
748 2639 926 2678 Sulpicium
966 2649 1037 2668 con-

370 2683 473 2713 sulem
492 2681 685 2712 Romanum.
733 2682 795 2712 Sed
812 2681 836 2712 si
852 2681 922 2720 quis
938 2685 1038 2711 totam

370 2724 584 2756 narrationem
605 2734 709 2754 rerum
728 2735 747 2754 a
763 2723 906 2763 Sulpicio
928 2724 1036 2754 adver-

371 2777 424 2798 sus
449 2767 641 2806 Philippum
665 2770 824 2805 gestarum
850 2767 961 2796 sedulo
986 2777 1038 2796 cx-

373 2809 528 2849 penderit,
538 2809 633 2839 facile
645 2809 879 2839 animadvertet
891 2809 1039 2840 Ortholo-

372 2852 474 2892 phuni
511 2851 590 2882 libro
629 2852 716 2882 xxxi.
748 2855 959 2882 memoratum
998 2852 1038 2881 ad

372 2894 542 2924 occiduum
576 2894 789 2924 Macedoniae
822 2895 907 2924 latus
943 2894 1040 2924 situm

371 2937 478 2975 fuisse,
498 2947 535 2968 ac
557 2937 650 2976 longe
672 2937 789 2968 afuisse
805 2937 845 2967 ab
868 2937 1040 2972 Heracleo,

1081 2046 1113 2073 et
1136 2043 1245 2080 Phila,
1263 2046 1295 2073 et
1317 2042 1394 2079 Dio,
1411 2053 1494 2082 quae
1516 2042 1620 2082 prima
1641 2042 1751 2073 Mace-

1081 2085 1196 2116 doniae
1218 2085 1339 2125 oppida
1358 2084 1410 2115 hic
1427 2085 1552 2116 Marcio
1569 2095 1586 2115 e
1601 2084 1682 2124 iugis
1697 2085 1751 2115 de-

1080 2137 1184 2167 gresso
1206 2132 1385 2158 occurrunt.
1431 2128 1495 2158 Vel
1518 2127 1614 2168 igitur
1629 2128 1752 2167 duplex

1081 2171 1170 2201 locus
1188 2170 1250 2201 fuit
1271 2171 1324 2210 qui
1342 2170 1536 2210 Ortholophi
1559 2180 1676 2201 nomen
1695 2169 1751 2200 ha-

1081 2214 1181 2250 beret,
1204 2213 1286 2244 alter
1314 2213 1347 2243 in
1378 2212 1581 2250 Dassaretiis,
1605 2213 1688 2244 alter
1716 2212 1751 2243 in

1083 2256 1200 2286 finibus
1214 2256 1426 2286 Perrhaebiae
1438 2269 1446 2293 ;
1462 2256 1512 2286 vel
1527 2255 1580 2286 hic
1595 2256 1751 2286 mendum

1080 2299 1317 2337 agnoscendum
1341 2302 1397 2329 est.
1443 2299 1539 2335 Quae
1555 2299 1682 2335 desunt,
1697 2308 1749 2328 ex-

1082 2342 1170 2380 plere
1191 2352 1254 2371 non
1271 2345 1442 2372 tentamus.
1488 2341 1624 2380 Regem,
1640 2338 1750 2371 tamen

1083 2384 1172 2414 cuius
1197 2383 1250 2414 hic
1276 2383 1398 2414 mentio
1427 2384 1475 2421 fit,
1499 2383 1607 2423 potius
1634 2383 1751 2414 Persea

1081 2426 1178 2457 fuisse
1215 2427 1385 2465 credimus,
1414 2436 1512 2466 quam
1547 2425 1751 2466 Philippum.

1082 2469 1187 2500 (ἷκεν.

1126 2520 1142 2549 3
1170 2513 1296 2542 Turrim
1313 2512 1481 2550 Eudieru]
1506 2511 1540 2542 Si
1557 2510 1638 2541 nihil
1655 2513 1702 2541 est
1716 2510 1749 2541 in

1081 2554 1142 2584 hoc
1166 2554 1296 2584 nomine
1318 2554 1398 2591 vitii,
1421 2553 1566 2594 intellige
1588 2553 1752 2584 Graecum

1082 2606 1149 2627 esse
1157 2597 1349 2627 vocabulum
1359 2597 1392 2626 in
1404 2596 1507 2635 patrio
1514 2606 1600 2634 casu,
1608 2595 1752 2636 εὐδιεροῦ.

1083 2639 1188 2679 Διερὸς
1200 2639 1362 2670 humidus.
1388 2639 1505 2678 Itaque
1515 2639 1609 2669 turris
1619 2638 1752 2678 εὐδιεροῦ

1084 2682 1170 2712 dicta
1185 2682 1280 2712 fuerit
1295 2683 1335 2713 ab
1351 2681 1546 2712 amoenitate
1561 2685 1593 2712 et
1607 2680 1751 2712 bonitate

1083 2734 1249 2764 aquarum.
1274 2726 1381 2757 CREV.

1126 2779 1145 2804 4
1167 2769 1271 2798 Hand
1302 2766 1419 2807 procul
1451 2766 1586 2797 hostium
1617 2766 1746 2804 castris]

1085 2809 1198 2840 Castra
1221 2810 1278 2841 illa
1304 2809 1441 2840 hostium
1467 2808 1611 2848 intellige
1633 2808 1749 2848 praesi-

1083 2852 1171 2882 dium
1189 2852 1418 2889 Macedonum,
1434 2851 1484 2881 cui
1501 2855 1644 2890 praeerat
1666 2850 1749 2891 Hip-

1085 2894 1164 2934 pias,
1180 2898 1214 2925 ut
1232 2899 1320 2935 patet
1337 2905 1375 2926 ex
1394 2904 1420 2926 c.
1436 2903 1501 2933 seq.
1524 2893 1630 2926 Ciu-w.
