1888 3194
642 181 933 220 INDEX.

141 260 329 298 oppugnant
358 257 476 288 frustra
508 265 615 287 arcem
646 256 767 287 Roma-

141 310 216 331 nam
232 310 283 340 43.
311 299 512 340 repelluntur
526 307 576 339 47.
603 298 767 339 paciscun-

141 345 194 374 tur
219 353 291 374 cum
318 341 475 374 Romanis
497 341 547 379 48.
582 351 639 372 vae
665 340 767 377 victis,

140 384 217 417 ibid.
251 386 328 416 dum
352 383 548 424 appenditur
570 393 696 421 aurum,
720 383 767 413 in-

139 427 277 458 tervenit
298 427 457 459 Camillus
479 426 625 464 dictator,
651 436 768 474 eosque

139 479 282 510 pugnare
297 470 398 508 iubet,
412 473 444 500 et
459 469 558 500 vincit
573 479 623 511 49.
649 468 767 499 iterum

140 522 195 544 eos
216 513 334 550 caedit,
354 512 400 543 ita
421 516 458 542 ut
481 523 522 543 ne
545 511 678 542 nuntius
700 512 767 551 qui-

140 555 214 586 dem
241 555 388 595 supersit,
413 554 490 586 ibid.
527 554 617 586 Galli
643 564 767 585 rursum

139 597 311 629 vincuntur
331 608 352 629 a
366 598 507 630 Camillo
523 597 554 635 6,
570 607 620 636 42.
649 598 691 628 ad
707 602 767 628 ter-

139 640 221 672 tium
253 641 408 681 lapidem,
437 641 560 672 Salaria
591 640 652 678 via,
681 644 769 671 trans

138 687 272 724 pontem
288 684 422 715 Anienis
438 687 541 714 castra
555 683 675 714 habent
693 690 722 722 7,
737 692 766 725 9.

138 730 213 766 post
236 736 364 758 caesum
387 737 407 757 a
427 726 467 758 T.
481 726 608 757 Manlio
631 726 767 757 Gallum

139 769 258 800 eximia
287 769 426 810 corporis
457 769 691 809 magnitudine,
721 778 767 799 re-

139 811 291 852 linquunt
306 812 431 852 trepide
445 816 548 843 castra
563 821 642 854 9—1
652 821 678 842 1.
704 811 769 842 alia

139 864 214 886 eum
231 855 338 886 Gallis
357 855 443 885 bella
461 865 490 891 2,
510 863 642 894 12—15,
662 863 712 894 23,
729 864 768 892 24

139 901 172 928 et
189 905 238 937 25.
263 898 295 936 8,
315 907 363 929 20.
395 902 620 937 strategemate
642 897 680 929 C.
697 897 768 929 Sul-

138 940 216 980 picii
231 940 395 972 dictatoris
410 941 588 972 caeduntur
606 948 634 980 7,
654 950 703 978 14,
722 949 769 979 15.

137 983 365 1024 aggrediuntur
391 988 492 1014 castra
520 984 616 1014 Rom.
644 988 675 1014 et
703 983 769 1014 vin-

139 1030 256 1057 cuntur
272 1035 321 1058 22.
344 1030 470 1066 petunt,
483 1025 577 1063 caesi,
589 1036 695 1056 arcem
712 1026 767 1056 Al-

138 1069 254 1100 banam
270 1078 318 1107 ²4·
342 1079 381 1099 ex
393 1069 528 1099 Albanis
538 1069 701 1099 montibus
714 1078 770 1108 per

138 1121 270 1151 campos
291 1111 516 1151 maritimaque
537 1112 609 1142 loca
625 1111 694 1151 vagi
714 1121 768 1151 po-

137 1154 292 1194 pulantur
308 1162 357 1194 25.
387 1154 557 1184 vincuntur
573 1152 620 1185 26.
647 1153 767 1193 ingenti

137 1196 282 1228 exercitu
296 1196 375 1227 fines
386 1197 607 1235 ingrediuntur
619 1196 768 1226 Etrusco-

137 1249 209 1270 rum
229 1249 277 1277 10,
296 1249 343 1271 10.
366 1250 400 1270 se
417 1239 562 1270 Etruscis
576 1238 769 1270 militaturos

137 1282 344 1323 promittunt,
359 1283 385 1313 si
401 1282 434 1313 in
450 1286 574 1322 partem
597 1281 663 1322 agri
686 1282 767 1313 acci-

138 1324 279 1365 piantur,
298 1325 375 1357 ibid.
408 1335 481 1356 cum
504 1325 542 1356 iis
564 1325 769 1365 paciscuntur

140 1367 280 1407 Etrusci,
307 1372 344 1399 ut
381 1368 476 1400 simul
507 1378 580 1398 cum
612 1367 770 1399 Romanis

138 1411 308 1449 bellarent,
322 1411 399 1442 ibid.
426 1421 535 1442 eorum
551 1411 674 1441 auxilia
688 1420 768 1441 mer-

139 1454 218 1484 cede
254 1453 425 1485 sollicitata
456 1464 476 1484 a
505 1453 704 1485 Samnitibus
736 1457 769 1484 et

140 1495 289 1527 Etruriae
308 1496 438 1537 populis
457 1496 504 1528 18.
535 1506 608 1527 cum
627 1496 770 1527 Etruscis

139 1539 262 1570 bellum
278 1539 456 1570 instaurant
474 1549 523 1570 21.
547 1539 657 1570 delent
672 1539 769 1578 legio-

139 1591 214 1613 nem
231 1582 414 1613 Romanam
433 1580 481 1613 26.
513 1581 671 1622 proelium
695 1591 768 1613 cum

140 1624 298 1656 Romanis
318 1633 368 1664 27.
397 1625 516 1656 essedis
538 1624 697 1664 carrisque
719 1635 769 1655 su-

139 1671 319 1708 perstantes
344 1667 470 1704 armati,
495 1668 715 1698 Romanorum
739 1677 770 1698 e-

139 1720 220 1751 quos
245 1714 427 1742 conterrent
453 1715 485 1741 et
511 1711 542 1741 in
570 1711 679 1750 fugam
701 1720 768 1741 ver-

138 1756 224 1792 tunt,
245 1754 321 1786 ibid.
354 1754 524 1784 vincuntur
551 1753 583 1783 in
611 1753 769 1784 Sentinati

138 1806 214 1836 agro
239 1806 288 1838 29.
321 1797 490 1828 Gallorum
518 1796 550 1827 in
577 1796 685 1834 Italia,
711 1797 769 1827 sub

138 1839 232 1870 initia
253 1839 330 1871 belli
355 1839 576 1876 Hannibalici,
597 1844 703 1869 motus
720 1848 770 1876 21,

141 1890 180 1922 25
197 1886 229 1913 et
246 1881 294 1914 26.
325 1886 358 1914 et
380 1882 492 1913 incerti
516 1893 554 1912 ac
577 1882 770 1912 fluctuantes

138 1925 238 1955 animi
255 1934 295 1966 39
311 1929 343 1956 et
360 1935 409 1965 52.
435 1935 485 1962 22,
502 1934 527 1956 1.
552 1924 640 1956 Galli
654 1924 769 1955 Trans„

137 1967 241 2008 alpini
256 1969 372 1998 frustra
393 1968 608 1998 sollicitantur
622 1977 641 1998 a
658 1967 770 2008 legatis

139 2010 237 2042 Rom.
269 2015 380 2042 contra
411 2011 537 2042 Poenos
565 2020 615 2046 21,
643 2019 692 2041 20.
729 2011 769 2041 ab

139 2052 328 2084 Hannibale
351 2053 465 2094 partim
485 2053 577 2084 donis
595 2053 769 2090 conciliati,

138 2096 257 2137 partim
285 2096 315 2126 vi
342 2096 416 2127 victi
441 2105 478 2135 23
503 2100 535 2127 et
560 2105 610 2134 24,
635 2096 768 2127 26—28.

141 2139 401 2170 Placentinorum
438 2144 470 2170 et
502 2138 767 2171 Cremonensium

138 2191 230 2222 agros
245 2186 370 2213 vastant
388 2183 438 2219 28,
457 2191 503 2214 11.
530 2182 770 2212 tumultuantur

138 2229 270 2256 auctore
301 2225 489 2256 Hamilcare
519 2233 570 2263 31,
602 2234 648 2256 10.
695 2224 768 2254 diri-

140 2267 235 2308 piunt
254 2271 287 2298 et
304 2267 481 2300 incendunt
497 2267 710 2304 Placentiam,
726 2267 767 2298 ib.

139 2309 273 2341 traiecto
297 2310 388 2342 Pado
412 2314 547 2351 pergunt
573 2311 614 2341 ad
637 2310 767 2342 Cremo-

140 2362 215 2384 nam
231 2352 456 2393 diripiendam,
472 2353 547 2384 ibid.
573 2363 682 2384 eorum
699 2363 768 2384 cae*

139 2405 176 2426 sa
200 2399 233 2426 et
259 2399 355 2436 capta
376 2406 474 2436 supra
495 2396 636 2436 quinque
659 2400 691 2427 et
715 2395 768 2426 tri-

138 2437 229 2479 ginta
250 2437 355 2469 millia
374 2448 447 2469 cum
463 2438 559 2478 signis
579 2438 769 2469 militaribus

139 2480 303 2521 octoginta
316 2490 365 2512 21.
388 2481 528 2512 caedunt
541 2482 706 2512 Romanos
717 2490 768 2520 32,

143 2530 172 2564 7.
196 2524 237 2555 de
252 2523 291 2555 iis
307 2524 489 2564 triumphus
505 2533 556 2563 33,
574 2533 622 2563 23.
653 2523 767 2554 iterum

139 2566 295 2598 deficiunt
310 2571 343 2598 et
360 2566 530 2598 vincuntur
542 2565 591 2606 36.
616 2566 648 2597 in
662 2566 768 2597 Vene-

139 2608 219 2640 tiam
241 2610 423 2650 transgressi
448 2619 500 2652 39,
524 2619 572 2640 22.
599 2609 768 2650 expellun-

139 2654 194 2683 tur
211 2662 232 2683 a
247 2653 404 2684 Romanis
420 2661 470 2692 54.
502 2652 651 2693 legationi
673 2662 768 2692 super

141 2704 181 2726 ea
203 2705 237 2727 re
262 2695 377 2727 missae
399 2696 440 2726 ad
461 2695 691 2736 Transalpinos
715 2706 768 2735 po-

141 2737 237 2778 pulos
250 2738 387 2779 benigne
404 2739 627 2779 respondetur,
645 2738 721 2770 ibid.
738 2742 770 2768 ct

143 2786 194 2819 55.
216 2780 455 2821 depopulantur
469 2781 641 2813 Thraciam
655 2792 706 2819 44,
720 2788 769 2820 27.

143 2821 315 2854 Gallorum
333 2833 447 2855 manus
462 2824 493 2855 in
513 2823 694 2864 Hercynios
709 2824 768 2854 sul-

143 2868 196 2895 tus
209 2864 306 2896 mim
317 2867 644 2905 5,34.081101·111η’111
660 2866 768 2897 Asiam

143 2906 358 2947 118ηώ111138,
371 2908 418 2940 16.
441 2908 643 2948 Gallograeci
659 2909 768 2940 dicun·

144 2954 198 2981 tur
216 2958 262 2990 17.
293 2950 461 2982 Gallorum
485 2951 641 2982 auxilium
658 2961 678 2983 a
695 2952 768 2982 Per-

853 265 907 286 seo
926 266 984 296 per
996 255 1164 288 avaritiam
1179 255 1345 288 dimissum
1361 269 1413 297 44,
1430 265 1479 299 27.

853 308 964 329 eorum
986 298 1071 330 acies
1093 299 1144 338 38,
1165 297 1214 330 26.
1248 309 1338 330 arma
1358 310 1395 331 22
1399 300 1479 340 ,4.6

852 340 971 380 38,17.
1001 342 1134 372 castella
1148 341 1386 381 duodetriginta
1399 324 1480 374 ’defi—

853 382 943 414 ciunt
964 384 1006 414 ad
1029 384 1195 415 Romanos
1214 393 1266 423 33,
1283 383 1332 423 36.
1364 385 1482 417 Gallus

854 429 886 456 et
912 425 1011 456 Galla
1037 426 1100 457 vivi
1126 426 1334 458 defodiuntur
1357 436 1407 465 22,
1431 435 1481 468 57.

854 468 956 506 Galli,
973 479 1051 508 gens
1072 469 1189 507 mollis,
1204 469 1305 506 ferox,
1320 473 1353 500 et
1367 470 1481 501 avidis-

853 511 934 542 sima
948 511 1016 542 auri
1034 521 1083 549 21,
1101 521 1130 549 2,
1144 521 1192 543 20.
1215 512 1254 542 iis
1269 522 1402 552 procera
1417 523 1482 543 cor-

854 564 943 594 pora,
959 554 1132 594 promissae
1155 558 1188 585 et
1205 555 1355 586 rutilatae
1371 565 1482 586 comae

854 597 905 635 38,
922 604 968 636 17.
992 607 1125 637 corpora
1140 597 1423 628 intolerantissima
1438 598 1482 628 la-

853 640 937 670 boris
959 644 1056 680 atque
1077 643 1184 671 aestus
1209 649 1257 678 10,
1276 640 1327 671 28.
1357 640 1483 671 humori

854 686 886 714 et
901 682 1006 722 frigori
1022 687 1149 714 assueta
1165 691 1195 722 5,
1211 693 1260 724 49.
1292 693 1425 723 corpora
1445 683 1484 713 iis

854 729 887 757 et
901 725 1000 757 animi
1016 735 1133 766 magna
1151 727 1263 766 magis,
1278 736 1375 766 quam
1391 726 1484 756 firma

855 778 885 808 5,
901 778 951 807 42.
981 769 1098 800 molles
1118 769 1160 800 ad
1175 769 1292 799 laboris
1306 769 1484 809 longaeque

856 811 924 842 viae
940 811 1049 842 taedia
1064 821 1116 849 22,
1133 821 1161 843 2.
1193 821 1302 842 eorum
1323 811 1437 842 mollia
1451 815 1484 842 et

855 854 954 885 fluida
970 864 1113 894 corpora,
1125 853 1258 885 minime
1274 854 1431 894 patientia
1445 854 1484 885 si-

855 897 906 935 tis,
923 898 1012 928 labor
1032 902 1064 928 et
1084 901 1191 928 aestus
1206 897 1362 928 decedere
1378 907 1486 938 pugna

855 940 939 980 cogit
955 949 1007 978 34,
1022 947 1072 980 47.
1101 939 1205 980 prima
1227 950 1336 971 eorum
1361 940 1484 988 proelia

856 983 939 1023 plus,
955 993 1052 1022 quam
1070 983 1220 1021 virorum,
1243 986 1404 1022 postrema
1425 982 1484 1013 mi-

855 1036 926 1060 nus.
943 1035 1039 1065 quam
1055 1025 1247 1056 feminarum
1267 1035 1315 1063 10,
1333 1026 1381 1056 28.
1406 1025 1485 1056 Gal-

856 1068 891 1106 11,
913 1078 990 1108 gens
1012 1072 1088 1099 nata
1110 1068 1142 1098 in
1162 1078 1260 1099 vanos
1279 1049 1440 1099 tiimultus
1455 1076 1485 1107 5,

856 1118 895 1150 37
919 1115 951 1142 et
974 1119 1024 1152 39.
1049 1111 1087 1142 cf.
1107 1115 1139 1141 et
1163 1111 1214 1149 38,
1239 1119 1285 1151 ¹7·
1320 1111 1485 1151 haudqua-

855 1163 951 1227 ‘effl
970 1153 1357 1227 issegcfii‘Z-Yfiuffifflssinussss
1370 1153 1486 1227 .ἱίῃέῗί

857 1248 907 1276 21,
930 1248 980 1270 20.
1010 1249 1106 1279 super
1127 1238 1317 1270 umbilicum
1341 1242 1486 1279 pugnant

854 1281 932 1312 nudi
951 1291 1001 1318 22,
1017 1280 1068 1319 46.
1092 1282 1144 1320 38,
1162 1291 1209 1312 21.
1241 1291 1281 1312 ex
1301 1282 1393 1312 calva
1415 1281 1485 1312 hos-

854 1324 936 1355 tium
959 1325 1078 1364 pocula
1097 1323 1220 1354 faciunt
1238 1333 1288 1363 23,
1306 1334 1355 1362 24.
1380 1324 1485 1355 ferita-

854 1371 920 1398 tem
937 1377 1011 1398 cum
1028 1368 1119 1398 coelo
1134 1371 1262 1397 mutant
1278 1367 1330 1405 38,
1351 1374 1397 1406 17.

813 1409 930 1441 Gallae
947 1409 1114 1441 cuiusdam
1132 1409 1256 1440 fac-inus
1272 1410 1325 1448 38,
1342 1419 1391 1448 24.

813 1452 978 1484 Gallicum
994 1463 1107 1484 aurum
1123 1452 1278 1483 occultari
1293 1463 1313 1483 a
1326 1452 1488 1490 Patribus,

855 1496 1042 1527 criminatur
1058 1496 1105 1527 M.
1119 1495 1264 1527 Manlius
1279 1493 1311 1533 6,
1330 1505 1376 1534 14.

813 1538 962 1570 Gallicus
987 1549 1072 1579 ager,
1098 1538 1153 1578 qui
1184 1538 1356 1569 Gallorum
1389 1538 1487 1570 Seno-

855 1592 933 1612 num
954 1581 1070 1619 fuerat,
1085 1581 1202 1612 viritim
1227 1581 1349 1621 populo
1369 1581 1488 1613 divisus

858 1633 908 1663 23,
929 1633 976 1662 14.
1000 1633 1052 1665 39,
1069 1635 1118 1662 44.
1142 1633 1194 1662 42,
1211 1634 1239 1662 4.
1271 1623 1421 1655 Gallicus
1438 1627 1487 1655 tu·

855 1667 980 1697 multus
999 1675 1027 1706 7,
1042 1676 1062 1708 9
1077 1670 1109 1697 et
1130 1676 1141 1696 1
1152 1676 1176 1698 1.

815 1709 1039 1749 Gallograecia
1055 1717 1106 1748 37,
1123 1710 1152 1740 8.
1176 1709 1229 1748 38,
1248 1719 1294 1741 12.

814 1752 1036 1793 Gallograecis
1057 1752 1180 1783 bellum
1204 1752 1299 1783 infert
1315 1752 1375 1784 Cn.
1393 1753 1486 1784 Man-

856 1795 917 1826 lius
933 1806 996 1827 cos.
1014 1795 1065 1834 38,
1085 1805 1133 1833 12,
1154 1803 1188 1834 15
1206 1799 1238 1825 et
1255 1803 1301 1834 17.
1325 1794 1394 1826 eius
1408 1795 1488 1826 belli

854 1843 943 1877 gesta
959 1839 1091 1878 18—27.
1115 1848 1178 1878 pax
1195 1837 1234 1868 iis
1248 1838 1324 1868 data
1339 1847 1379 1877 37
1392 1842 1425 1869 et
1437 1848 1488 1876 40.

854 1882 896 1912 de
911 1881 949 1911 iis
964 1881 1148 1921 triumphus
1164 1889 1215 1922 39,
1227 1879 1257 1912 6.
1282 1880 1487 1921 Gallograeci

856 1924 980 1964 equites
992 1932 1044 1963 37,
1057 1933 1107 1962 40.
1129 1923 1414 1963 Gallograecorum
1428 1924 1487 1954 ori-

854 1977 894 2006 go
911 1967 963 2005 38,
983 1965 1028 1998 16.
1054 1967 1156 1997 forma
1170 1971 1203 1997 et
1218 1976 1322 1996 mores
1343 1974 1389 2005 17.
1415 1967 1486 1997 ulu-

856 2010 940 2040 latus
970 2013 1001 2040 et
1032 2013 1146 2040 cantus
1171 2009 1301 2047 dissoni,
1322 2008 1398 2040 ibid.
1433 2010 1486 2040 tri-

856 2052 967 2092 pudia,
983 2051 1058 2083 ibid.
1090 2051 1224 2092 perfidia
1241 2060 1290 2090 25.
1317 2051 1418 2092 reguli
1435 2052 1487 2092 38,

813 2104 1033 2178 Gzirgvmedes,
1075 2138 1255 2178 praefectus
1295 2137 1486 2175 Ptolemaei,

855 2182 962 2221 prodit
990 2181 1144 2222 Philippo
1168 2181 1298 2212 Aenum
1328 2179 1484 2221 oppidum

856 2232 908 2261 31,
928 2223 975 2255 16.

813 2265 1028 2298 Garamantes
1044 2276 1095 2308 29,
1111 2275 1161 2306 33.

813 2308 995 2347 Garitenes,
1010 2309 1125 2350 hospes
1141 2308 1299 2349 Philippi,
1313 2309 1354 2339 ab
1375 2319 1413 2340 eo
1433 2319 1483 2340 oc-

855 2352 938 2383 cisus
954 2361 1006 2391 32,
1023 2362 1072 2384 21.

813 2394 940 2433 Garuli,
957 2395 1105 2435 Liguriae
1122 2395 1235 2435 populi
1252 2405 1304 2434 41,
1322 2403 1370 2434 23.

812 2438 873 2470 Cn.
887 2438 1048 2469 Gavillius
1065 2438 1280 2478 Aquileiensis
1295 2446 1347 2476 41,
1362 2447 1392 2479 9.

813 2480 850 2512 L.
868 2481 1042 2520 Gavillius,
1057 2481 1134 2512 ibid.

813 2523 987 2562 Gaulotus,
1030 2525 1158 2565 regulus
1194 2523 1480 2564 Gallograecorum

855 2566 1105 2608 TectosagssmJ,
1107 2568 1139 2605 8,
1158 2577 1204 2608 ¹9·
1345 2577 1354 2585 ·

813 2607 1002 2649 Gaureleos,
1025 2577 1136 2651 port3us
1157 2609 1256 2641 Andri
1282 2609 1406 2641 insulae
1429 2618 1481 2649 31,

814 2662 955 2733 (1841111111,
969 2705 1061 2727 mons
1075 2696 1107 2727 in
1125 2695 1306 2736 Campania
1325 2703 1353 2735 7,
1370 2703 1420 2734 32.

814 2737 950 2778 Geganii
981 2749 1021 2769 ex
1054 2739 1189 2770 Albanis
1219 2738 1417 2779 principibus
1446 2737 1477 2767 in

858 2781 970 2812 Patres
985 2781 1060 2813 lecti
1081 2792 1107 2818 1
1124 2791 1173 2821 30.

814 2823 851 2855 L.
865 2824 1040 2863 Geganius,
1054 2805 1126 2856 trib.
1139 2823 1232 2855 milit.
1249 2822 1405 2854 consulari
1423 2832 1477 2863 po—

855 2870 970 2898 testate
985 2866 1016 2905 6,
1034 2877 1083 2907 31.

814 2909 862 2941 M.
873 2909 1050 2949 Geganius,
1061 2909 1132 2940 trib.
1145 2908 1238 2939 milit.
1251 2905 1408 2939 consulari
1421 2916 1474 2947 po-

854 2956 971 2982 testate
986 2950 1017 2987 6
1032 2960 1082 2989 ⁴²·
