1888 3194
557 188 682 231 LIB.
716 188 837 230 XLI.
881 188 1028 230 CAR
1496 195 1521 234 9

136 281 312 324 docebat
340 280 478 331 etiam,
511 286 524 305 ‘
541 280 587 323 Si
615 281 792 323 victores
827 279 936 330 Istri,
968 205 1121 345 quibus
1155 279 1280 321 armis
1315 280 1581 337 cepissentU.
1598 293 1636 325 c.

139 345 307 389 ‘casn-a,
332 338 481 380 iisdem
506 347 628 395 capta
651 338 830 380 retinere
859 338 904 379 in
931 338 1072 380 animo
1099 337 1314 387 haberent,
1340 336 1575 394 primumA·
1600 337 1638 368 C.

138 402 336 438 ‘exutum
367 396 510 438 castris
539 397 702 438 hostem
733 396 786 437 ad
817 411 928 437 mare
959 404 1249 452 persecuturos
1278 395 1417 445 fuisse,
1449 396 1524 437 de-

136 453 259 495 ‘inde
290 454 488 496 stationes
513 463 624 496 certe
652 469 728 511 pro
754 453 862 495 vallo
889 453 1129 494 habituros.
1162 468 1260 494 vmo
1291 467 1522 510 somnoque

136 511 382 553 ‘verisimile
404 527 492 554 esse
513 527 668 554 mersos
689 512 834 553 iacere.
839 512 848 528 '
911 511 997 552 Sub
1018 510 1122 552 haec
1144 510 1197 551 A.
1219 510 1522 552 Baeculonium
1613 513 1652 551 4.

103 568 375 635 8signiferum
408 584 543 620 suum,
569 579 692 611 notae
717 568 973 611 fortitudinis
996 568 1145 617 vuum,
1172 568 1324 610 inferre
1355 569 1522 625 signum

135 626 263 668 iussit.
324 626 416 677 Ille,
448 628 479 669 si
512 643 644 669 unum
675 642 717 668 se
749 636 1035 683 sequerentur,
1068 641 1152 682 quo
1183 626 1359 667 celerius
1389 627 1521 676 fieret,

101 683 338 728 9facturum
368 684 497 727 dixit.
541 685 833 741 connisusque,
865 699 997 741 quum
1029 694 1141 725 nans
1170 677 1324 725 vallum
1355 684 1520 741 signum
1535 689 1684 729 Recupe-

133 742 374 792 traiecisset,
396 744 554 800 primus
579 743 767 785 omnium
794 752 956 799 portam
977 742 1156 783 intravit.
1221 741 1277 783 Et
1304 751 1420 798 parte
1442 742 1523 783 alia
1534 737 1606 764 rant
1619 737 1735 765 castra.

134 799 186 842 T.
204 809 248 842 et
277 799 327 842 C.
348 801 474 852 Aelii,
501 801 658 843 tribuni
686 800 867 842 militum
895 800 1039 841 tertiae
1064 799 1254 856 legionis,
1280 815 1376 842 cum
1402 800 1522 856 equi-

135 866 223 900 tatu
264 857 504 901 adveniunt.
570 858 818 907 Confestim,
860 867 903 900 et
942 873 1047 914 quos
1087 858 1206 899 binos
1248 858 1437 899 oneraria
1476 857 1520 899 in

134 915 323 958 iumenta
352 917 647 974 imposuerant,
679 916 824 966 secuti,
851 924 892 958 et
923 915 1068 957 consul
1096 931 1190 957 eum
1222 924 1310 957 toto
1341 916 1521 972 agmine.

134 974 197 1016 At
237 973 437 1016 Istrorum
478 990 613 1032 paucl,
655 974 728 1031 qui
769 973 931 1015 modice
972 973 1107 1015 vinosi
1147 983 1277 1024 erant,
1318 989 1524 1016 memores

133 1030 297 1073 fuerant
313 1032 459 1088 fugae;
492 1032 582 1074 aliis
603 1047 748 1074 somno
770 1047 878 1073 mors
900 1031 1143 1072 continuata
1159 1041 1241 1073 est:
1276 1031 1523 1088 integraque

133 1103 208 1131 sua
227 1089 368 1131 omnia
359 1065 585 1140 ⁰R0mani,
612 1098 904 1146 praeteiquam
927 1088 1041 1144 quod
1062 1089 1148 1129 vini
1169 1089 1336 1155 cibique
1359 1090 1525 1131 absum-

134 1155 252 1204 ptum
270 1156 371 1198 erat,
388 1157 647 1204 receperunt.
711 1147 844 1203 Aeori
861 1161 1029 1203 quoque
1047 1146 1211 1196 milites,
1231 1147 1303 1203 qui
1320 1147 1364 1187 in
1381 1147 1525 1188 castris

134 1203 267 1246 relicti
288 1205 465 1256 fuerant,
488 1215 708 1271 postquam
730 1205 840 1246 intra
861 1203 1013 1246 vallum
1035 1220 1130 1246 suos
1151 1214 1382 1255 senserunt,
1401 1204 1524 1246 armis

133 1263 320 1319 arreptis,
343 1263 514 1305 caedem
536 1264 751 1328 ingentem
780 1262 981 1304 fecerunt.
1043 1264 1159 1304 Ante
1185 1277 1329 1304 omnes
1350 1262 1524 1320 insignis

134 1335 260 1377 opera
280 1320 360 1363 fuit
383 1321 432 1363 C.
452 1321 622 1378 Popillii
644 1320 807 1378 equitis.
873 1319 1039 1362 Sabello
1056 1335 1289 1377 cognomen
1307 1329 1405 1362 erat.
1469 1320 1523 1370 Is,

134 1378 241 1436 pede
262 1379 402 1421 saucio
427 1379 608 1429 relictus,
631 1379 754 1436 longe
782 1378 984 1436 plurimos
1011 1378 1194 1419 hostium
1224 1378 1388 1420 occidit.
1456 1377 1525 1419 Ad

134 1445 229 1478 octo
254 1436 383 1478 millia
410 1437 611 1479 Istrorum
637 1447 734 1478 sunt
762 1452 892 1487 caesa,
922 1447 1067 1492 eaptus
1095 1451 1234 1486 nemo,
1264 1437 1363 1493 quia
1393 1437 1453 1478 ira
1483 1444 1526 1478 et

134 1494 399 1552 indignatio
389 1510 653 1537 unmemores
666 1494 844 1552 praedae
861 1494 969 1536 fecit.
1035 1493 1129 1535 Rex
1150 1503 1289 1536 tamen
1308 1494 1389 1536 Ist1
1391 1509 1523 1544 orum,

135 1553 389 1595 temulentus
410 1569 461 1595 cx
488 1553 693 1603 convivio,
716 1553 867 1610 raptim
889 1568 912 1593 a
937 1552 1020 1594 suis
1041 1552 1084 1592 in
1113 1568 1269 1608 equum
1292 1553 1523 1609 impositus,

133 1610 251 1667 fugit.
314 1610 381 1652 Ex
411 1611 634 1653 victoribus
661 1611 833 1653 ducenti
859 1610 1042 1676 triginta.
1056 1619 1216 1666 septem
1246 1610 1399 1652 milites
1428 1625 1524 1667 per-

134 1646 284 1718 ierunt,
303 1668 470 1725 plures
462 1685 505 1710 m
526 1669 732 1710 matutina
751 1669 862 1725 fuga,
885 1683 1011 1724 quam
1033 1668 1076 1708 in
1092 1668 1344 1724 recipiendis
1365 1668 1519 1710 castris.

107 1744 119 1764 ι
193 1725 315 1768 Forte
338 1726 395 1767 ita
411 1727 563 1776 evenit,
586 1736 632 1767 ut
655 1727 733 1768 Cn.
758 1736 801 1768 et
820 1726 870 1767 L.
889 1725 1073 1775 Gavillii,
1096 1726 1250 1767 novelli
1272 1726 1523 1783 Aquileien-
1614 1724 1653 1764 5.

135 1799 211 1834 ses,
233 1799 329 1826 cum
350 1793 584 1826 commeatu
615 1784 843 1833 venientes,
867 1783 999 1839 ignari
1021 1798 1149 1839 prope
1179 1783 1223 1824 in
1249 1794 1370 1840 capta
1390 1793 1523 1825 castra

135 1842 186 1883 ab
208 1841 323 1883 Istris
344 1842 589 1883 inciderent.
652 1841 701 1891 li,
724 1857 855 1897 quum
884 1840 1139 1897 Aquileiam,
1162 1840 1316 1883 relictis
1344 1841 1521 1898 impedi·
1535 1848 1651 1880 Terror
1666 1847 1734 1880 Ro-

134 1899 299 1949 mentis,
328 1899 588 1955 refugissent,
618 1899 758 1940 omnia
789 1908 941 1940 terrore
974 1913 1020 1939 ac
1048 1898 1244 1949 tumultu,
1274 1915 1359 1940 non
1385 1900 1524 1956 Aqui·
1536 1902 1618 1923 ΜΟ·

105 1956 238 1998 2leiae
261 1956 399 2006 modo,
421 1956 494 1998 sed
523 1956 684 1998 Romae
706 1971 876 2013 quoque
898 1965 991 2012 post
1019 1971 1173 2012 paucos
1200 1956 1301 2006 dics,
1324 1957 1525 2014 impleve-

133 2023 257 2056 runt:
291 2030 388 2071 qu0‚
411 2030 497 2056 non
518 2024 639 2071 capta
667 2023 829 2056 tantum
852 2023 984 2055 castra
1005 2014 1056 2055 ab
1082 2013 1283 2065 hostibus,
1306 2030 1384 2056 nec
1412 2015 1523 2071 fuga,

133 2087 241 2130 quae
272 2088 370 2114 vera
399 2082 530 2122 olant,
563 2072 636 2114 sed
666 2072 849 2128 perditas
880 2087 944 2113 res
980 2071 1254 2128 deletumque
1291 2073 1525 2114 exercitum

102 2146 314 2181 somnem,
337 2130 509 2172 allatum
537 2140 610 2172 est.
674 2130 836 2187 Itaque,
864 2129 1020 2186 quod
1010 2145 1054 2171 ln
1084 2129 1268 2171 tumultu
1289 2130 1379 2172 fieri
1404 2130 1523 2182 solet,

1660 303 1734 333 54.

1665 336 1735 368 18.

1665 344 1700 376 ΣΙ
1660 299 1699 333 ἓν,Υ

175 2261 194 2291 8
217 2261 415 2301 Signiferum
445 2262 556 2299 snrmz]
592 2261 745 2292 Dukerus
771 2272 804 2292 se
849 2261 944 2293 lerius
960 2261 1084 2300 signum
1102 2261 1281 2300 inferretur,
1297 2262 1446 2294 efficeret.

133 2314 196 2335 non
220 2304 399 2343 intelligere
421 2304 478 2341 ait,
498 2315 554 2334 cur
577 2304 723 2334 tribunus
746 2305 803 2335 mi-
896 2314 906 2335 1
944 2306 1072 2336 Novelli
1103 2306 1343 2346 .‹lq⁷1ileienses]
1388 2307 1434 2338 Ut
1469 2307 1524 2347 qui

133 2347 225 2378 litum
245 2347 477 2378 Baeculonium
502 2347 685 2385 signiferum
709 2358 802 2378 suum

132 2390 358 2430 appellaverit,
383 2401 454 2420 eum
483 2390 513 2420 in
543 2401 735 2429 unaquaque
762 2391 803 2421 le-

131 2433 226 2473 gione
247 2437 295 2463 tot
316 2438 419 2463 essent
442 2432 592 2470 signiferi,
613 2439 690 2472 quot
714 2433 803 2473 signa

132 2476 199 2507 sive
214 2476 384 2516 manipuli,
400 2481 431 2506 ct
448 2476 565 2506 tribuni
586 2476 725 2506 militum
743 2476 802 2506 toti

133 2518 249 2557 legioni
264 2525 454 2558 praeessent.
490 2519 586 2549 lluud
602 2518 727 2555 solman
742 2530 801 2549 vox

131 2572 211 2593 suns
227 2561 287 2592 hoc
305 2562 374 2592 loco
391 2562 573 2600 signifi-rum
600 2562 690 2592 illum
709 2563 805 2592 ‹leno-

133 2608 191 2642 tet,
218 2605 272 2644 qui
305 2605 448 2645 proxime
473 2604 635 2635 tribunum
664 2604 803 2635 militum

133 2648 247 2678 stabat.

175 2701 196 2732 9
219 2692 395 2722 I'acturum
425 2691 523 2728 dimit]
560 2692 737 2727 ltu-,turum
761 2702 802 2721 sc.

133 2732 256 2773 signum
277 2733 306 2764 in
329 2738 431 2764 castra
454 2733 604 2768 bostium,
622 2734 650 2762 (“
657 2733 805 2764 ronovius

134 2777 327 2811 emendavit,
344 2777 392 2807 eui
411 2777 592 2807 Crevitriiis
608 2782 639 2806 et
659 2776 803 2807 Draken-

135 2819 281 2850 bon-hin.-
296 2820 520 2859 astipulantur.
566 2821 592 2849 (“
595 2825 646 2849 et(
650 2830 716 2849 rum
732 2820 804 2857 snc-

135 2866 243 2892 lurnm
260 2862 304 2892 ita
322 2868 434 2899 vertas,
450 2862 669 2893 centurionem
688 2862 805 2892 dixisse

135 2914 168 2935 se
182 2904 303 2944 aliquid
323 2907 481 2936 liu-turum
499 2916 578 2939 esse,
591 2906 688 2945 quod,
705 2910 737 2935 ut
755 2916 802 2936 ce-

848 2352 953 2378 essent
969 2360 986 2378 e
1003 2348 1125 2378 colonis
1140 2353 1215 2378 ante
1231 2349 1404 2379 triennium
1423 2350 1523 2390 Aqui-

849 2391 942 2421 lciam
958 2391 1116 2427 deductis,
1130 2396 1165 2421 ut
1180 2392 1244 2422 Iac.
1261 2392 1424 2422 Gronovio
1439 2393 1523 2424 vide-

847 2438 907 2464 tur.
930 2435 969 2464 cf.
989 2445 1074 2473 supr.
1099 2434 1142 2465 xl.
1167 2443 1217 2472 34.
1264 2436 1416 2466 Ceterum
1442 2436 1522 2467 Nie-

848 2476 960 2507 1›11rhio
974 2487 1081 2507 vocem
1096 2478 1212 2508 novelli
1224 2488 1400 2517 cognomen
1411 2479 1523 2510 Gavil-

848 2520 960 2549 lioruni
972 2519 1075 2559 gentis
1085 2520 1180 2550 fuisse
1192 2521 1308 2560 placet.
1335 2522 1373 2551 cf.
1388 2521 1522 2554 Niebhr.

851 2572 882 2593 n.
901 2573 938 2599 n..
950 2572 1020 2603 595.

895 2615 909 2635 τ
935 2607 998 2636 Sed
1016 2607 1134 2636 Romae
1153 2617 1277 2646 qunque
1301 2630 1307 2637 .
1327 2630 1334 2637 .
1352 2631 1359 2638 .
1376 2608 1524 2647 impleve-

849 2648 942 2687 runt]
970 2649 1045 2679 Non
1059 2650 1143 2688 quod
1164 2649 1301 2679 Romam
1318 2651 1449 2689 profecti
1462 2651 1524 2681 sint

850 2691 880 2721 hi
906 2691 1054 2727 (huillii,
1077 2693 1130 2722 sed
1156 2692 1241 2730 quod
1267 2702 1374 2722 rumor
1396 2694 1436 2723 ab
1460 2694 1524 2724 illis

848 2744 976 2773 sparsus
994 2735 1141 2774 Aquileia
1160 2735 1298 2765 Romam
1319 2736 1403 2766 brevi
1422 2738 1522 2776 perla-

848 2783 900 2807 tus
916 2777 1019 2808 fucrit.
1048 2777 1189 2808 [mmm.

893 2829 909 2858 3
936 2822 1027 2858 Quod
1048 2822 1080 2851 in
1106 2821 1264 2859 tmnulm]
1291 2822 1330 2852 cf.
1353 2822 1446 2861 Supr.
1470 2821 1521 2853 vii.

849 2874 878 2903 ί).
