1888 3194
323 153 402 192 136
824 151 974 193 TITI
1013 150 1192 193 LIVII

112 250 155 282 U.
172 251 210 295 C.
233 251 304 290 583·
317 241 591 297 praetervecti
613 241 666 282 ad
687 241 832 283 Iolcon
854 242 1024 283 classem
1053 242 1333 299 appulerunt3
1365 241 1478 292 inde,
1501 255 1600 298 agro
1620 254 1710 282 vas-

109 294 148 323 A.
173 294 211 324 C.
236 292 305 335 169·
319 307 418 348 tato,
442 298 758 340 Demetriadem
781 314 950 355 quoque
972 300 1216 355 aggressuri.

176 361 240 400 13.
378 355 495 397 Inter
521 355 625 396 haec
652 365 695 397 et
722 356 881 406 consul,
903 372 957 397 ne
988 357 1126 412 segnis
1156 356 1321 397 sederet
1349 364 1511 397 tantum
1539 354 1583 394 in
1612 368 1711 410 agro

319 413 493 462 hostico,
528 412 590 453 M.
610 412 839 469 Popillium
871 428 967 454 cum
1000 414 1188 470 quinque
1222 413 1405 454 millibus
1441 411 1622 452 militum
1657 409 1712 451 ad

320 469 577 512 Meliboeam
605 471 752 511 urbem
781 470 1108 526 oppugnandam
1136 471 1274 511 mittit.
1341 469 1430 511 Sita
1453 469 1581 510 estin
1601 467 1713 509 radi-

319 527 436 568 cibus
466 526 597 568 Ossae
630 526 795 576 montis,
825 542 909 582 qua
939 536 1056 582 parte
1089 528 1133 567 in
1167 526 1426 567 Thessaliam
1459 525 1605 581 vergit,
1634 539 1711 580 op-

319 593 498 639 portune
529 583 752 624 imminens
779 599 904 639 super
924 583 1253 625 Demetriadem.
1317 583 1483 624 Primus
1507 582 1712 623 adventus

320 641 503 682 hostium
538 640 717 696 perculit
751 640 908 681 incolas
942 641 1049 681 loci:
1088 640 1272 681 collectis
1307 639 1461 680 deinde
1497 655 1551 680 ex
1586 654 1712 680 neco-

319 698 463 753 pinato
513 712 665 752 pavore
711 697 873 746 animis,
915 697 1155 738 discurrunt
1196 696 1344 737 armati
1386 696 1440 737 ad
1483 704 1622 752 portas
1663 710 1712 736 ac

320 755 500 803 moenia,
523 769 607 809 qua
626 753 806 809 suspecti
832 753 969 794 aditus
997 762 1141 795 erant:
1175 768 1377 808 spemque
1406 752 1619 808 extemplo
1646 753 1713 793 in-

319 811 526 859 ciderunt,
549 811 641 866 capi
673 810 809 865 primo
840 810 1001 866 impetu
1032 825 1164 866 posse.
1230 809 1406 851 Obsidio
1436 809 1564 865 igitur
1593 823 1713 865 para-

321 869 454 917 batur,
497 876 540 908 et
585 881 712 922 opera
757 867 1119 922 oppugnationum
1164 866 1255 907 fieri
1301 875 1459 922 coepta.
1521 866 1711 916 Perseus,

321 940 452 980 quum
485 924 682 973 audisset,
708 923 832 964 simul
862 923 1120 965 Meliboeam
1153 939 1177 965 a
1209 924 1390 965 consulis
1422 923 1610 964 exercitu
1637 938 1714 979 op-

319 981 510 1037 pugnari,
542 980 666 1022 simul
698 981 869 1022 classem
902 980 1004 1022 Iolci
1034 990 1155 1030 stare,
1188 990 1234 1022 ut
1264 981 1363 1022 inde
1395 980 1713 1021 Demetriadem

320 1038 629 1095 aggrederetur,
654 1037 973 1094 Euphranorem
994 1038 1206 1094 quendam
1235 1053 1288 1079 ex
1312 1038 1490 1078 ducibus
1517 1052 1615 1078 cum
1639 1036 1714 1079 de-

320 1096 437 1137 lectis
472 1095 635 1136 duobus
671 1095 854 1136 millibus
890 1095 1146 1137 Meliboeam
1189 1095 1328 1136 mittit.
1392 1094 1544 1135 Eidem
1581 1094 1714 1150 impe-

321 1162 471 1202 ratum,
506 1161 564 1201 ut,
593 1153 627 1193 si
660 1167 684 1192 a
717 1151 932 1193 Meliboea
966 1152 1256 1193 summovisset
1291 1152 1518 1201 Romanos,
1553 1151 1713 1192 Deme-

323 1210 496 1251 triadem
528 1209 644 1265 prius
674 1209 838 1250 occulto
869 1209 1018 1250 itinere
1050 1209 1236 1259 intraret,
1268 1224 1395 1264 quam
1431 1209 1482 1249 ab
1514 1208 1628 1249 Iolco
1659 1208 1714 1250 ad

322 1267 469 1308 urbem
502 1275 634 1307 castra
664 1275 883 1307 moverent
916 1266 1110 1307 Romani.
1175 1266 1230 1307 Et
1265 1267 1317 1307 ab
1354 1265 1714 1321 oppugnatoribus

323 1323 575 1373 Meliboeae,
598 1338 728 1379 quum
751 1323 793 1363 in
816 1324 1096 1379 superioribus
1121 1323 1221 1364 locis
1245 1332 1419 1379 repente
1441 1322 1712 1378 apparuisset,

322 1396 419 1421 cum
436 1381 714 1436 trepidatione
737 1380 868 1421 multa
883 1380 1027 1421 relicta
1043 1395 1168 1437 opera
1184 1389 1293 1430 sunt,
1312 1380 1504 1436 ignisque
1521 1379 1711 1421 iniectus.

323 1437 389 1478 Ita
420 1453 445 1478 a
477 1437 692 1478 Meliboea
723 1438 956 1478 abscessum
988 1446 1062 1479 est.
1125 1437 1389 1493 Euphranor,
1423 1436 1558 1478 soluta
1588 1436 1714 1478 unius

324 1495 436 1536 urbis
463 1494 695 1544 obsidione,
718 1494 1035 1535 Demetriadem
1066 1494 1279 1550 extemplo
1307 1494 1435 1535 ducit.
1500 1493 1594 1535 Nec
1623 1502 1713 1535 tum

323 1551 489 1593 moenia
521 1551 658 1600 modo,
693 1551 767 1592 sed
798 1566 916 1607 agros
948 1551 1075 1592 etiam
1111 1551 1378 1592 confiderunt
1409 1566 1452 1591 se
1485 1566 1509 1591 a
1540 1549 1746 1606 popula-9

322 1609 505 1649 tionibus
527 1609 634 1649 tueri
656 1623 787 1664 posse,
806 1617 848 1649 et
869 1609 1111 1664 eruptiones
1133 1609 1177 1648 in
1194 1623 1319 1664 vagos
1341 1607 1606 1663 populatores
1627 1623 1715 1649 non

321 1666 409 1706 sine
438 1665 681 1706 vulneribus
708 1665 889 1706 hostium
918 1665 1050 1706 factae
1082 1674 1191 1706 sunt.
1257 1664 1542 1706 Circumvecti
1572 1673 1713 1707 tamen

321 1723 487 1764 moenia
513 1731 611 1763 sunt
638 1731 803 1778 praetor
833 1732 875 1763 et
901 1737 989 1772 rex,
1011 1723 1138 1763 situm
1169 1722 1282 1763 urbis
1313 1721 1658 1778 contemplantes,
1679 1721 1715 1763 si

321 1795 405 1834 qua
424 1788 541 1836 parte
565 1789 725 1820 tentare
747 1790 820 1820 aut
841 1794 965 1835 opere
988 1789 1060 1820 aut
1080 1780 1120 1820 vi
1142 1788 1322 1835 possent.
1382 1779 1510 1821 Fama
1529 1779 1621 1828 fuit,
1638 1794 1715 1835 per

324 1836 566 1893 Cydantem
609 1836 858 1877 Cretensem
894 1845 937 1877 et
978 1837 1296 1885 Antimachum,
1334 1836 1408 1892 qui
1449 1836 1714 1877 Demetriadi

320 1903 521 1948 praeerat,
554 1901 746 1934 tractatas
778 1893 887 1933 inter
919 1893 1155 1933 Eumenem
1189 1902 1232 1933 et
1264 1893 1418 1934 Persea
1450 1892 1713 1934 conditiones

321 1950 539 1991 amicitiae.
593 1950 663 1990 Ab
687 1949 959 1990 Demetriade
982 1958 1093 1990 certe
1115 1950 1348 1990 abscessum
1372 1958 1445 1990 est.
1500 1948 1713 1991 Eumenes

321 2007 375 2046 ad
414 2006 627 2047 consulem
664 2006 856 2061 navigat:
904 2006 1146 2061 gratulatus,
1183 2006 1298 2061 quod
1333 2021 1529 2062 prospere
1567 2005 1713 2048 Mace—

321 2063 489 2104 doniam
531 2063 736 2111 intrasset,
774 2063 1026 2118 Pergamum
1068 2063 1112 2102 in
1147 2077 1325 2118 regnum
1365 2063 1462 2104 abit.
1525 2062 1713 2106 Marcius

322 2119 495 2175 Figulus
524 2128 702 2175 praetor,
731 2128 848 2174 parte
879 2119 1018 2160 classis
1048 2119 1092 2159 in
1123 2119 1299 2160 hiberna
1328 2119 1544 2161 Sciathum
1575 2121 1712 2170 missa,

322 2191 417 2217 cum
448 2176 620 2231 reliquis
650 2176 824 2216 navibus
855 2176 1014 2217 Oreum
1048 2175 1245 2217 Euboeae
1277 2177 1408 2232 petit3
1442 2192 1534 2218 eam
1565 2177 1741 2219 urbemi

323 2233 577 2289 aptissimam
618 2241 742 2282 ratus,
785 2233 896 2273 unde
938 2233 1202 2283 exercitibus,
1245 2234 1319 2289 qui
1358 2234 1402 2274 in
1444 2233 1711 2284 Macedonia,

323 2290 480 2345 quique
509 2290 552 2330 in
576 2289 792 2330 Thessalia
819 2298 950 2339 erant,
973 2290 1083 2330 mitti
1115 2300 1371 2332 commeatus
1400 2299 1579 2347 possent.
1642 2291 1712 2333 De

324 2346 515 2387 Eumene
549 2361 645 2402 rege
679 2346 803 2402 longe
837 2347 998 2387 diversa
1030 2347 1212 2388 tradunt.
1278 2347 1322 2389 Si
1351 2347 1520 2390 Valerio
1546 2347 1713 2390 Antiati

322 2403 479 2452 credas,
513 2418 590 2444 nec
626 2403 752 2444 classe
789 2403 979 2444 adiutum
1012 2404 1063 2445 ab
1096 2419 1146 2445 eo
1179 2413 1412 2460 praetorem
1446 2420 1548 2455 esse,
1580 2420 1713 2461 quum

323 2476 444 2517 saepe
479 2475 576 2501 eum
607 2460 737 2501 literis
770 2461 1015 2510 arcessisset,
1053 2460 1203 2511 tradit3
1248 2477 1328 2503 nec
1363 2477 1459 2503 cum
1493 2462 1628 2519 gratia
1660 2463 1744 2507 ab2

365 2637 385 2667 9
409 2627 634 2666 Confiderunt]
676 2626 736 2657 Pro
766 2629 875 2667 confisi
908 2633 993 2659 sunt.
1040 2630 1192 2659 Ceterum
1212 2630 1330 2660 Oreum
1346 2629 1458 2659 urbem
1476 2630 1518 2659 ab
1534 2628 1710 2660 Athenien-

324 2670 502 2707 Diffidz'sset
532 2669 620 2707 apud
653 2669 812 2704 Quinctil.
844 2670 993 2701 Declam.
1039 2671 1478 2710 sibus,utpoteopportunam
1492 2670 1712 2701 occasionibus

326 2712 396 2750 287.
410 2710 581 2747 invenitur,
595 2711 665 2741 loco
678 2715 798 2748 autem,
808 2716 844 2741 ut
859 2712 994 2749 videtur,
1038 2713 1115 2744 belli
1128 2718 1159 2743 et
1173 2713 1273 2752 pacis,
1288 2714 1444 2744 cleruclzis
1456 2712 1522 2743 suis
1533 2712 1713 2752 antiquitus

324 2764 387 2784 non
408 2753 542 2792 integro,
558 2753 604 2782 ita
628 2757 663 2783 ut
684 2753 780 2783 huius
800 2754 920 2784 formae
941 2765 993 2785 ex—
1038 2756 1225 2786 mandatam
1242 2756 1329 2794 apud
1345 2755 1494 2794 Thucyd.
1510 2754 1531 2785 i.
1552 2764 1620 2793 114.
1647 2754 1711 2786 viii.

323 2795 431 2835 empla
449 2795 627 2835 probabilia
643 2795 757 2826 desint.
784 2796 908 2827 Riscn.
1039 2806 1090 2838 95.
1108 2797 1202 2828 fuisse
1220 2797 1364 2837 legimus.

370 2847 380 2867 1
409 2839 527 2868 Oreum.
556 2839 723 2875 Euboeae]
758 2839 909 2868 Euboeae
937 2849 993 2877 pro
1085 2849 1098 2869 2
1124 2842 1193 2870 Nec
1213 2851 1285 2869 cnm
1302 2841 1412 2878 ‚qratia
1435 2840 1474 2869 ab
1495 2839 1624 2869 consule
1637 2849 1710 2878 pro-

323 2881 408 2920 vulg.
424 2881 583 2918 Boeotiae,
600 2879 783 2910 Gronovius
798 2881 992 2911 emendavit.
1031 2883 1171 2920 fisclum]
1198 2882 1315 2921 Neque
1332 2882 1376 2912 ita
1392 2881 1573 2921 profectum
1585 2882 1627 2912 ab
1640 2891 1712 2912 con-
