1888 3194
490 195 618 238 LIB.
651 194 796 236 XLII.
839 194 987 236 CAP.
1021 198 1088 237 66.
1432 201 1484 240 95

98 287 214 330 haud
242 299 394 341 magno
423 285 651 327 certamine
681 285 862 342 opprimi
892 300 1025 342 posse.
1087 284 1138 327 L.
1157 285 1385 342 Pompeius
1413 288 1544 332 tri-U.
1560 300 1599 332 c.
1622 300 1694 340 581.

97 345 236 387 bunus
269 343 450 384 militum
485 351 686 399 praeerat,
720 343 794 399 qui
833 342 1045 399 perculsos
1079 342 1233 384 milites
1264 343 1696 399 repentinoA-C-171·

99 402 282 445 hostium
311 400 529 442 adventu
519 416 563 442 1n
591 400 877 457 propinquum
906 400 1116 442 tumulum
1148 401 1318 456 recepit,
1339 400 1420 442 loci
1441 416 1484 443 se

129 458 319 508 raesidio‚
341 459 442 515 quia
470 473 647 500 numero
677 467 720 499 et
750 458 905 499 viribus
935 458 1069 513 impar
1097 467 1198 508 erat,
1225 458 1483 500 defensurus.

97 475 162 559 i'b
123 516 165 559 bi
185 531 317 581 quum
344 517 389 558 in
413 516 555 558 orbem
587 515 738 557 milites
759 516 974 572 coegisset,
997 526 1045 557 ut
1065 516 1246 557 densatis
1276 516 1404 557 scutis
1433 517 1485 558 ab

87 575 186 616 -ictu
214 574 457 630 sagittarum
488 583 531 615 et
561 573 790 615 iaculorum
821 588 909 615 sese
941 582 1170 624 tuerentur,
1192 573 1383 624 Perseus,
1406 574 1486 615 cir-

98 631 295 674 cumdato
322 632 490 674 armatis
520 631 695 681 tumulo,
725 631 825 673 alios
855 647 1072 673 ascensum
1103 631 1292 688 undique
1324 642 1485 673 tentare

97 689 229 740 iubet,
250 698 293 731 et
313 690 502 732 cominus
524 689 738 746 proelium
759 704 989 740 conserere,
1012 689 1113 731 alios
1134 689 1298 730 eminus
1318 689 1403 731 tela
1421 690 1487 730 in-

97 762 255 804 gerere.
308 747 480 804 Anceps
498 747 713 789 Romanos
729 757 861 789 terror
880 748 1194 789 circumstabat:
1227 762 1323 788 nam
1347 762 1485 804 neque

99 805 274 847 conferti
303 821 490 862 pugnare
524 818 695 862 propter
724 821 807 855 eos,
834 806 907 862 qui
937 805 1160 847 ascendere
1195 805 1240 846 in
1276 804 1485 846 tumulum

100 863 370 913 conabantur,
399 873 615 920 poterant:
649 872 703 913 et,
731 864 802 905 ubi
833 863 1000 905 ordines
1029 863 1313 920 procursando
1343 863 1487 905 solvis-

70 930 205 971 8sent,
236 922 435 978 patebant
473 921 618 963 iaculis
652 921 906 978 sagittisque.
969 920 1160 962 Maxime
1196 921 1486 978 cestrosphen-
1499 932 1623 964 Cestro-

100 977 222 1020 donis
240 978 577 1020 vulnerabantur.
643 978 737 1020 Hoc
758 979 829 1020 illo
850 978 959 1020 bello
980 994 1062 1020 nov
1063 993 1135 1020 um
1157 994 1290 1035 genus
1321 978 1393 1020 teli
1422 994 1486 1020 m-
1498 976 1689 1050 {iggegggri-

99 1046 273 1078 ventum
293 1046 366 1078 est.
413 1036 603 1093 Bipalme
625 1036 831 1092 spiculum
853 1036 990 1078 hastili
1011 1037 1287 1078 semicubitali
1308 1036 1484 1078 infixum
1500 1062 1577 1102 ptio

68 1102 202 1145 9erat,
241 1094 514 1135 crassitudine
556 1093 688 1150 digiti.
754 1093 868 1135 Huic
909 1094 1109 1150 abiegnae
1151 1094 1295 1136 breves
1331 1094 1485 1150 pinnae

73 1160 194 1201 ιτα-εει,
231 1151 345 1192 velut
378 1152 538 1207 sagittis
570 1151 718 1201 solent,
755 1151 1142 1193 circumdabantur:
1181 1151 1312 1193 funda
1347 1153 1486 1194 media

99 1208 185 1250 duo
206 1209 398 1251 funalia
388 1209 563 1266 lmparia
586 1209 776 1250 habebat.
843 1208 987 1257 Quum
1009 1209 1155 1250 maiori
1176 1209 1270 1250 nisu
1290 1209 1486 1251 libratum

69 1266 287 1309 ‘zfunditor
317 1267 480 1309 habena
510 1275 676 1317 rotaret,
706 1282 940 1332 excussum,
966 1265 1082 1308 velut
1108 1266 1239 1323 glans,
1269 1267 1484 1309 emicabat.

103 1323 249 1374 Quum
270 1333 313 1366 et
332 1325 424 1375 hoc,
447 1334 490 1366 et
510 1325 590 1366 alio
611 1325 726 1366 omni
756 1340 910 1381 genere
942 1324 1133 1374 telorum,
1156 1340 1250 1381 pars
1270 1325 1488 1367 vulnerata

100 1381 280 1424 militum
300 1392 420 1433 esset,
443 1398 520 1425 nec
541 1382 692 1424 facile
683 1398 763 1424 iam
794 1398 907 1424 arma
926 1383 1021 1424 fessi
1043 1383 1309 1432 sustinerent,
1332 1383 1486 1424 instare

101 1455 188 1490 reX,
215 1450 262 1482 ut
291 1440 497 1482 dederent
527 1456 582 1491 se,
609 1441 735 1482 fidem
768 1440 880 1490 darc,
909 1441 1094 1497 praemia
1123 1441 1336 1482 interdum
1367 1440 1488 1498 polli-

100 1498 207 1540 ceri:
245 1513 323 1540 nec
356 1499 602 1555 cuiusquam
639 1498 692 1540 ad
724 1498 985 1540 deditionem
1020 1499 1267 1540 flectebatur
1298 1499 1486 1548 animus;

101 1571 234 1611 quum
254 1571 307 1598 ex
335 1556 545 1613 insperato
567 1557 649 1598 iam
670 1557 886 1598 obstinatis
907 1556 1012 1598 mori
1033 1572 1126 1613 spes
1146 1556 1311 1598 affulsit.
1374 1555 1487 1598 Nam

102 1628 234 1670 quum
250 1629 303 1655 ex
319 1614 686 1656 frumentatoribus
703 1614 955 1670 refugientes
969 1614 1140 1670 quidam
1163 1615 1207 1655 in
1226 1624 1358 1656 castra
1378 1630 1488 1655 nun-

102 1671 274 1713 tiassent
303 1672 476 1721 consuli,
505 1671 788 1713 circumsideri
819 1672 1098 1728 praesidium3
1134 1681 1271 1713 motus
1301 1672 1487 1728 periculo

103 1737 165 1770 tot
185 1729 338 1770 civium
359 1730 476 1782 (narn
499 1729 729 1786 octingenti
750 1729 892 1779 ferme,
915 1738 958 1770 et
978 1744 1123 1771 omnes
1145 1729 1328 1771 Romani
1349 1731 1488 1784 erant)

103 1801 199 1827 cum
230 1787 420 1843 equitatu
451 1803 497 1829 ac
529 1787 609 1828 levi
641 1797 850 1828 armatura
872 1788 1151 1841 (accesserant
1181 1803 1290 1828 nova
1319 1787 1487 1837 auxilia,

105 1843 318 1886 Numidae
339 1844 500 1901 pedites
520 1845 767 1901 equitesque
785 1853 826 1886 et
842 1844 1077 1900 elephanti)
1093 1845 1234 1886 castlis
1251 1845 1485 1901 egreditur:

102 1911 146 1943 et
173 1901 350 1943 tribunis
381 1902 561 1943 militum
593 1903 780 1958 imperat,
805 1911 850 1943 ut
875 1902 1086 1957 legionum
1109 1903 1226 1959 signa
1247 1913 1486 1958 sequantur.

103 1958 211 2016 Ipse,
234 1959 427 2001 velitibus
455 1959 507 2001 ad
534 1959 740 2000 firmanda
767 1959 844 2001 lex
823 1974 921 2000 mm
953 1975 1162 2001 armorum
1193 1960 1349 2001 auxilia
1375 1960 1490 2002 adie-

101 2017 192 2067 ctis,
224 2017 277 2059 ad
306 2017 514 2059 tumulum
576 2017 769 2058 raecedit.
835 2017 1032 2058 Consulis
1065 2017 1195 2059 latera
1225 2027 1374 2074 tegunt
1403 2017 1490 2059 Eu-

102 2089 259 2125 menes,
283 2075 463 2126 Attalus,
481 2085 524 2117 et
571 2075 793 2132 IisageneS,
811 2074 980 2131 regulus
998 2074 1292 2116 Numidarum.
1344 2075 1490 2124 Quum
1567 2084 1633 2123 66,

102 2132 147 2174 in
167 2142 394 2189 conspectu
415 2134 549 2190 prima
568 2133 686 2190 signa
706 2148 875 2174 suorum
896 2133 1175 2174 circumsesSis
1195 2133 1378 2183 fuerunt,
1404 2133 1492 2175 Ro-

102 2191 235 2232 manis
252 2191 423 2247 quidem
442 2191 493 2232 ab
511 2191 657 2232 ultima
679 2191 968 2247 desperatione
990 2201 1199 2233 recreatus
1220 2200 1282 2233 est
1302 2191 1487 2233 animus:

102 2247 291 2298 Perseus,
315 2250 382 2290 cui
404 2249 585 2306 primum
608 2249 797 2290 omnium
823 2248 968 2298 fuerat,
991 2259 1052 2299 ut,
1075 2258 1299 2291 contentus
1320 2249 1491 2291 fortuito

101 2320 307 2357 successu,
343 2307 474 2364 captis
514 2307 675 2364 aliquot
709 2307 1081 2349 frumentatoribus
1121 2307 1364 2364 occisisque,
1406 2321 1503 2349 non·

144 2452 164 2482 8
180 2453 498 2493 C'estrnsplzemionis]
515 2452 773 2492 Descriptionem
819 2453 1139 2492 dupliceni‚altei·a1n
1155 2453 1246 2484 alteri
1263 2453 1491 2485 continentem.

103 2494 198 2526 huius
220 2495 276 2525 teli
299 2505 372 2525 cum
397 2495 465 2532 illu,
486 2506 580 2534 quum
604 2496 719 2526 Surdas
742 2495 772 2526 in
869 2505 884 2526 2
915 2497 1053 2527 [labe-na
1082 2499 1219 2535 rotaret]
1263 2497 1400 2527 Funulia
1427 2498 1492 2527 duo

105 2548 181 2569 voce
205 2535 342 2577 Κέστρος
367 2538 477 2573 verbis,
495 2543 529 2568 ut
545 2538 694 2575 creditur,
715 2539 772 2569 l'o-
818 2538 886 2575 illa,
900 2539 1037 2569 alterum
1057 2539 1337 2577 1‹›ngiu.‹,ulterum
1356 2539 1492 2574 brevius,

103 2580 182 2621 lybii
198 2581 297 2618 dedit,
310 2580 501 2618 contulit‚ct
519 2586 687 2620 utrumque
704 2582 771 2620 plu·
818 2586 918 2611 erunt.
965 2582 1106 2620 Longius
1128 2582 1364 2621 circumagebat
1388 2587 1421 2612 ct
1446 2593 1491 2613 rc-

103 2624 190 2654 ribuu
213 2624 384 2654 illustravit
402 2623 529 2664 Lipsius
548 2624 716 2655 Polion-et.
735 2624 773 2655 iv.
819 2624 942 2654 tinelmt
966 2635 1062 2655 manu
1085 2625 1237 2660 funditor.
1260 2630 1292 2656 et
1317 2625 1396 2655 hnec
1420 2625 1493 2661 suit,

104 2675 132 2707 3.
158 2666 272 2698 Dant.
821 2672 855 2697 ut
879 2667 938 2697 hoc
963 2667 1033 2698 loeo
1051 2667 1178 2702 dicitur,
1196 2669 1341 2699 habena:
1366 2668 1493 2698 brevius

137 2718 158 2750 9
174 2711 263 2740 Huic
275 2710 429 2749 ahiryrzm·
491 2711 615 2750 pinnae
627 2709 706 2751 tres]
725 2710 775 2740 lui.
822 2720 905 2747 vero,
928 2721 1000 2740 cum
1029 2711 1128 2741 telum
1159 2711 1308 2741 libratum
1332 2711 1490 2741 emittere-

103 2752 239 2783 correxit
255 2752 456 2792 xre-ymnius
472 2763 527 2792 pro
546 2753 627 2792 vulg.
643 2754 718 2784 laude
733 2754 776 2782 ad
820 2757 882 2789 tur,
904 2764 922 2783 e
945 2763 1041 2783 manu
1071 2754 1238 2784 funditoris
1259 2753 1492 2787 dimittebatur,

103 2795 257 2826 libramen
271 2797 394 2835 pinnae
410 2801 482 2827 tres.
819 2796 884 2825 nive
903 2797 1093 2827 solvebatur.
1137 2796 1228 2826 llum·
1244 2808 1263 2826 a
1282 2797 1407 2836 l'olybii
1427 2806 1489 2825 vcr-

151 2846 162 2868 1
188 2839 306 2869 Funda
327 2839 445 2876 medin]
475 2849 516 2868 nc.
537 2838 646 2868 Medio
668 2838 774 2868 hastili
820 2838 867 2868 bis
883 2838 1047 2869 inferenda
1064 2839 1256 2878 Doeringiun
1272 2844 1390 2870 monet.
1431 2841 1489 2869 Ce-

105 2878 289 2911 inhaerebat
315 2881 424 2917 fundu,
445 2882 498 2911 sed
523 2892 560 2911 ca
583 2882 716 2921 duplex,
740 2886 774 2911 ut
820 2886 922 2911 terum
949 2883 1040 2911 sinim
1065 2882 1183 2912 (licitur
1208 2883 1320 2917 maior,
1343 2881 1429 2920 quin,
1457 2885 1490 2910 ut

106 2921 197 2952 latior
208 2923 276 2953 eiua
287 2923 374 2954 ninus
385 2924 485 2954 telum
503 2924 620 2954 melius
637 2924 775 2957 libraret.
821 2924 949 2964 Lipsius
971 2926 1130 2962 observat,
1144 2926 1280 2965 amplior
1303 2924 1375 2959 suit,
1393 2933 1489 2962 quiun

106 2974 179 2995 num
194 2965 330 3003 funalia
346 2967 409 2996 dun
430 2966 620 3005 interpretor
639 2967 772 2997 fundum
820 2967 850 2997 in
867 2967 939 2997 aliia
953 2967 1070 2998 fundis.
