1888 3194
173 242 216 273 U.
232 242 271 274 C.
295 242 367 282 576.

171 285 209 317 A.
234 286 272 317 C.
298 284 366 325 176.

174 647 327 678 Antiochi

173 691 361 738 munificen-

174 737 229 765 tia.

177 1564 270 1595 Ludi.

381 146 434 185 26
886 146 1034 188 ΤΙΤΙ
1073 146 1249 189 LIVII

380 248 535 289 genera
564 234 672 276 vitae
701 250 852 285 errans,
886 237 945 277 uti
977 252 1053 278 nec
1084 237 1174 287 sibi,
1200 252 1278 278 nec
1308 236 1408 286 aliis,
1436 236 1605 292 quinam
1633 236 1759 277 homo

381 300 500 340 esset,
523 292 618 333 satis
639 302 856 334 constaret.
920 294 1020 335 Non
1051 294 1204 350 alloqui
1227 295 1390 344 amieos,
1412 295 1482 336 vix
1510 294 1618 335 notis
1640 292 1760 334 fami-

381 347 536 390 liariter
559 350 762 399 arridere3
798 351 1082 394 munificentia
1101 351 1310 408 inaequali
1330 367 1417 393 sese
1446 352 1628 407 aliosque
1649 349 1760 392 ludi-

380 406 518 447 ficari:
562 407 812 463 quibusdam
851 409 1061 450 honoratis
1101 424 1334 465 magnoque
1370 408 1682 450 aestimantibus
1716 422 1759 449 se

380 464 570 519 puerilia,
600 474 647 506 ut
677 480 793 506 escae
822 476 893 507 aut
923 466 1048 516 lusus,
1076 482 1248 508 munera
1275 467 1398 516 dare3
1432 466 1531 508 alios
1556 465 1660 506 nihil
1687 477 1791 507 ex-8

381 531 616 577 spectantes
636 522 779 564 ditare.
842 523 989 579 Itaque
1011 525 1182 574 nescire,
1205 524 1307 580 quid
1334 525 1411 565 sibi
1431 524 1567 574 vellet,
1590 524 1761 580 quibus-

382 578 477 619 dam
499 579 641 620 videri.
708 580 891 628 Quidam
909 580 1052 622 ludere
1069 597 1165 622 eum
1186 582 1439 637 simpliciter,
1457 581 1627 637 quidam
1648 579 1792 625 haud9

383 636 508 677 dubie
530 637 709 678 insanire
726 638 903 679 aiebant.
965 638 1014 679 In
1038 639 1198 679 duabus
1219 648 1358 680 tamen
1379 639 1538 695 magnis
1558 638 1763 679 honestis-

383 709 465 749 que
505 695 628 735 rebus
663 695 747 736 fere
783 696 921 750 regius
952 706 1039 737 erat
1071 696 1245 745 animus,
1277 697 1319 736 in
1357 697 1520 737 urbium
1555 695 1688 745 donis,
1720 703 1763 736 et

383 751 557 792 deorum
578 752 704 793 cultu.
769 752 1133 808 Megalopolitanis
1154 753 1197 793 in
1224 753 1405 794 Arcadia
1431 768 1597 794 murum
1621 768 1663 794 se
1684 752 1764 794 cir-

383 808 676 850 cumdaturum
698 810 790 850 urbi
811 819 874 850 est
900 809 1120 865 pollicitus,
1143 810 1424 866 maioremque
1449 818 1609 866 partem
1635 825 1763 866 pecu-

383 866 476 907 niae
506 866 633 907 dedit.
696 867 862 922 Tegeae
894 867 1102 908 theatrum
1131 868 1398 923 magnificum
1426 883 1448 909 e
1477 882 1679 908 marmore
1703 867 1764 908 fa-

383 938 477 964 cere
519 923 710 964 instituit.
776 923 919 981 Cyzici
957 925 1002 965 in
1041 924 1311 981 Prytaneum,
1346 925 1410 977 (id
1450 934 1512 966 est
1550 923 1791 981 penetrale1

383 981 509 1030 urbis,
542 981 613 1022 ubi
644 981 824 1037 publice,
857 982 1007 1038 quibus
1037 983 1071 1023 is
1101 983 1233 1024 honos
1264 982 1384 1023 datus
1414 991 1487 1032 est,
1518 983 1763 1038 vescuntur)

382 1053 478 1079 vasa
504 1053 628 1080 aurea
655 1054 820 1080 mensae
849 1040 972 1080 unius
1000 1040 1148 1095 posuit.
1211 1040 1401 1090 Rhodiis,
1423 1049 1470 1081 ut
1496 1040 1602 1081 nihil
1631 1054 1762 1081 unum

383 1096 559 1152 insigne,
581 1096 639 1137 ita
659 1097 793 1137 omnis
813 1097 989 1152 generis,
1012 1106 1058 1138 ut
1075 1113 1265 1153 quaeque
1288 1113 1384 1138 usus
1411 1113 1556 1139 eorum
1580 1097 1764 1154 postula-

381 1162 546 1203 verunt,
569 1153 680 1195 dona
699 1154 829 1195 dedit.
892 1154 1234 1210 Magnificentiae
1263 1171 1360 1196 vero
1381 1155 1424 1195 in
1446 1155 1547 1197 deos
1567 1155 1633 1196 vel
1654 1154 1763 1196 Iovis

386 1210 574 1268 Olympii
602 1211 805 1268 templum
835 1212 1028 1262 Athenis,
1051 1228 1183 1253 unum
1204 1213 1247 1253 in
1276 1213 1394 1254 terris
1422 1213 1663 1254 inchoatum
1688 1227 1763 1268 pro

383 1268 672 1324 magnitudine
701 1268 782 1319 dei,
804 1279 941 1325 potest
962 1270 1076 1311 testis
1097 1285 1195 1311 esse.
1260 1270 1344 1311 Sed
1371 1279 1412 1312 et
1439 1270 1578 1311 Delon
1600 1270 1679 1311 aris
1700 1270 1765 1310 in-

383 1326 570 1382 signibus
586 1335 898 1383 statuarumque
921 1328 1039 1383 copia
1055 1327 1289 1369 exornavit:
1323 1337 1365 1369 et
1381 1327 1632 1369 Antiochiae
1654 1326 1764 1369 Iovis

387 1382 617 1439 Capitolini
647 1385 914 1440 magnificum
943 1385 1159 1441 templum,
1181 1401 1266 1426 non
1291 1385 1530 1441 laqueatum
1551 1401 1651 1426 auro
1672 1393 1764 1426 tan-

385 1450 487 1491 tum,
509 1441 583 1482 sed
604 1441 828 1498 parietibus
852 1442 946 1483 totis
966 1442 1119 1483 lamina
1139 1443 1386 1492 inauratum,
1408 1451 1451 1484 et
1471 1443 1550 1484 alia
1570 1442 1700 1484 multa
1720 1442 1765 1483 in

386 1498 475 1539 aliis
505 1498 605 1539 locis
632 1499 854 1555 pollicitus,
878 1500 977 1556 quia
1000 1501 1199 1556 perbreve
1229 1509 1394 1556 tempus
1419 1500 1536 1556 regni
1563 1500 1653 1541 eius
1671 1499 1763 1549 fuit,

385 1571 471 1596 non
487 1556 672 1612 perfecit.
737 1556 1077 1613 Spectaculorum
1092 1573 1259 1613 quoque
1277 1558 1410 1599 omnis
1425 1558 1589 1613 generis
1604 1557 1765 1613 magni-

386 1613 554 1654 ficentia
585 1614 815 1670 superiores
848 1630 965 1670 reges
996 1615 1123 1663 vicit3
1165 1615 1422 1671 reliquorum
1457 1615 1520 1656 sui
1552 1615 1689 1664 moris,
1723 1622 1797 1656 et2

386 1671 507 1727 copia
522 1671 777 1712 Graecorum
795 1672 1011 1713 artificum.
1077 1671 1365 1713 Gladiatorum
1381 1687 1532 1713 munus
1548 1672 1764 1714 Romanae

386 1728 699 1769 consuetudinis
719 1729 854 1784 primo
875 1730 1028 1770 maiore
1046 1745 1141 1770 cum
1164 1739 1315 1771 terrore
1336 1730 1766 1780 hominum,‘insueto-

386 1800 478 1826 rum
509 1786 562 1826 ad
593 1786 673 1827 tale
705 1786 999 1842 spectaculum,
1030 1803 1154 1842 quam
1186 1788 1410 1843 voluptate,
1440 1787 1578 1828 dedit:
1612 1787 1764 1829 deinde

387 1843 549 1899 saepius
577 1843 728 1893 dando,
752 1853 794 1884 et
823 1843 947 1884 modo
973 1844 1212 1885 vulneribus
1242 1854 1374 1894 tenus,
1398 1845 1523 1885 modo
1551 1845 1640 1885 sine
1667 1844 1796 1886 mis-3

432 2005 450 2033 S
480 2006 521 2035 Ut
551 2015 638 2035 escae
667 2010 726 2035 aut
756 2007 861 2044 lusus]
903 2006 1058 2046 Polybius

390 2047 534 2076 nominat
555 2047 636 2077 talos
653 2052 684 2078 et
700 2048 844 2088 dactylos
865 2049 1055 2088 palmarum.

390 2090 498 2120 Cnrzv.

433 2141 453 2172 9
485 2133 621 2168 Quidam
654 2134 743 2162 lmml
770 2134 864 2164 dubie
892 2134 1052 2171 insanire]

393 2174 481 2204 Hinc
494 2184 669 2213 cognomen
684 2175 859 2214 Epimanes
874 2176 902 2205 ei
918 2176 1055 2206 inditum

393 2220 451 2254 est,
466 2220 501 2246 ut
518 2217 704 2247 Athenaeus
720 2218 822 2249 docet.

439 2269 451 2289 1
486 2261 528 2289 In
564 2261 780 2299 Prytaneum]
838 2261 940 2291 Nulla
985 2261 1057 2291 urbs

394 2302 519 2332 Graeca
543 2302 615 2338 fuit,
636 2307 670 2332 ut
697 2302 854 2333 Graevius
876 2304 916 2333 ad
936 2303 1004 2334 Cic.
1024 2303 1057 2333 in

398 2344 484 2374 Verr.
502 2344 542 2374 iv.
564 2354 575 2373 ι
586 2354 632 2385 19.
644 2344 881 2383 animadvertit,
898 2356 979 2384 quae
995 2355 1058 2375 non

393 2396 485 2416 suum
503 2387 698 2425 Prytaneum
715 2388 853 2418 haberet.
900 2388 1060 2427 Prytanea

393 2433 501 2459 autem
526 2433 616 2459 erant
638 2430 758 2460 Vestae
782 2440 888 2460 sacra:
914 2430 1004 2460 cuius
1026 2431 1059 2460 in

395 2472 546 2501 honorem
583 2476 755 2510 perpetuus
787 2473 830 2502 ibi
863 2472 944 2512 ignis
976 2474 1059 2503 fove-

394 2515 495 2543 batur.
519 2514 558 2544 cf.
576 2514 749 2553 Spanhem.
766 2515 805 2545 de
819 2515 918 2545 Vesta
934 2519 965 2545 et
983 2516 1060 2555 Pry-

394 2560 458 2586 tan.
475 2556 681 2587 Graecorum.
695 2557 815 2587 Meurs.
827 2558 945 2588 Athen.
959 2558 1057 2588 Attio.

395 2598 414 2628 i.
432 2598 462 2628 8.

439 2650 455 2670 2
477 2642 684 2680 Reliquorum
700 2643 750 2672 sui
763 2643 871 2680 moris]
899 2642 972 2672 Vox
987 2644 1059 2673 reli-

395 2694 528 2723 quorum
544 2684 663 2722 pendet-
677 2694 697 2714 a
713 2685 915 2723 praecedenti
931 2685 1059 2715 nomine

395 2726 656 2764 spectaculorum.
702 2726 791 2756 Dicit
808 2727 917 2757 Livius
937 2728 977 2757 ab
994 2729 1058 2758 An-

396 2768 503 2797 tiocho
524 2772 688 2807 superatos
703 2779 769 2799 esse
785 2769 961 2808 superiores
972 2780 1059 2809 reges

394 2810 633 2849 magnificentia
669 2812 924 2850 spectaculorum
959 2813 1061 2844 omnis

396 2852 528 2891 generis,
572 2863 610 2883 ex
656 2854 769 2892 quibus
813 2859 918 2884 cetera
965 2855 1061 2886 moris

398 2894 513 2926 Graeci
544 2900 644 2933 erant,
674 2900 706 2927 et
736 2906 808 2927 cum
840 2897 932 2937 copia
960 2897 1058 2929 Grac-

1102 2016 1208 2037 corum
1247 2007 1405 2037 artificum
1423 2020 1430 2044 ;
1467 2018 1566 2038 unum
1598 2009 1765 2040 Romanae

1101 2050 1350 2087 consuetudinis,
1388 2060 1505 2090 nempe
1540 2051 1765 2090 gladiatorium

1101 2102 1236 2122 munus:
1263 2093 1348 2131 quod
1371 2093 1498 2132 quidem
1523 2093 1624 2133 primo
1646 2094 1766 2125 maiore

1101 2144 1173 2164 cuni
1195 2138 1312 2165 terrore
1330 2159 1337 2165 .
1355 2159 1362 2165 .
1380 2159 1387 2166 .
1404 2137 1553 2175 Artifices
1573 2136 1625 2166 hic
1647 2136 1764 2167 intelli-

1099 2176 1193 2216 gendi
1224 2182 1308 2214 sunt,
1334 2182 1369 2207 ut
1399 2188 1483 2217 supr.
1513 2189 1542 2208 v.
1575 2189 1599 2209 1.
1630 2189 1764 2218 quorum

1101 2229 1196 2258 opera
1206 2219 1272 2249 ludi
1283 2225 1487 2259 peraguntur,
1498 2225 1576 2260 puta
1586 2221 1765 2260 histriones,

1100 2262 1275 2299 saltatores,
1291 2262 1446 2300 tibicines,
1462 2268 1521 2294 etc.
1546 2264 1650 2296 CREv.

1144 2313 1161 2342 3
1178 2306 1275 2335 Modo
1287 2306 1473 2336 vulneribus
1486 2311 1589 2344 tenus,
1598 2308 1685 2338 modo
1696 2309 1765 2339 sine

1101 2347 1247 2377 missione
1262 2348 1372 2386 etiam]
1395 2349 1495 2378 Modo
1509 2349 1555 2379 ita
1569 2353 1606 2379 ut
1623 2351 1765 2381 vulnera-

1104 2392 1211 2418 rentur
1231 2393 1356 2419 tantum
1376 2390 1576 2430 gladiatores,
1591 2402 1655 2422 non
1670 2392 1766 2424 inter·

1104 2431 1295 2468 fieerentur3
1328 2434 1422 2463 modo
1449 2434 1490 2464 ad
1517 2444 1628 2465 necem
1654 2445 1765 2475 usque.

1103 2475 1218 2505 Illissio
1233 2478 1300 2504 erat
1317 2475 1417 2514 gratia
1431 2476 1595 2507 deserendi
1614 2487 1766 2517 pugnam,

1105 2526 1186 2554 quae
1202 2517 1336 2547 dabatur
1355 2518 1528 2556 aliquando
1544 2519 1634 2549 victis
1647 2520 1765 2559 gladia-

1102 2558 1230 2589 toribus.
1276 2558 1387 2595 Quum
1413 2565 1521 2591 autem
1548 2562 1700 2601 placeret,
1729 2566 1766 2592 ut

1103 2611 1242 2640 eousque
1266 2607 1469 2641 pugnaretur..
1492 2604 1592 2634 donec
1614 2604 1766 2635 alteruter

1104 2644 1316 2678 occumberet.
1355 2645 1518 2676 dicebatur
1555 2656 1662 2686 pugna
1696 2648 1766 2678 sine

1104 2687 1255 2717 missione.
1300 2687 1352 2717 Sic
1377 2687 1462 2717 Flor.
1482 2688 1524 2718 iii.
1543 2698 1591 2719 20.
1613 2689 1653 2719 de
1673 2689 1766 2728 Spar-

1103 2728 1165 2758 taci
1195 2728 1371 2759 militibus:
1404 2731 1531 2769 dignam
1559 2732 1638 2761 viris
1664 2733 1766 2763 obiere

1104 2775 1226 2801 mortem
1242 2785 1250 2801 :
1275 2776 1316 2807 et,
1332 2773 1414 2811 quod
1427 2773 1484 2802 sul»
1496 2774 1674 2812 yladiatore
1688 2775 1767 2806 duce

1104 2814 1254 2852 oportuit,
1269 2815 1338 2845 sine
1357 2815 1504 2846 missione
1515 2820 1697 2854 puynatum
1711 2821 1767 2848 est.

1106 2856 1190 2886 Vide
1206 2856 1298 2895 plura
1319 2857 1405 2897 apud
1422 2857 1511 2897 Lips.
1526 2858 1652 2890 Saturn.
1668 2858 1700 2890 ii.
1719 2868 1766 2890 21.

1104 2899 1209 2930 CREV.
