1888 3194
436 185 950 234 FRAGMENTUM
994 189 1121 230 LIB.
1166 189 1288 231 XCI.
1475 195 1556 234 317

163 281 307 324 omnia
345 280 472 322 habet
507 295 616 336 quae
652 279 784 321 tribus
818 278 900 319 illis
934 277 1062 328 libris,
1099 278 1153 319 de
1189 279 1343 335 quibus
1377 294 1561 323 comme-

163 339 335 388 moravi,
407 337 604 378 eeuliaria
648 351 738 378 esse
783 335 1018 377 videantur.
1082 334 1204 378 Idem
1249 335 1303 377 de
1353 337 1560 394 subscrip-

163 395 347 438 tionibus
376 353 534 451 legum,
562 408 616 436 ex
649 393 794 435 codice
828 392 1126 434 Theodosiano
1158 393 1203 433 in
1239 392 1406 449 Corpus
1434 395 1560 450 Agri-

162 466 404 494 mensorum
443 452 707 501 insertarum,
748 451 794 492 in
842 450 970 492 huius
1013 449 1214 506 Corporis
1263 450 1408 492 codice
1459 451 1560 492 olim

162 509 369 559 Palatino,
392 517 532 551 testor.
557 509 778 551 Bekkerus
802 523 986 564 quoque,
1009 508 1073 548 vir
1099 507 1405 549 eruditissimus
1435 508 1561 549 mihi-

162 581 246 623 que
266 566 624 617 familiarissimus,
647 565 752 607 mihi
777 565 1009 615 affirmavit,
1030 565 1266 621 fragmenta
1289 564 1562 607 Geometrica

162 624 442 675 Veronensia,
464 639 586 681 quae,
608 624 694 665 sive
722 638 776 665 ex
803 623 970 679 integro
992 622 1233 664 Boethiano
1256 621 1450 673 Euclide,
1473 623 1559 664 sive

161 695 216 723 ex
235 681 424 738 Corpore
440 682 790 739 Agrimensorum
806 680 1030 738 supersint,
1048 689 1145 721 ante
1162 689 1329 722 sextum
1346 680 1560 722 saeculum

161 739 317 796 scripta
336 754 424 782 esse
445 755 533 782 non
553 747 741 796 possunt,
764 738 954 780 eiusdem
982 738 1149 795 generis
1176 738 1318 780 literas
1344 738 1557 780 exhibere.

162 795 324 839 Verum
360 797 426 839 his
461 797 657 840 omnibus
692 795 991 838 enumerandis
1026 795 1299 852 supersedere
1334 797 1559 852 potuerim,
1611 798 1614 801 ’

163 855 238 911 qui
269 855 433 912 insigne
465 855 590 896 huius
620 854 848 910 scripturae
882 853 1096 910 specimen
1129 869 1183 895 ex
1214 862 1361 895 octavo
1394 854 1560 896 saeculo

162 927 250 954 non
283 913 372 954 sine
406 912 589 969 quadam
623 911 899 953 admiratione
933 911 1032 952 vidi.
1097 910 1266 952 Scilicet
1301 920 1488 954 servatur
1516 911 1561 953 in

163 969 416 1012 monasterio
447 970 590 1012 Sancti
615 968 787 1019 Calixti,
810 969 926 1025 quod
954 983 1085 1024 prope
1114 968 1326 1010 basilicam
1349 968 1560 1025 Deiparae

163 1027 355 1084 Virginis
387 1035 500 1068 trans
533 1027 723 1068 Tiberim
756 1034 831 1075 est,
865 1025 1228 1082 splendidissimus
1260 1025 1452 1082 vulgatae
1487 1026 1562 1067 Bi-

161 1083 343 1126 bliorum
373 1084 574 1126 versionis
604 1083 751 1133 codex,
780 1083 880 1124 illuc
911 1097 963 1124 ex
995 1082 1165 1124 basilica
1192 1082 1336 1124 Sancti
1363 1083 1485 1125 Pauli
1516 1083 1561 1125 in

161 1141 231 1183 via
272 1141 460 1183 Ostiensi
506 1140 741 1189 translatus,
782 1140 914 1189 cuius,
962 1140 1108 1195 paucis
1153 1140 1325 1195 cogniti,
1366 1141 1560 1182 notitiam

161 1198 298 1240 debeo
328 1198 464 1240 amieo
494 1207 537 1240 et
567 1197 760 1254 populari
791 1212 886 1238 meo
910 1196 1065 1238 Carolo
1091 1195 1305 1238 Friderieo
1327 1196 1484 1239 Baroni
1507 1198 1561 1239 dc

163 1255 371 1306 Rumohr,
393 1270 533 1298 rerum
562 1255 752 1297 omnium
778 1269 886 1311 quae
918 1253 972 1295 ad
1001 1254 1190 1310 picturae
1221 1253 1560 1311 sculpturaeque,

160 1313 405 1372 praesertim
455 1314 500 1354 in
550 1312 685 1363 Italia,
726 1311 999 1369 antiquitates
1048 1311 1277 1368 pertinent,
1324 1312 1560 1369 indagatori

162 1372 378 1422 acerrimo,
398 1380 526 1427 atque
547 1369 876 1428 prudentissimo
901 1369 1068 1411 arbitro.
1132 1368 1217 1411 Iste
1239 1369 1388 1420 codex,
1411 1370 1456 1411 in
1477 1385 1563 1426 quo

163 1429 259 1471 libri
291 1429 370 1486 ipsi
401 1429 505 1470 sacri
536 1429 647 1471 circa
679 1427 835 1470 saeculi
868 1426 1085 1468 undecimi
1109 1426 1238 1468 finem
1272 1427 1416 1484 scripti
1449 1436 1562 1478 sunt,

162 1487 348 1544 picturas
367 1486 496 1528 habet
515 1485 670 1528 Carolo
694 1485 869 1541 Magno,
887 1493 1116 1541 antequam
1138 1485 1362 1542 imperium
1385 1484 1564 1542 adeptus

164 1553 241 1594 est,
270 1544 384 1585 dono
414 1543 584 1594 oblatas,
607 1558 716 1600 quae
748 1542 926 1585 ornandi
957 1543 1091 1599 gratia
1120 1543 1205 1584 suis
1236 1558 1431 1599 quaeque
1462 1542 1564 1584 locis

165 1601 448 1659 agglutinatae
470 1610 579 1643 sunt.
643 1600 716 1641 Ad
737 1599 921 1656 singulas
945 1599 1074 1656 igitur
1093 1599 1278 1656 picturas
1299 1615 1442 1642 versus
1462 1615 1564 1642 auro

165 1660 210 1701 in
240 1673 428 1717 purpura
457 1658 625 1715 ascripti
656 1667 779 1699 sunt:
813 1666 941 1714 atque
970 1657 1022 1698 ab
1042 1657 1133 1713 ipso
1162 1657 1296 1707 initio,
1319 1666 1414 1714 post
1442 1657 1564 1699 tabu-

165 1717 249 1758 lam
280 1732 389 1774 quae
422 1717 532 1773 regis
564 1716 791 1772 imaginem
825 1715 1010 1771 praebet,
1037 1714 1082 1755 in
1112 1714 1216 1756 solio
1247 1714 1444 1765 sedentis,
1467 1730 1563 1771 pro-

165 1774 300 1816 lixum
329 1789 428 1816 sane
456 1788 624 1816 carmen
653 1782 803 1821 exstat,
826 1772 973 1814 eadem
1005 1772 1319 1828 magnificentia
1346 1772 1423 1814 scri
1459 1783 1562 1822 tum,

166 1848 252 1889 quo
273 1832 418 1874 laudes
438 1832 527 1873 eius
547 1830 838 1873 celebrantur:
873 1839 1000 1885 atque
1029 1830 1071 1870 in
1101 1829 1182 1870 illis
1207 1829 1403 1871 omnibus
1441 1830 1565 1871 itera-

166 1905 258 1932 rum
292 1890 424 1932 forma
457 1889 562 1930 nihil
599 1903 766 1945 prorsus
798 1887 1007 1944 discrepat
1043 1903 1066 1928 a
1100 1887 1335 1944 fragmento
1370 1887 1561 1929 Liviano.

167 1947 330 2004 Itaque,
372 1947 554 1988 confisus
595 1954 844 2002 argumento
885 1944 1001 2001 quod
1052 1944 1168 1986 nulla
1212 1960 1339 2001 opera
1384 1945 1563 1986 convelli

166 2013 316 2062 potest,
339 2005 419 2046 hoc
440 2004 613 2054 affirmo,
637 2003 745 2044 ultra
771 2003 1062 2059 septingentos
1090 2017 1222 2043 annos
1249 2002 1357 2043 hane
1386 2003 1463 2044 scri
1500 2011 1565 2044 tu-

165 2077 253 2105 ram
286 2063 329 2104 in
361 2077 438 2104 usu
467 2061 663 2103 durasse:
698 2059 813 2117 quod
842 2075 975 2116 quum
1007 2060 1065 2100 ita
1095 2059 1161 2109 sit,
1188 2060 1268 2100 nisi
1299 2059 1380 2100 alia
1411 2060 1453 2100 in
1487 2060 1565 2101 ieia

165 2120 380 2170 accedant,
395 2119 549 2177 quibus
569 2119 818 2176 plerumque
841 2132 917 2159 nos
933 2117 1105 2159 destitui
1126 2117 1269 2167 credo,
1283 2117 1377 2174 quis
1394 2117 1565 2159 tandem

166 2179 256 2220 sine
277 2193 408 2220 vanae
431 2177 677 2219 temeritatis
698 2186 798 2218 nota
819 2175 872 2217 de
901 2184 1036 2216 aetate
1064 2174 1328 2224 schedarum,
1351 2190 1459 2232 quae
1486 2175 1565 2217 hoc

165 2251 319 2293 genere
341 2236 518 2292 scriptae
541 2235 828 2284 inveniuntur,
852 2233 1080 2290 quicquam
1102 2233 1400 2274 confirmabit?
1448 2232 1566 2274 Con-

166 2293 366 2335 cedamus
405 2308 502 2335 sane
539 2293 609 2334 vix
651 2291 866 2349 probabile
903 2291 1049 2341 videri,
1086 2299 1180 2347 post
1216 2299 1418 2332 vastatam
1454 2290 1565 2332 bello

169 2351 355 2393 Gothico
383 2350 562 2401 Italiam,
589 2351 699 2392 inter
730 2358 793 2391 tot
823 2348 963 2390 clades
994 2363 1265 2390 aerumnosae
1296 2348 1447 2405 gentis,
1471 2348 1566 2389 uni-

166 2423 331 2451 versum
356 2408 556 2450 Livianae
589 2408 784 2450 historiae
817 2422 922 2464 opus
954 2406 1249 2463 transcriptum
1279 2406 1418 2456 fuisse,
1446 2421 1566 2462 prae-

166 2467 308 2508 sertim
335 2482 466 2523 quum
501 2481 555 2508 ex
577 2466 707 2508 veteri
741 2465 864 2522 copia
891 2464 986 2505 libri
1019 2464 1278 2520 emptoribus
1306 2464 1451 2505 deesse
1480 2479 1565 2505 non

168 2534 386 2581 poterant:
432 2523 547 2581 quod
584 2523 688 2565 mihi
725 2522 898 2580 quidem
935 2522 1199 2579 potissimum
1237 2522 1279 2562 in
1317 2537 1441 2564 causa
1476 2536 1564 2563 esse

167 2582 346 2632 videtur,
369 2597 444 2624 cur
471 2591 556 2624 tam
585 2582 664 2623 rari
693 2581 777 2622 sint
804 2580 972 2621 codices
1001 2579 1072 2620 illo
1094 2594 1197 2620 aevo
1222 2580 1298 2620 scri
1335 2580 1391 2621 ti:
1426 2594 1566 2635 neque

169 2638 247 2680 hoc
298 2655 530 2697 urgeamuS‚
574 2639 967 2686 vindobonensem,
1010 2637 1108 2678 olim
1154 2595 1564 2685 Laui-isliamensem,

168 2696 371 2747 codicem,
393 2698 426 2738 si
448 2697 562 2754 quod
584 2712 636 2739 ex
663 2697 868 2753 scriptura
897 2704 1192 2752 argumentum
1223 2697 1309 2751 peti
1340 2704 1490 2752 potest,
1513 2694 1566 2735 ad

171 2753 252 2803 illa,
286 2755 455 2796 fortasse
492 2755 617 2796 etiam
655 2754 709 2796 ad
745 2754 914 2804 seriora,
953 2762 1142 2810 tempora
1177 2753 1443 2794 referendum
1477 2767 1565 2792 esse

170 2810 328 2852 videri:
361 2821 544 2853 attamen
581 2812 823 2869 Symmachi
855 2820 968 2852 certe
1002 2820 1139 2852 aetate
1174 2811 1390 2851 transcribi
1425 2809 1566 2850 solitos

172 2867 368 2923 integrm,
402 2879 528 2925 atquc
563 2870 614 2910 ab
646 2885 697 2910 co
731 2870 820 2926 ipso
854 2878 896 2910 et
933 2868 1130 2910 flaviano
1166 2867 1442 2916 Nicomacho,
1477 2867 1566 2906 cius

171 2925 318 2973 amico,
340 2926 585 2967 emendatos
613 2927 736 2968 fuisse
765 2926 932 2968 codices
962 2926 1174 2973 Livianos‚
1201 2934 1462 2979 compertum
1494 2923 1567 2962 ha·-
