1888 3194
649 162 1076 205 KREYSSIGII.

1476 172 1561 211 409

166 269 298 311 instar
327 269 526 311 rudentes
556 276 599 308 et
629 267 802 309 iuvenes
831 267 1069 309 barbatulos
1099 267 1412 324 lepusculorum
1444 286 1559 314 more

166 335 428 378 lascivientes
455 350 542 377 non
569 336 737 386 curabo,
759 349 990 392 eorumque
1018 335 1217 377 conviciis
1245 345 1287 377 et
1312 335 1560 380 clamoribus

169 403 352 446 Socratis
371 403 476 444 illud
496 418 724 459 reponam:
758 401 818 444 Εἰ
845 401 889 444 δέ
915 419 972 456 με
997 401 1091 445 ὄνος·
1116 402 1336 455 ἐλάκτισε,
1359 403 1483 455 δικην
1508 404 1561 447 ἂν

167 461 283 517 αὐτῷ
302 459 549 517 ἐλάγχανον
562 476 573 510 ;

226 527 381 585 Scripsi
398 528 606 579 Misenae,
623 543 658 569 a.
675 528 714 569 d.
727 527 782 570 V.
801 527 915 570 Non.
937 527 1115 576 Quintil.
1134 528 1226 584 ipso
1246 527 1423 570 Scholae
1438 529 1561 571 Asra-

164 611 257 646 nae,
275 597 344 638 cui
365 597 470 638 deus
489 597 640 647 faveat,
658 597 726 638 die
748 596 890 647 natali,
909 598 964 638 A.
984 596 1559 641 CIOIOCCCXXXVIII.

164 768 311 789 sermone
333 758 536 798 proverbium
553 757 650 789 Ὀνος
665 757 760 798 λύρας
779 758 845 789 sive
890 769 971 798 opus
986 762 1033 789 est
1051 758 1164 796 verbis,
1178 759 1234 789 sed
1250 758 1421 790 fustibus.”

164 802 290 832 Asinus
309 802 353 831 ad
374 802 478 840 lyram
499 811 539 831 ex
557 801 748 832 Latinorum
771 811 844 831 con-

165 843 336 874 suetudine
364 848 450 874 recte
482 844 640 883 usurpari,
667 853 761 874 nemo
793 843 838 874 in-

165 885 251 916 fitias
281 885 349 916 ibit.
396 886 483 916 Vide
516 891 643 925 praeter
676 896 725 923 ea,
757 896 840 925 quae

164 928 236 968 ipse
262 928 294 958 in
326 928 458 959 Silvulis
484 929 612 959 Afranis
642 939 673 968 p.
701 929 749 967 78.
774 933 840 960 not.

166 979 216 1009 30.
233 975 266 1001 et
287 981 317 1010 p.
334 980 384 1011 92.
402 975 468 1000 not.
487 979 536 1009 50.
559 971 620 1000 hac
642 972 682 1001 de
705 981 738 1001 re
760 971 839 1007 dixi,

165 1012 323 1052 egregiam
350 1013 487 1043 Beckeri
508 1013 683 1043 doctissimi
707 1018 839 1042 annota-

164 1054 300 1091 tionem,
315 1054 347 1084 in
365 1055 445 1085 libro
461 1055 506 1084 ita
522 1055 676 1094 inscripto
690 1067 696 1085 :
724 1055 841 1085 Gallus

165 1097 243 1126 oder
266 1096 441 1127 Ro'mische
465 1097 590 1127 Scenen
613 1108 671 1127 aus
693 1097 749 1127 der
768 1097 841 1126 Zeit

164 1139 315 1178 Augusts.
362 1139 430 1169 Zur
454 1138 671 1179 Erliiuterung
704 1139 760 1169 der
783 1149 841 1169 we-

163 1180 375 1211 sentlichsten
409 1181 640 1220 Gegenstiinde
673 1191 732 1211 aus
765 1181 839 1211 dem

163 1222 353 1253 hauslichen
388 1223 497 1253 Leben
530 1224 587 1253 der
619 1224 751 1260 Romen
779 1233 839 1253 von

166 1265 223 1296 W.
242 1266 281 1296 A.
305 1265 442 1296 Becker.
466 1265 609 1305 Leipzig.
631 1266 719 1304 1838.
751 1265 838 1296 Part.

166 1307 195 1338 Ι.
227 1317 259 1347 p.
285 1316 357 1346 332.
386 1308 595 1348 propositam,
623 1308 766 1348 locisque
797 1308 840 1338 ibi

166 1349 273 1381 citatis
294 1350 378 1380 adde
399 1350 466 1381 Cic.
485 1351 576 1381 Orat.
593 1350 625 1381 in
645 1350 752 1381 Pison.
770 1360 840 1390 cap.

155 1401 217 1431 .30.
239 1392 295 1422 ubi
316 1393 430 1424 Cicero
453 1393 494 1423 ad
518 1393 690 1424 Pisonem:
716 1395 736 1409 ‘⁶
750 1393 841 1428 Quid

166 1444 253 1465 nunc
268 1439 312 1473 te,
327 1435 426 1474 asine,
443 1435 551 1466 literas
567 1436 726 1467 doceam?
762 1435 840 1467 Non

1461 760 1562 795 Quod

890 801 1034 840 quidem,
1051 806 1176 831 mutato
1192 801 1336 838 nomine,
1351 801 1464 832 multis
1479 807 1565 834 recte

884 854 922 874 ae
948 843 1063 874 merito
1089 843 1341 880 acclamaveris;
1371 845 1558 883 praesertim

885 886 925 923 ei,
942 886 996 925 qui
1012 896 1127 925 nuper,
1143 896 1241 924 quum
1259 886 1300 916 de
1321 885 1402 917 libro
1419 887 1560 925 quodam

886 928 1016 968 publice
1048 928 1237 958 “iudicium
1264 928 1419 965 faccret‚’'
1447 939 1559 969 perpe-

884 981 952 1000 ram
970 971 1093 1010 scripsit
1109 982 1115 1000 :
1141 973 1160 985 ⁶·
1174 981 1248 1001 cum
1265 970 1440 1010 reciperem
1457 972 1490 1002 in
1507 982 1560 1003 me

884 1013 1040 1043 iudicium
1055 1013 1224 1043 'ferendum
1247 1014 1287 1043 de
1309 1013 1380 1050 iis,¹'
1398 1018 1458 1044 etc.
1506 1014 1561 1045 Ita

886 1055 971 1085 enim
987 1055 1120 1085 Latinos
1133 1065 1196 1084 non
1214 1055 1314 1094 loqui,
1326 1055 1389 1085 iam
1407 1056 1439 1086 in
1452 1056 1559 1088 Vann.

887 1097 954 1127 crit.
970 1107 999 1135 p.
1015 1105 1064 1135 53.
1083 1102 1193 1127 contra
1208 1097 1419 1136 Doeringium
1437 1099 1561 1137 monui,

886 1139 1091 1177 eundemque
1104 1149 1253 1175 errorem,
1266 1139 1316 1169 cui
1331 1146 1439 1170 nostra
1454 1145 1561 1172 aetate

886 1181 1039 1220 permulti
1076 1185 1150 1211 sunt
1191 1181 1334 1218 obnoxii,
1371 1187 1483 1221 postca
1527 1183 1560 1214 in

885 1223 1017 1253 Silvulis
1049 1223 1179 1253 Afranis
1209 1233 1240 1262 p.
1274 1231 1322 1262 72.
1362 1234 1419 1263 per
1452 1225 1559 1255 iocum

884 1265 1053 1305 exagitavi.
1109 1266 1283 1296 Praeterea
1321 1265 1392 1296 vide
1431 1266 1562 1297 Krebsii

885 1309 1089 1339 Antibarbar.
1105 1318 1135 1347 p.
1152 1317 1220 1338 220.
1235 1318 1280 1347 sq.
1297 1312 1329 1338 et
1345 1318 1428 1347 quae
1445 1319 1561 1348 nuper-

885 1350 965 1381 rime
991 1350 1142 1381 Klotzius
1164 1350 1196 1380 in
1222 1350 1329 1381 Iahnii
1348 1351 1466 1382 Annal.
1492 1351 1561 1391 phi-

886 1393 980 1433 lolog.
1019 1398 1051 1423 et
1088 1393 1262 1433 paedagog.
1296 1393 1371 1424 Vol.
1412 1394 1561 1426 XXIII.

886 1435 977 1467 Fasc.
996 1435 1044 1467 11.
1063 1446 1094 1476 p.
1114 1445 1184 1466 211.
1201 1435 1377 1467 annotavit.
