1888 3194
554 198 681 241 LIB.
715 198 860 240 XLII.
903 198 1050 240 CAP.
1084 201 1152 240 55.
1482 202 1535 242 85

141 290 384 347 procacibus
424 288 587 330 iaculati
631 298 738 330 sunt.
819 287 940 336 Quae
982 302 1060 336 reS,
1102 301 1232 342 quum
1274 287 1531 329 infestiorem
1547 301 1592 333 U.
1609 301 1647 333 C.
1670 303 1742 342 581·

141 348 303 390 hostem
325 346 378 388 ad
394 346 726 403 oppugnandum
747 345 923 395 fecisset,
941 345 1052 401 ipsos
1073 344 1363 400 desperatione
1384 345 1530 387 veniae
1545 344 1584 376 A.
1608 345 1648 376 C·
1671 352 1742 384 17¹-

141 405 195 447 ad
221 404 400 446 tuendos
427 419 515 445 sese
544 403 678 445 acrius
703 403 907 445 accendit.
970 401 1119 458 Itaque
1148 417 1223 458 per
1249 401 1435 443 triduum
1466 402 1531 443 in-

137 462 334 517 gentibus
359 462 570 518 utrimque
597 461 745 502 animis
766 471 809 502 et
833 469 1098 517 oppugnatae
1125 468 1235 509 sunt,
1258 468 1300 501 et
1320 459 1526 501 defensae.

139 519 374 561 Multitudo
403 519 689 561 Macedonum
716 518 769 559 ad
799 518 1066 560 subeundum
1087 517 1131 558 in
1159 517 1294 558 vicem
1321 517 1528 573 proelium

136 577 251 619 haud
271 577 494 619 difficulter
521 576 794 618 succedebat:
829 575 1074 632 oppidanos,
1097 575 1222 625 diem,
1246 585 1412 616 noctem
1438 590 1529 617 eos-

136 635 234 677 dem
256 644 422 677 tuentes
450 635 629 685 moenia,
652 649 737 675 non
759 634 933 676 vulnera
959 633 1098 683 modo,
1120 633 1193 674 sed
1215 633 1340 674 etiam
1362 632 1527 689 vigiliae

135 701 178 734 et
207 693 429 735 continens
453 693 570 734 labor
600 692 860 734 conficiebatg
927 691 1090 740 Quarto
1118 690 1200 741 die,
1230 706 1362 747 quum
1393 690 1526 732 scalae

135 750 324 808 undique
342 751 395 792 ad
415 766 557 792 muros
577 751 850 806 erigerentur,
868 759 910 792 et
931 759 1052 806 porta
1070 749 1112 790 vi
1133 749 1288 790 maiore
1310 763 1528 805 oppugna-

134 817 260 860 retur,
283 808 483 866 oppidani
511 808 675 865 depulsi
701 808 830 849 muris
858 807 911 849 ad
937 817 1099 864 portam
1128 806 1329 848 tuendam
1351 821 1528 848 concur-

134 876 246 917 runt,
268 867 616 923 eruptionemque
644 866 909 923 repentinam
935 866 980 906 in
1008 865 1148 906 hostes
1168 864 1337 906 faciunt.
1404 863 1526 913 Quae

135 939 266 981 quum
292 925 375 966 irae
405 925 536 980 magis
560 923 834 974 inconsultae,
860 939 987 980 quam
1017 938 1138 964 verae
1166 922 1344 964 fiduciae
1375 922 1526 963 virium

135 991 256 1032 esset,
273 983 395 1039 pauci
412 991 454 1024 et
470 982 565 1024 fessi
581 982 633 1023 ab
649 982 821 1038 integris
841 981 950 1038 pulsi
968 990 1084 1037 terga
1096 980 1329 1029 dederunt;
1361 980 1527 1037 fugien-

134 1049 280 1096 tesque
301 1055 376 1096 per
396 1049 610 1096 patentem
636 1050 798 1095 portam
826 1039 967 1081 hostes
992 1048 1256 1094 acceperunt.
1319 1037 1384 1079 Ita
1405 1047 1527 1094 capta

134 1098 231 1139 urbs
251 1113 298 1139 ac
320 1097 484 1154 direpta
511 1106 598 1138 est:
633 1097 764 1139 libera
784 1112 954 1153 quoque
984 1111 1169 1152 corpora,
1193 1111 1300 1151 quae
1329 1095 1526 1137 caedibus

133 1155 440 1212 superfuerunt,
472 1154 724 1196 venundata.
789 1154 945 1195 Diruto
976 1165 1127 1209 magna
1157 1168 1209 1194 ex
1241 1163 1358 1209 parte
1389 1163 1431 1195 et
1462 1155 1526 1194 in-

133 1228 259 1255 censo
278 1213 435 1270 oppido
463 1212 684 1269 profectus,
707 1212 761 1254 ad
786 1211 1047 1253 Phalannam
1077 1220 1211 1252 castra
1238 1211 1390 1252 movit:
1425 1211 1524 1252 inde

132 1281 298 1328 postero
319 1271 387 1312 die
413 1270 646 1328 Gyrtonem
671 1271 873 1327 pervenit.
940 1268 1039 1318 Quo
1061 1284 1192 1325 quum
1216 1268 1266 1310 T.
1285 1267 1526 1309 Minucium

137 1328 293 1370 Rufum
315 1339 358 1370 et
380 1328 596 1386 Hippiam,
616 1328 912 1370 Thessalorum
934 1337 1182 1384 praetorem,
1201 1341 1295 1368 eum
1318 1326 1526 1383 praesidio

132 1387 304 1429 intrasse
327 1387 565 1442 accepisset,
588 1402 640 1427 ne
670 1396 829 1428 tentata
857 1385 1029 1442 quidem
1057 1384 1384 1442 oppugnatione,
1406 1400 1525 1441 prae-

133 1454 370 1502 tergressus,
390 1444 572 1486 Elatiam
593 1453 633 1486 et
653 1444 871 1494 Gonnum,
889 1442 1090 1500 perculsis
1107 1443 1323 1499 inopinato
1340 1442 1524 1484 adventu

100 1502 366 1559 9oppidanis,
393 1503 561 1560 recepit.
625 1502 817 1558 Utraque
846 1501 1003 1558 oppida
1027 1501 1070 1542 in
1096 1501 1283 1542 faucibus
1307 1509 1418 1550 sunt,
1441 1515 1525 1556 qua
1564 1520 1569 1528 ¹

134 1560 297 1617 Tempe
337 1561 518 1610 adeunt3
561 1561 691 1617 magis
730 1560 920 1602 Gonnus.
983 1559 1133 1616 Itaque
1175 1568 1217 1600 et
1257 1558 1438 1600 firmiore
1480 1557 1525 1599 id

134 1618 341 1674 praesidio
362 1627 498 1659 tutum
528 1619 717 1675 equitum
741 1618 1032 1674 peditumque,
1055 1616 1108 1658 ad
1135 1617 1215 1658 hoc
1236 1616 1344 1658 fossa
1370 1615 1524 1673 triplici

135 1691 182 1717 ac
203 1675 309 1717 vallo
331 1676 553 1725 munitum,
577 1675 756 1732 reliquit.
819 1675 927 1732 Ipse,
951 1675 1004 1716 ad
1028 1674 1249 1731 Sycurium
1270 1689 1523 1730 progressuS,

135 1734 316 1790 opperiri
339 1734 394 1774 ibi
418 1733 597 1775 hostium
621 1733 847 1775 adventum
870 1733 1036 1773 statuit:
1070 1731 1194 1773 simul
1215 1741 1258 1773 et
1277 1731 1523 1773 frumentari

135 1792 285 1847 passim
304 1791 533 1833 exercitum
557 1791 671 1832 iubet
689 1791 730 1831 in
749 1791 936 1832 subiecto
953 1790 1134 1831 hostium
1152 1804 1261 1845 agro.
1326 1788 1523 1845 Namque

138 1849 359 1905 Sycurium
389 1859 451 1891 est
478 1849 554 1889 snb
582 1849 791 1890 radicibus
822 1848 951 1889 Ossae
981 1848 1144 1888 montis.
1211 1847 1308 1895 Qua
1336 1847 1379 1887 in
1402 1847 1525 1888 meri-

134 1906 247 1948 diem
275 1907 420 1962 vergit,
443 1907 652 1948 subiectos
680 1906 806 1947 habet
834 1905 1075 1946 Thessaliae
1104 1920 1294 1961 campos:
1328 1905 1379 1946 ab
1409 1914 1525 1961 tergo

135 1963 430 2005 Macedoniam
467 1974 593 2020 atquc
636 1963 911 2019 Magnesiam.
976 1962 1048 2003 Ad
1088 1963 1162 2003 has
1194 1962 1527 2018 opportunitates

133 2022 295 2064 accedit
329 2037 492 2063 Summa
526 2022 743 2064 salubritas
779 2030 822 2062 et
856 2021 989 2077 copia,
1026 2020 1216 2076 pluribus
1251 2019 1527 2061 circumiectis

133 2079 328 2129 fontibus,
351 2080 600 2136 perennium
621 2094 837 2136 aquarum.

194 2137 355 2179 Consul
399 2138 628 2188 Romanus,
671 2153 746 2194 per
785 2137 953 2178 eosdem
996 2136 1085 2177 dies
1127 2135 1389 2177 Thessaliam
1430 2151 1524 2177 cum
1605 2143 1672 2181 55,

133 2196 320 2238 exercitu
342 2206 503 2253 potem,
527 2196 604 2237 itcr
631 2195 875 2252 expeditum
898 2195 1033 2251 primo
1058 2209 1134 2250 per
1156 2193 1331 2250 Epirum
1354 2193 1523 2235 habuit:
1541 2200 1612 2230 Cos.
1629 2199 1670 2229 ud
1688 2208 1732 2246 fe-

133 2253 302 2302 deinde,
332 2264 552 2310 postquam
583 2254 625 2295 in
657 2253 956 2295 Athamaniam
986 2262 1048 2293 est
1077 2262 1365 2307 transgressus,
1392 2251 1526 2307 asperi
1539 2252 1610 2281 ἕω
1629 2241 1725 2272 vada.

133 2327 181 2354 ac
203 2327 331 2368 prope
355 2312 454 2353 invii
476 2312 564 2361 soli,
587 2327 683 2353 cnm
705 2311 866 2367 ingenti
887 2310 1129 2352 difficultate
1151 2310 1289 2366 parvis
1311 2309 1528 2351 itineribus

133 2385 255 2426 aegre
281 2370 500 2427 Gomphos
524 2370 739 2426 pervenit:
775 2369 842 2410 cui
870 2369 917 2418 si,
939 2368 1099 2409 vexatis
1122 2368 1361 2409 hominibus
1389 2368 1528 2424 equis-

134 2443 231 2485 que,
255 2428 433 2469 tironcm
460 2428 693 2469 exercitum
722 2427 895 2469 ducenti
923 2426 1010 2468 acie
1039 2427 1240 2467 instructa
1264 2435 1307 2467 et
1334 2425 1425 2467 loco
1453 2441 1528 2467 sno

135 2494 177 2528 ct
209 2495 394 2543 tempore
428 2486 652 2527 obstitisset
685 2501 771 2535 rex,
805 2501 856 2526 ne
897 2484 1078 2526 Romani
1116 2483 1290 2540 quidem
1324 2483 1528 2532 abnuunt,

136 2558 288 2599 magna
315 2559 389 2585 sna
409 2559 504 2585 cnm
527 2543 644 2585 clade
666 2543 790 2585 fnisse
811 2552 1080 2599 pugnaturos
1144 2542 1372 2597 Postquam
1397 2541 1530 2582 Gom-

135 2602 240 2659 phos
260 2602 349 2643 sine
367 2602 594 2643 certamine
617 2612 787 2643 ventum
811 2611 885 2649 cst,
904 2610 1068 2657 praeter
1089 2599 1289 2655 gandium
1308 2598 1529 2654 periculosi

135 2659 263 2701 saltus
283 2660 478 2717 superati,
501 2670 765 2716 contemptus
794 2674 963 2715 quoque
991 2658 1184 2706 bostium,
1208 2657 1313 2699 adeo
1336 2657 1530 2713 ignoran-

137 2717 240 2759 tium
263 2718 597 2775 opportunitates
618 2733 723 2767 snas,
747 2717 931 2758 accessit.
998 2716 1210 2757 Sacrificio
1232 2716 1308 2756 rite
1331 2715 1528 2772 perfecto,

137 2775 294 2825 consul,
332 2786 374 2817 et
413 2776 624 2817 frumento
664 2775 763 2817 dato
805 2774 1018 2823 militibus,
1054 2790 1208 2831 pancos
1248 2773 1300 2814 ad
1341 2773 1530 2829 requiem

140 2883 280 2920 lendum,
305 2890 361 2915 ant
386 2884 415 2915 in
440 2884 508 2915 eius
534 2886 638 2915 locum
665 2885 738 2915 inds-
767 2895 808 2914 re-
904 2895 923 2923 ι)
947 2887 1019 2920 Qun
1045 2885 1158 2923 Tempe
1180 2883 1317 2919 ‹uleimll
1360 2882 1532 2912 ΛιΙι-ηιιίυο·

141 2927 320 2965 poncndmn
350 2927 488 2958 coniicit.
542 2928 693 2959 Muretus
718 2929 810 2958 invasi
857 2937 893 2956 cx
934 2926 1160 2957 emendatione
1199 2924 1353 2956 Gronovii
1393 2923 1532 2963 reposuit

140 2969 300 2999 eruendam.
863 2969 1000 2999 bekker.
