<?xml version="1.0" encoding="UTF-8"?>
<!DOCTYPE html PUBLIC "-//W3C//DTD XHTML 1.0 Transitional//EN"
    "http://www.w3.org/TR/xhtml1/DTD/xhtml1-transitional.dtd">
<html xmlns="http://www.w3.org/1999/xhtml" xml:lang="en" lang="en">
 <head>
  <title>
</title>
<meta http-equiv="Content-Type" content="text/html;charset=utf-8" />
  <meta name='ocr-system' content='tesseract 3.04.00' />
  <meta name='ocr-capabilities' content='ocr_page ocr_carea ocr_par ocr_line ocrx_word'/>
</head>
<body>
  <div class='ocr_page' id='page_1' title='image "./historiarumli04livyuoft/historiarumli04livyuoft_0023.png"; bbox 0 0 1888 3194; ppageno 0'>
   <div class='ocr_carea' id='block_1_1' title="bbox 543 187 1509 234">
    <p class='ocr_par' dir='ltr' id='par_1_1' title="bbox 543 187 1509 234">
     <span class='ocr_line' id='line_1_1' title="bbox 543 187 1509 234; baseline 0.004 -4"><span class='ocrx_word' id='word_1_1' title='bbox 543 187 670 231; x_wconf 94' lang='lat' dir='ltr'><strong>LIB.</strong></span> <span class='ocrx_word' id='word_1_2' title='bbox 703 188 824 230; x_wconf 88' lang='lat' dir='ltr'>XLL</span> <span class='ocrx_word' id='word_1_3' title='bbox 868 189 1015 231; x_wconf 89' lang='lat' dir='ltr'><strong>CAP.</strong></span> <span class='ocrx_word' id='word_1_4' title='bbox 1053 194 1116 231; x_wconf 86' lang='lat'>10.</span> <span class='ocrx_word' id='word_1_5' title='bbox 1460 195 1509 234; x_wconf 90' lang='lat'>15</span> 
     </span>
    </p>
   </div>
   <div class='ocr_carea' id='block_1_2' title="bbox 95 279 1720 2705">
    <p class='ocr_par' dir='ltr' id='par_1_2' title="bbox 125 279 1720 452">
     <span class='ocr_line' id='line_1_2' title="bbox 129 279 1720 338; baseline 0.002 -16"><span class='ocrx_word' id='word_1_6' title='bbox 129 279 330 322; x_wconf 88' lang='lat' dir='ltr'>‘civitatis</span> <span class='ocrx_word' id='word_1_7' title='bbox 349 279 575 321; x_wconf 86' lang='lat' dir='ltr'>mutandae</span> <span class='ocrx_word' id='word_1_8' title='bbox 597 295 720 322; x_wconf 89' lang='lat' dir='ltr'>eausa</span> <span class='ocrx_word' id='word_1_9' title='bbox 746 295 875 322; x_wconf 90' lang='lat' dir='ltr'>manu</span> <span class='ocrx_word' id='word_1_10' title='bbox 901 295 987 322; x_wconf 90' lang='lat' dir='ltr'>non</span> <span class='ocrx_word' id='word_1_11' title='bbox 1009 281 1199 322; x_wconf 84' lang='lat' dir='ltr'>mittere:</span> <span class='ocrx_word' id='word_1_12' title='bbox 1210 280 1323 338; x_wconf 90' lang='lat' dir='ltr'>’qui</span> <span class='ocrx_word' id='word_1_13' title='bbox 1351 282 1396 323; x_wconf 89' lang='lat' dir='ltr'>id</span> <span class='ocrx_word' id='word_1_14' title='bbox 1423 299 1508 326; x_wconf 91' lang='lat' dir='ltr'>non</span> <span class='ocrx_word' id='word_1_15' title='bbox 1525 292 1569 324; x_wconf 92' lang='lat' dir='ltr'>U.</span> <span class='ocrx_word' id='word_1_16' title='bbox 1585 293 1624 325; x_wconf 86' lang='lat' dir='ltr'>C.</span> <span class='ocrx_word' id='word_1_17' title='bbox 1647 300 1720 333; x_wconf 87' lang='lat'><strong><em>575.</em></strong></span> 
     </span>
     <span class='ocr_line' id='line_1_3' title="bbox 126 336 1719 386; baseline 0.001 -6"><span class='ocrx_word' id='word_1_18' title='bbox 126 339 292 386; x_wconf 87' lang='lat' dir='ltr'>iuraret,</span> <span class='ocrx_word' id='word_1_19' title='bbox 324 351 422 378; x_wconf 91' lang='lat' dir='ltr'>eum</span> <span class='ocrx_word' id='word_1_20' title='bbox 452 337 834 379; x_wconf 87' lang='lat' dir='ltr'>manumittendum</span> <span class='ocrx_word' id='word_1_21' title='bbox 864 353 950 379; x_wconf 89' lang='lat' dir='ltr'>non</span> <span class='ocrx_word' id='word_1_22' title='bbox 981 347 1244 380; x_wconf 89' lang='lat' dir='ltr'>censuerunt.</span> <span class='ocrx_word' id='word_1_23' title='bbox 1309 338 1427 380; x_wconf 85' lang='lat' dir='ltr'>Haec</span> <span class='ocrx_word' id='word_1_24' title='bbox 1464 336 1561 382; x_wconf 71' lang='lat' dir='ltr'>inA·</span> <span class='ocrx_word' id='word_1_25' title='bbox 1586 336 1625 368; x_wconf 90' lang='lat' dir='ltr'>C.</span> <span class='ocrx_word' id='word_1_26' title='bbox 1649 344 1719 375; x_wconf 83' lang='grc' dir='ltr'>Ῑ77·</span> 
     </span>
     <span class='ocr_line' id='line_1_4' title="bbox 125 395 1510 452; baseline 0.003 -16"><span class='ocrx_word' id='word_1_27' title='bbox 125 405 338 452; x_wconf 87' lang='lat' dir='ltr'>posterum</span> <span class='ocrx_word' id='word_1_28' title='bbox 362 410 486 436; x_wconf 89' lang='lat' dir='ltr'>causa</span> <span class='ocrx_word' id='word_1_29' title='bbox 508 395 692 452; x_wconf 91' lang='lat' dir='ltr'>iurisque</span> <span class='ocrx_word' id='word_1_30' title='bbox 721 395 849 437; x_wconf 88' lang='lat' dir='ltr'>dictio</span> <span class='ocrx_word' id='word_1_31' title='bbox 879 395 930 437; x_wconf 88' lang='lat' dir='ltr'>C.</span> <span class='ocrx_word' id='word_1_32' title='bbox 951 395 1129 438; x_wconf 90' lang='lat' dir='ltr'>Claudio</span> <span class='ocrx_word' id='word_1_33' title='bbox 1155 396 1315 438; x_wconf 88' lang='lat' dir='ltr'>consuli</span> <span class='ocrx_word' id='word_1_34' title='bbox 1342 396 1510 440; x_wconf 88' lang='lat' dir='ltr'>decreta</span> 
     </span>
    </p>

    <p class='ocr_par' dir='ltr' id='par_1_3' title="bbox 126 460 199 494">
     <span class='ocr_line' id='line_1_5' title="bbox 126 460 199 494; baseline 0 0"><span class='ocrx_word' id='word_1_35' title='bbox 126 460 199 494; x_wconf 87' lang='lat' dir='ltr'>est.</span> 
     </span>
    </p>

    <p class='ocr_par' dir='ltr' id='par_1_4' title="bbox 125 509 1697 689">
     <span class='ocr_line' id='line_1_6' title="bbox 183 509 1652 568; baseline 0.003 -17"><span class='ocrx_word' id='word_1_36' title='bbox 183 509 301 551; x_wconf 92' lang='lat' dir='ltr'>Dum</span> <span class='ocrx_word' id='word_1_37' title='bbox 329 509 431 552; x_wconf 91' lang='lat' dir='ltr'>haec</span> <span class='ocrx_word' id='word_1_38' title='bbox 461 510 621 552; x_wconf 86' lang='lat' dir='ltr'>Rornae</span> <span class='ocrx_word' id='word_1_39' title='bbox 651 519 866 568; x_wconf 85' lang='lat' dir='ltr'>geruntur,</span> <span class='ocrx_word' id='word_1_40' title='bbox 896 509 958 552; x_wconf 86' lang='lat' dir='ltr'>M.</span> <span class='ocrx_word' id='word_1_41' title='bbox 978 509 1126 552; x_wconf 89' lang='lat' dir='ltr'>Iunius</span> <span class='ocrx_word' id='word_1_42' title='bbox 1155 520 1198 552; x_wconf 90' lang='lat' dir='ltr'>et</span> <span class='ocrx_word' id='word_1_43' title='bbox 1229 511 1282 552; x_wconf 92' lang='lat' dir='ltr'>A.</span> <span class='ocrx_word' id='word_1_44' title='bbox 1307 511 1506 562; x_wconf 83' lang='lat' dir='ltr'>Manlius,</span> <span class='ocrx_word' id='word_1_45' title='bbox 1589 517 1652 556; x_wconf 85' lang='lat'>10.</span> 
     </span>
     <span class='ocr_line' id='line_1_7' title="bbox 126 568 1636 632; baseline 0.001 -22"><span class='ocrx_word' id='word_1_46' title='bbox 126 568 200 625; x_wconf 90' lang='lat' dir='ltr'>qui</span> <span class='ocrx_word' id='word_1_47' title='bbox 218 568 354 632; x_wconf 69' lang='lat' dir='ltr'>priore</span> <span class='ocrx_word' id='word_1_48' title='bbox 371 583 481 609; x_wconf 89' lang='lat' dir='ltr'>anno</span> <span class='ocrx_word' id='word_1_49' title='bbox 497 568 686 610; x_wconf 88' lang='lat' dir='ltr'>consules</span> <span class='ocrx_word' id='word_1_50' title='bbox 705 568 883 618; x_wconf 88' lang='lat' dir='ltr'>fuerant,</span> <span class='ocrx_word' id='word_1_51' title='bbox 901 583 1032 624; x_wconf 90' lang='lat' dir='ltr'>quum</span> <span class='ocrx_word' id='word_1_52' title='bbox 1050 568 1272 625; x_wconf 84' lang='lat' dir='ltr'>Aquileiae</span> <span class='ocrx_word' id='word_1_53' title='bbox 1295 569 1413 611; x_wconf 83' lang='lat' dir='ltr'>h1be1</span> <span class='ocrx_word' id='word_1_54' title='bbox 1416 585 1508 612; x_wconf 88' lang='lat' dir='ltr'>nas-</span> <span class='ocrx_word' id='word_1_55' title='bbox 1522 571 1611 602; x_wconf 84' lang='lat' dir='ltr'>Res·</span> <span class='ocrx_word' id='word_1_56' title='bbox 1603 582 1636 603; x_wconf 85' lang='lat'>¹11</span> 
     </span>
     <span class='ocr_line' id='line_1_8' title="bbox 125 614 1697 689; baseline 0.001 -21"><span class='ocrx_word' id='word_1_57' title='bbox 125 634 231 675; x_wconf 85' lang='lat' dir='ltr'>sent,</span> <span class='ocrx_word' id='word_1_58' title='bbox 253 625 458 682; x_wconf 76' lang='lat' dir='ltr'>principio</span> <span class='ocrx_word' id='word_1_59' title='bbox 479 626 584 667; x_wconf 91' lang='lat' dir='ltr'>veris</span> <span class='ocrx_word' id='word_1_60' title='bbox 612 626 657 667; x_wconf 88' lang='lat' dir='ltr'>in</span> <span class='ocrx_word' id='word_1_61' title='bbox 676 626 781 668; x_wconf 89' lang='lat' dir='ltr'>fines</span> <span class='ocrx_word' id='word_1_62' title='bbox 808 625 1010 667; x_wconf 87' lang='lat' dir='ltr'>Istrorum</span> <span class='ocrx_word' id='word_1_63' title='bbox 1032 627 1263 668; x_wconf 75' lang='lat' dir='ltr'>exelcitum</span> <span class='ocrx_word' id='word_1_64' title='bbox 1288 627 1507 669; x_wconf 86' lang='lat' dir='ltr'>introdux-</span> <span class='ocrx_word' id='word_1_65' title='bbox 1520 614 1697 689; x_wconf 53' lang='grc' dir='ltr'>ξὲξτξῇῗί·</span> 
     </span>
    </p>

    <p class='ocr_par' dir='ltr' id='par_1_5' title="bbox 95 683 1631 2705">
     <span class='ocr_line' id='line_1_9' title="bbox 126 683 1631 741; baseline 0.003 -16"><span class='ocrx_word' id='word_1_66' title='bbox 126 693 271 726; x_wconf 86' lang='lat' dir='ltr'>erunt:</span> <span class='ocrx_word' id='word_1_67' title='bbox 304 683 377 724; x_wconf 89' lang='lat' dir='ltr'>ubi</span> <span class='ocrx_word' id='word_1_68' title='bbox 405 699 536 740; x_wconf 90' lang='lat' dir='ltr'>quum</span> <span class='ocrx_word' id='word_1_69' title='bbox 563 683 691 725; x_wconf 87' lang='lat' dir='ltr'>effuse</span> <span class='ocrx_word' id='word_1_70' title='bbox 721 683 1033 740; x_wconf 89' lang='lat' dir='ltr'>popularentur,</span> <span class='ocrx_word' id='word_1_71' title='bbox 1063 683 1181 725; x_wconf 91' lang='lat' dir='ltr'>dolor</span> <span class='ocrx_word' id='word_1_72' title='bbox 1211 685 1341 741; x_wconf 83' lang='lat' dir='ltr'>magis</span> <span class='ocrx_word' id='word_1_73' title='bbox 1371 694 1413 726; x_wconf 89' lang='lat' dir='ltr'>et</span> <span class='ocrx_word' id='word_1_74' title='bbox 1443 686 1508 727; x_wconf 89' lang='lat' dir='ltr'>in·</span> <span class='ocrx_word' id='word_1_75' title='bbox 1520 700 1631 732; x_wconf 77' lang='lat' dir='ltr'>manis.</span> 
     </span>
     <span class='ocr_line' id='line_1_10' title="bbox 125 741 1506 806; baseline 0.003 -25"><span class='ocrx_word' id='word_1_76' title='bbox 125 741 314 806; x_wconf 81' lang='lat' dir='ltr'>dignatio</span> <span class='ocrx_word' id='word_1_77' title='bbox 340 741 465 806; x_wconf 88' lang='lat' dir='ltr'>diripi</span> <span class='ocrx_word' id='word_1_78' title='bbox 491 756 556 783; x_wconf 91' lang='lat' dir='ltr'>res</span> <span class='ocrx_word' id='word_1_79' title='bbox 583 757 676 783; x_wconf 88' lang='lat' dir='ltr'>suas</span> <span class='ocrx_word' id='word_1_80' title='bbox 702 750 922 783; x_wconf 87' lang='lat' dir='ltr'>cernentes</span> <span class='ocrx_word' id='word_1_81' title='bbox 949 741 1088 790; x_wconf 86' lang='lat' dir='ltr'>Istros,</span> <span class='ocrx_word' id='word_1_82' title='bbox 1112 757 1238 797; x_wconf 88' lang='lat' dir='ltr'>quam</span> <span class='ocrx_word' id='word_1_83' title='bbox 1268 753 1380 784; x_wconf 88' lang='lat' dir='ltr'>certa</span> <span class='ocrx_word' id='word_1_84' title='bbox 1401 758 1506 800; x_wconf 90' lang='lat' dir='ltr'>spes,</span> 
     </span>
     <span class='ocr_line' id='line_1_11' title="bbox 125 798 1509 848; baseline 0.001 -7"><span class='ocrx_word' id='word_1_85' title='bbox 125 799 223 841; x_wconf 89' lang='lat' dir='ltr'>satis</span> <span class='ocrx_word' id='word_1_86' title='bbox 237 798 315 840; x_wconf 87' lang='lat' dir='ltr'>sibi</span> <span class='ocrx_word' id='word_1_87' title='bbox 327 814 477 840; x_wconf 70' lang='lat' dir='ltr'>rmum</span> <span class='ocrx_word' id='word_1_88' title='bbox 494 799 689 841; x_wconf 90' lang='lat' dir='ltr'>adversus</span> <span class='ocrx_word' id='word_1_89' title='bbox 705 799 810 840; x_wconf 91' lang='lat' dir='ltr'>duos</span> <span class='ocrx_word' id='word_1_90' title='bbox 823 799 1041 848; x_wconf 82' lang='lat' dir='ltr'>exercitus,</span> <span class='ocrx_word' id='word_1_91' title='bbox 1059 800 1178 841; x_wconf 81' lang='lat' dir='ltr'>cxciv</span> <span class='ocrx_word' id='word_1_92' title='bbox 1181 800 1222 841; x_wconf 90' lang='lat' dir='ltr'>it.</span> <span class='ocrx_word' id='word_1_93' title='bbox 1288 800 1509 843; x_wconf 87' lang='lat' dir='ltr'>Concursu</span> 
     </span>
     <span class='ocr_line' id='line_1_12' title="bbox 126 856 1510 922; baseline 0.001 -23"><span class='ocrx_word' id='word_1_94' title='bbox 126 872 180 899; x_wconf 87' lang='lat' dir='ltr'>ex</span> <span class='ocrx_word' id='word_1_95' title='bbox 199 856 393 898; x_wconf 87' lang='lat' dir='ltr'>omnibus</span> <span class='ocrx_word' id='word_1_96' title='bbox 411 856 602 922; x_wconf 82' lang='lat' dir='ltr'>populis</span> <span class='ocrx_word' id='word_1_97' title='bbox 592 857 819 899; x_wconf 83' lang='lat' dir='ltr'>luventutis</span> <span class='ocrx_word' id='word_1_98' title='bbox 839 857 961 907; x_wconf 89' lang='lat' dir='ltr'>facto,</span> <span class='ocrx_word' id='word_1_99' title='bbox 983 857 1226 914; x_wconf 87' lang='lat' dir='ltr'>repentinus</span> <span class='ocrx_word' id='word_1_100' title='bbox 1243 867 1284 899; x_wconf 84' lang='lat' dir='ltr'>et</span> <span class='ocrx_word' id='word_1_101' title='bbox 1307 859 1510 901; x_wconf 86' lang='lat' dir='ltr'>tumultu-</span> 
     </span>
     <span class='ocr_line' id='line_1_13' title="bbox 126 914 1506 980; baseline 0.002 -25"><span class='ocrx_word' id='word_1_102' title='bbox 126 915 236 956; x_wconf 84' lang='lat' dir='ltr'>arius</span> <span class='ocrx_word' id='word_1_103' title='bbox 263 915 470 956; x_wconf 84' lang='lat' dir='ltr'>exercitus</span> <span class='ocrx_word' id='word_1_104' title='bbox 490 930 624 956; x_wconf 84' lang='lat' dir='ltr'>acrlus</span> <span class='ocrx_word' id='word_1_105' title='bbox 650 915 784 972; x_wconf 89' lang='lat' dir='ltr'>primo</span> <span class='ocrx_word' id='word_1_106' title='bbox 812 914 987 971; x_wconf 90' lang='lat' dir='ltr'>impetu,</span> <span class='ocrx_word' id='word_1_107' title='bbox 1009 930 1149 980; x_wconf 40' lang='lat' dir='ltr'>quam.</span> <span class='ocrx_word' id='word_1_108' title='bbox 1162 917 1506 972; x_wconf 78' lang='lat' dir='ltr'>perseveiantius,</span> 
     </span>
     <span class='ocr_line' id='line_1_14' title="bbox 124 972 1506 1038; baseline 0.001 -24"><span class='ocrx_word' id='word_1_109' title='bbox 124 972 338 1038; x_wconf 82' lang='lat' dir='ltr'>pugnavit.</span> <span class='ocrx_word' id='word_1_110' title='bbox 400 972 473 1013; x_wconf 91' lang='lat' dir='ltr'>Ad</span> <span class='ocrx_word' id='word_1_111' title='bbox 494 982 691 1028; x_wconf 88' lang='lat' dir='ltr'>quattuor</span> <span class='ocrx_word' id='word_1_112' title='bbox 710 972 839 1014; x_wconf 89' lang='lat' dir='ltr'>millia</span> <span class='ocrx_word' id='word_1_113' title='bbox 859 988 1004 1014; x_wconf 86' lang='lat' dir='ltr'>eorum</span> <span class='ocrx_word' id='word_1_114' title='bbox 1026 973 1068 1013; x_wconf 90' lang='lat' dir='ltr'>in</span> <span class='ocrx_word' id='word_1_115' title='bbox 1091 973 1177 1014; x_wconf 88' lang='lat' dir='ltr'>acie</span> <span class='ocrx_word' id='word_1_116' title='bbox 1195 989 1330 1015; x_wconf 85' lang='lat' dir='ltr'>caesa:</span> <span class='ocrx_word' id='word_1_117' title='bbox 1364 975 1506 1026; x_wconf 89' lang='lat' dir='ltr'>ceteri,</span> 
     </span>
     <span class='ocr_line' id='line_1_15' title="bbox 125 1029 1508 1088; baseline 0.002 -16"><span class='ocrx_word' id='word_1_118' title='bbox 125 1030 276 1072; x_wconf 88' lang='lat' dir='ltr'>omisso</span> <span class='ocrx_word' id='word_1_119' title='bbox 296 1029 452 1080; x_wconf 91' lang='lat' dir='ltr'>bello,</span> <span class='ocrx_word' id='word_1_120' title='bbox 442 1045 485 1070; x_wconf 94' lang='lat' dir='ltr'>1n</span> <span class='ocrx_word' id='word_1_121' title='bbox 513 1030 699 1072; x_wconf 87' lang='lat' dir='ltr'>civitates</span> <span class='ocrx_word' id='word_1_122' title='bbox 719 1031 869 1086; x_wconf 85' lang='lat' dir='ltr'>passim</span> <span class='ocrx_word' id='word_1_123' title='bbox 892 1030 1159 1086; x_wconf 83' lang='lat' dir='ltr'>diffugerunt.</span> <span class='ocrx_word' id='word_1_124' title='bbox 1222 1031 1328 1073; x_wconf 90' lang='lat' dir='ltr'>Inde</span> <span class='ocrx_word' id='word_1_125' title='bbox 1350 1031 1508 1088; x_wconf 84' lang='lat' dir='ltr'>legatos</span> 
     </span>
     <span class='ocr_line' id='line_1_16' title="bbox 123 1086 1509 1152; baseline 0.003 -24"><span class='ocrx_word' id='word_1_126' title='bbox 123 1087 306 1152; x_wconf 79' lang='lat' dir='ltr'>primum</span> <span class='ocrx_word' id='word_1_127' title='bbox 327 1086 382 1128; x_wconf 91' lang='lat' dir='ltr'>ad</span> <span class='ocrx_word' id='word_1_128' title='bbox 401 1102 546 1143; x_wconf 83' lang='lat' dir='ltr'>pacem</span> <span class='ocrx_word' id='word_1_129' title='bbox 567 1087 823 1144; x_wconf 87' lang='lat' dir='ltr'>petendam</span> <span class='ocrx_word' id='word_1_130' title='bbox 813 1103 856 1128; x_wconf 91' lang='lat' dir='ltr'>1n</span> <span class='ocrx_word' id='word_1_131' title='bbox 877 1097 1010 1129; x_wconf 83' lang='lat' dir='ltr'>castra</span> <span class='ocrx_word' id='word_1_132' title='bbox 1031 1089 1236 1138; x_wconf 85' lang='lat' dir='ltr'>Romana,</span> <span class='ocrx_word' id='word_1_133' title='bbox 1259 1089 1412 1131; x_wconf 91' lang='lat' dir='ltr'>deinde</span> <span class='ocrx_word' id='word_1_134' title='bbox 1435 1091 1509 1132; x_wconf 92' lang='lat' dir='ltr'>ob-</span> 
     </span>
     <span class='ocr_line' id='line_1_17' title="bbox 123 1144 1509 1204; baseline 0.004 -19"><span class='ocrx_word' id='word_1_135' title='bbox 123 1145 233 1186; x_wconf 89' lang='lat' dir='ltr'>sides</span> <span class='ocrx_word' id='word_1_136' title='bbox 272 1144 509 1201; x_wconf 83' lang='lat' dir='ltr'>imperatOS,</span> <span class='ocrx_word' id='word_1_137' title='bbox 546 1146 759 1186; x_wconf 90' lang='lat' dir='ltr'>miserunt.</span> <span class='ocrx_word' id='word_1_138' title='bbox 822 1144 941 1186; x_wconf 86' lang='lat' dir='ltr'>Haec</span> <span class='ocrx_word' id='word_1_139' title='bbox 974 1160 1105 1201; x_wconf 90' lang='lat' dir='ltr'>quum</span> <span class='ocrx_word' id='word_1_140' title='bbox 1147 1146 1308 1188; x_wconf 85' lang='lat' dir='ltr'>Romae</span> <span class='ocrx_word' id='word_1_141' title='bbox 1341 1148 1509 1204; x_wconf 82' lang='lat' dir='ltr'>cognita</span> 
     </span>
     <span class='ocr_line' id='line_1_18' title="bbox 122 1202 1507 1268; baseline 0.002 -24"><span class='ocrx_word' id='word_1_142' title='bbox 122 1202 255 1244; x_wconf 88' lang='lat' dir='ltr'>literis</span> <span class='ocrx_word' id='word_1_143' title='bbox 280 1202 576 1268; x_wconf 87' lang='lat' dir='ltr'>proconsulum</span> <span class='ocrx_word' id='word_1_144' title='bbox 604 1212 753 1253; x_wconf 87' lang='lat' dir='ltr'>essent,</span> <span class='ocrx_word' id='word_1_145' title='bbox 779 1202 828 1244; x_wconf 88' lang='lat' dir='ltr'>C.</span> <span class='ocrx_word' id='word_1_146' title='bbox 851 1202 1054 1244; x_wconf 86' lang='lat' dir='ltr'>Claudius</span> <span class='ocrx_word' id='word_1_147' title='bbox 1081 1204 1238 1253; x_wconf 88' lang='lat' dir='ltr'>consul,</span> <span class='ocrx_word' id='word_1_148' title='bbox 1262 1205 1428 1255; x_wconf 72' lang='lat' dir='ltr'>veritus,</span> <span class='ocrx_word' id='word_1_149' title='bbox 1454 1221 1507 1247; x_wconf 90' lang='lat' dir='ltr'>ne</span> 
     </span>
     <span class='ocr_line' id='line_1_19' title="bbox 123 1260 1509 1326; baseline 0.001 -24"><span class='ocrx_word' id='word_1_150' title='bbox 123 1260 227 1302; x_wconf 83' lang='lat' dir='ltr'>forte</span> <span class='ocrx_word' id='word_1_151' title='bbox 258 1275 308 1302; x_wconf 89' lang='lat' dir='ltr'>ea</span> <span class='ocrx_word' id='word_1_152' title='bbox 340 1275 405 1302; x_wconf 88' lang='lat' dir='ltr'>res</span> <span class='ocrx_word' id='word_1_153' title='bbox 434 1260 691 1317; x_wconf 87' lang='lat' dir='ltr'>provinciam</span> <span class='ocrx_word' id='word_1_154' title='bbox 721 1261 1037 1326; x_wconf 80' lang='lat' dir='ltr'>exercitumque</span> <span class='ocrx_word' id='word_1_155' title='bbox 1067 1261 1145 1302; x_wconf 86' lang='lat' dir='ltr'>sibi</span> <span class='ocrx_word' id='word_1_156' title='bbox 1176 1262 1390 1312; x_wconf 85' lang='lat' dir='ltr'>adimeret,</span> <span class='ocrx_word' id='word_1_157' title='bbox 1422 1279 1509 1304; x_wconf 90' lang='lat' dir='ltr'>non</span> 
     </span>
     <span class='ocr_line' id='line_1_20' title="bbox 96 1318 1508 1375; baseline 0.002 -16"><span class='ocrx_word' id='word_1_158' title='bbox 96 1331 109 1353; x_wconf 87' lang='lat'>1</span> <span class='ocrx_word' id='word_1_159' title='bbox 124 1318 230 1360; x_wconf 88' lang='lat' dir='ltr'>votis</span> <span class='ocrx_word' id='word_1_160' title='bbox 245 1319 507 1375; x_wconf 88' lang='lat' dir='ltr'>nuncupatis,</span> <span class='ocrx_word' id='word_1_161' title='bbox 522 1334 607 1361; x_wconf 90' lang='lat' dir='ltr'>non</span> <span class='ocrx_word' id='word_1_162' title='bbox 624 1318 859 1375; x_wconf 87' lang='lat' dir='ltr'>paludatus,</span> <span class='ocrx_word' id='word_1_163' title='bbox 874 1319 963 1360; x_wconf 88' lang='lat' dir='ltr'>sine</span> <span class='ocrx_word' id='word_1_164' title='bbox 981 1318 1205 1369; x_wconf 84' lang='lat' dir='ltr'>lictoribus,</span> <span class='ocrx_word' id='word_1_165' title='bbox 1222 1335 1305 1361; x_wconf 85' lang='lat' dir='ltr'>uno</span> <span class='ocrx_word' id='word_1_166' title='bbox 1320 1321 1508 1362; x_wconf 87' lang='lat' dir='ltr'>omnium</span> 
     </span>
     <span class='ocr_line' id='line_1_21' title="bbox 124 1376 1510 1435; baseline 0.001 -17"><span class='ocrx_word' id='word_1_167' title='bbox 124 1376 298 1418; x_wconf 85' lang='lat' dir='ltr'>certiore</span> <span class='ocrx_word' id='word_1_168' title='bbox 319 1376 427 1418; x_wconf 88' lang='lat' dir='ltr'>facto</span> <span class='ocrx_word' id='word_1_169' title='bbox 455 1376 624 1433; x_wconf 78' lang='lat' dir='ltr'>collega,</span> <span class='ocrx_word' id='word_1_170' title='bbox 646 1387 770 1418; x_wconf 88' lang='lat' dir='ltr'>nocte</span> <span class='ocrx_word' id='word_1_171' title='bbox 798 1377 1020 1433; x_wconf 89' lang='lat' dir='ltr'>profectus,</span> <span class='ocrx_word' id='word_1_172' title='bbox 1043 1392 1241 1434; x_wconf 87' lang='lat' dir='ltr'>praeceps</span> <span class='ocrx_word' id='word_1_173' title='bbox 1268 1378 1311 1418; x_wconf 92' lang='lat' dir='ltr'>in</span> <span class='ocrx_word' id='word_1_174' title='bbox 1340 1379 1510 1435; x_wconf 85' lang='lat' dir='ltr'>provin-</span> 
     </span>
     <span class='ocr_line' id='line_1_22' title="bbox 123 1434 1506 1491; baseline 0.001 -15"><span class='ocrx_word' id='word_1_175' title='bbox 123 1434 230 1476; x_wconf 87' lang='lat' dir='ltr'>ciam</span> <span class='ocrx_word' id='word_1_176' title='bbox 271 1434 396 1476; x_wconf 87' lang='lat' dir='ltr'>abiit:</span> <span class='ocrx_word' id='word_1_177' title='bbox 449 1435 520 1476; x_wconf 88' lang='lat' dir='ltr'>ubi</span> <span class='ocrx_word' id='word_1_178' title='bbox 567 1434 855 1484; x_wconf 83' lang='lat' dir='ltr'>inconsultius,</span> <span class='ocrx_word' id='word_1_179' title='bbox 897 1450 1023 1490; x_wconf 87' lang='lat' dir='ltr'>quam</span> <span class='ocrx_word' id='word_1_180' title='bbox 1062 1444 1328 1485; x_wconf 71' lang='lat' dir='ltr'>xene1at,se</span> <span class='ocrx_word' id='word_1_181' title='bbox 1369 1437 1506 1491; x_wconf 74' lang='lat' dir='ltr'>gessit.</span> 
     </span>
     <span class='ocr_line' id='line_1_23' title="bbox 125 1491 1510 1558; baseline 0.001 -24"><span class='ocrx_word' id='word_1_182' title='bbox 125 1491 250 1542; x_wconf 88' lang='lat' dir='ltr'>Nam,</span> <span class='ocrx_word' id='word_1_183' title='bbox 277 1507 407 1548; x_wconf 89' lang='lat' dir='ltr'>quum</span> <span class='ocrx_word' id='word_1_184' title='bbox 435 1493 636 1534; x_wconf 88' lang='lat' dir='ltr'>concione</span> <span class='ocrx_word' id='word_1_185' title='bbox 664 1492 863 1534; x_wconf 83' lang='lat' dir='ltr'>advocata</span> <span class='ocrx_word' id='word_1_186' title='bbox 889 1493 1029 1558; x_wconf 81' lang='lat' dir='ltr'>fugam</span> <span class='ocrx_word' id='word_1_187' title='bbox 1058 1508 1080 1534; x_wconf 90' lang='lat' dir='ltr'>e</span> <span class='ocrx_word' id='word_1_188' title='bbox 1109 1494 1250 1534; x_wconf 86' lang='lat' dir='ltr'>castris</span> <span class='ocrx_word' id='word_1_189' title='bbox 1280 1494 1332 1534; x_wconf 89' lang='lat' dir='ltr'>A.</span> <span class='ocrx_word' id='word_1_190' title='bbox 1356 1494 1510 1536; x_wconf 77' lang='lat' dir='ltr'>Manlii</span> 
     </span>
     <span class='ocr_line' id='line_1_24' title="bbox 124 1549 1509 1649; baseline 0.002 -59"><span class='ocrx_word' id='word_1_191' title='bbox 124 1549 304 1591; x_wconf 82' lang='lat' dir='ltr'>adversis</span> <span class='ocrx_word' id='word_1_192' title='bbox 331 1551 498 1591; x_wconf 88' lang='lat' dir='ltr'>auribus</span> <span class='ocrx_word' id='word_1_193' title='bbox 522 1550 700 1592; x_wconf 89' lang='lat' dir='ltr'>militum</span> <span class='ocrx_word' id='word_1_194' title='bbox 729 1551 906 1649; x_wconf 53' lang='lat' dir='ltr'>(quipge</span> <span class='ocrx_word' id='word_1_195' title='bbox 935 1551 1009 1606; x_wconf 91' lang='lat' dir='ltr'>qui</span> <span class='ocrx_word' id='word_1_196' title='bbox 1035 1550 1159 1606; x_wconf 90' lang='lat' dir='ltr'>primi</span> <span class='ocrx_word' id='word_1_197' title='bbox 1180 1551 1258 1607; x_wconf 89' lang='lat' dir='ltr'>ipsi</span> <span class='ocrx_word' id='word_1_198' title='bbox 1285 1552 1509 1608; x_wconf 81' lang='lat' dir='ltr'>fugissent)</span> 
     </span>
     <span class='ocr_line' id='line_1_25' title="bbox 123 1607 1510 1665; baseline 0.003 -17"><span class='ocrx_word' id='word_1_199' title='bbox 123 1607 325 1657; x_wconf 83' lang='lat' dir='ltr'>iactasset,</span> <span class='ocrx_word' id='word_1_200' title='bbox 347 1608 665 1664; x_wconf 80' lang='lat' dir='ltr'>ingessissetque</span> <span class='ocrx_word' id='word_1_201' title='bbox 686 1609 876 1665; x_wconf 62' lang='lat' dir='ltr'>probrass</span> <span class='ocrx_word' id='word_1_202' title='bbox 886 1607 919 1649; x_wconf 92' lang='grc' dir='ltr'>Ι.</span> <span class='ocrx_word' id='word_1_203' title='bbox 939 1608 1076 1658; x_wconf 90' lang='lat' dir='ltr'>Iunio,</span> <span class='ocrx_word' id='word_1_204' title='bbox 1094 1609 1209 1664; x_wconf 91' lang='lat' dir='ltr'>quod</span> <span class='ocrx_word' id='word_1_205' title='bbox 1229 1624 1272 1650; x_wconf 91' lang='lat' dir='ltr'>se</span> <span class='ocrx_word' id='word_1_206' title='bbox 1293 1609 1510 1652; x_wconf 87' lang='lat' dir='ltr'>dedecoris</span> 
     </span>
     <span class='ocr_line' id='line_1_26' title="bbox 124 1664 1508 1730; baseline 0.004 -25"><span class='ocrx_word' id='word_1_207' title='bbox 124 1665 282 1706; x_wconf 85' lang='lat' dir='ltr'>socium</span> <span class='ocrx_word' id='word_1_208' title='bbox 300 1664 491 1730; x_wconf 82' lang='lat' dir='ltr'>collegae</span> <span class='ocrx_word' id='word_1_209' title='bbox 512 1666 688 1716; x_wconf 83' lang='lat' dir='ltr'>fecisset,</span> <span class='ocrx_word' id='word_1_210' title='bbox 711 1666 764 1707; x_wconf 86' lang='lat' dir='ltr'>ad</span> <span class='ocrx_word' id='word_1_211' title='bbox 792 1676 1028 1708; x_wconf 84' lang='lat' dir='ltr'>extremum</span> <span class='ocrx_word' id='word_1_212' title='bbox 1056 1675 1281 1723; x_wconf 90' lang='lat' dir='ltr'>utrumque</span> <span class='ocrx_word' id='word_1_213' title='bbox 1303 1667 1508 1710; x_wconf 89' lang='lat' dir='ltr'>decedere</span> 
     </span>
     <span class='ocr_line' id='line_1_27' title="bbox 124 1698 1509 1782; baseline 0.003 -19"><span class='ocrx_word' id='word_1_214' title='bbox 124 1722 337 1779; x_wconf 88' lang='lat' dir='ltr'>provincia</span> <span class='ocrx_word' id='word_1_215' title='bbox 375 1722 503 1764; x_wconf 81' lang='lat' dir='ltr'>iussit.</span> <span class='ocrx_word' id='word_1_216' title='bbox 569 1698 698 1772; x_wconf 83' lang='lat' dir='ltr'>Quod</span> <span class='ocrx_word' id='word_1_217' title='bbox 732 1738 861 1779; x_wconf 90' lang='lat' dir='ltr'>quum</span> <span class='ocrx_word' id='word_1_218' title='bbox 895 1723 954 1764; x_wconf 89' lang='lat' dir='ltr'>illi</span> <span class='ocrx_word' id='word_1_219' title='bbox 989 1733 1077 1765; x_wconf 91' lang='lat' dir='ltr'>tum</span> <span class='ocrx_word' id='word_1_220' title='bbox 1113 1724 1294 1766; x_wconf 89' lang='lat' dir='ltr'>consulis</span> <span class='ocrx_word' id='word_1_221' title='bbox 1333 1726 1509 1782; x_wconf 89' lang='lat' dir='ltr'>imperio</span> 
     </span>
     <span class='ocr_line' id='line_1_28' title="bbox 125 1779 1510 1837; baseline 0.002 -16"><span class='ocrx_word' id='word_1_222' title='bbox 125 1779 238 1822; x_wconf 92' lang='lat' dir='ltr'>dicto</span> <span class='ocrx_word' id='word_1_223' title='bbox 265 1779 482 1821; x_wconf 86' lang='lat' dir='ltr'>audientes</span> <span class='ocrx_word' id='word_1_224' title='bbox 512 1780 671 1822; x_wconf 90' lang='lat' dir='ltr'>futuros</span> <span class='ocrx_word' id='word_1_225' title='bbox 692 1796 780 1822; x_wconf 89' lang='lat' dir='ltr'>esse</span> <span class='ocrx_word' id='word_1_226' title='bbox 809 1781 1009 1830; x_wconf 89' lang='lat' dir='ltr'>dicerent,</span> <span class='ocrx_word' id='word_1_227' title='bbox 1032 1797 1163 1837; x_wconf 91' lang='lat' dir='ltr'>quum</span> <span class='ocrx_word' id='word_1_228' title='bbox 1190 1782 1224 1823; x_wconf 84' lang='lat' dir='ltr'>is</span> <span class='ocrx_word' id='word_1_229' title='bbox 1246 1797 1358 1824; x_wconf 91' lang='lat' dir='ltr'>more</span> <span class='ocrx_word' id='word_1_230' title='bbox 1380 1784 1510 1825; x_wconf 90' lang='lat' dir='ltr'>maio-</span> 
     </span>
     <span class='ocr_line' id='line_1_29' title="bbox 124 1837 1507 1894; baseline 0.002 -15"><span class='ocrx_word' id='word_1_231' title='bbox 124 1852 230 1886; x_wconf 90' lang='lat' dir='ltr'>rum,</span> <span class='ocrx_word' id='word_1_232' title='bbox 248 1837 478 1878; x_wconf 89' lang='lat' dir='ltr'>secundum</span> <span class='ocrx_word' id='word_1_233' title='bbox 496 1847 592 1879; x_wconf 88' lang='lat' dir='ltr'>vota</span> <span class='ocrx_word' id='word_1_234' title='bbox 607 1839 650 1879; x_wconf 89' lang='lat' dir='ltr'>in</span> <span class='ocrx_word' id='word_1_235' title='bbox 673 1838 882 1894; x_wconf 88' lang='lat' dir='ltr'>Capitolio</span> <span class='ocrx_word' id='word_1_236' title='bbox 898 1849 1151 1894; x_wconf 87' lang='lat' dir='ltr'>nuncupata,</span> <span class='ocrx_word' id='word_1_237' title='bbox 1169 1854 1264 1880; x_wconf 88' lang='lat' dir='ltr'>curn</span> <span class='ocrx_word' id='word_1_238' title='bbox 1282 1839 1507 1891; x_wconf 88' lang='lat' dir='ltr'>lictoribus,</span> 
     </span>
     <span class='ocr_line' id='line_1_30' title="bbox 95 1894 1507 1951; baseline 0.004 -16"><span class='ocrx_word' id='word_1_239' title='bbox 95 1894 344 1951; x_wconf 81' lang='lat' dir='ltr'>2paludatus</span> <span class='ocrx_word' id='word_1_240' title='bbox 383 1895 592 1951; x_wconf 88' lang='lat' dir='ltr'>profectus</span> <span class='ocrx_word' id='word_1_241' title='bbox 627 1896 678 1936; x_wconf 92' lang='lat' dir='ltr'>ab</span> <span class='ocrx_word' id='word_1_242' title='bbox 714 1896 815 1937; x_wconf 87' lang='lat' dir='ltr'>urbe</span> <span class='ocrx_word' id='word_1_243' title='bbox 846 1905 977 1944; x_wconf 82' lang='lat' dir='ltr'>esset3</span> <span class='ocrx_word' id='word_1_244' title='bbox 1019 1896 1160 1937; x_wconf 88' lang='lat' dir='ltr'>furens</span> <span class='ocrx_word' id='word_1_245' title='bbox 1195 1897 1267 1947; x_wconf 89' lang='lat' dir='ltr'>ira,</span> <span class='ocrx_word' id='word_1_246' title='bbox 1298 1908 1507 1949; x_wconf 88' lang='lat' dir='ltr'>vocatum,</span> 
     </span>
     <span class='ocr_line' id='line_1_31' title="bbox 155 1952 1508 2018; baseline 0.004 -25"><span class='ocrx_word' id='word_1_247' title='bbox 155 1952 196 1993; x_wconf 91' lang='lat' dir='ltr'>ui</span> <span class='ocrx_word' id='word_1_248' title='bbox 223 1967 300 2008; x_wconf 89' lang='lat' dir='ltr'>pro</span> <span class='ocrx_word' id='word_1_249' title='bbox 321 1962 573 2008; x_wconf 84' lang='lat' dir='ltr'>quaestore</span> <span class='ocrx_word' id='word_1_250' title='bbox 561 1952 713 1994; x_wconf 82' lang='lat' dir='ltr'>Manlii</span> <span class='ocrx_word' id='word_1_251' title='bbox 736 1962 836 2003; x_wconf 90' lang='lat' dir='ltr'>erat,</span> <span class='ocrx_word' id='word_1_252' title='bbox 858 1963 1024 1994; x_wconf 88' lang='lat' dir='ltr'>catenas</span> <span class='ocrx_word' id='word_1_253' title='bbox 1051 1955 1254 2018; x_wconf 81' lang='lat' dir='ltr'>poposcit,</span> <span class='ocrx_word' id='word_1_254' title='bbox 1276 1955 1437 1997; x_wconf 90' lang='lat' dir='ltr'>vinctos</span> <span class='ocrx_word' id='word_1_255' title='bbox 1464 1972 1508 1998; x_wconf 89' lang='lat' dir='ltr'>se</span> 
     </span>
     <span class='ocr_line' id='line_1_32' title="bbox 123 1968 1508 2066; baseline 0.002 -14"><span class='ocrx_word' id='word_1_256' title='bbox 123 1968 293 2052; x_wconf 48' lang='lat' dir='ltr'>funium</span> <span class='ocrx_word' id='word_1_257' title='bbox 315 2009 610 2066; x_wconf 87' lang='lat' dir='ltr'>Manliumque</span> <span class='ocrx_word' id='word_1_258' title='bbox 637 2011 833 2052; x_wconf 86' lang='lat' dir='ltr'>minitans</span> <span class='ocrx_word' id='word_1_259' title='bbox 862 2009 1042 2052; x_wconf 88' lang='lat' dir='ltr'>Romam</span> <span class='ocrx_word' id='word_1_260' title='bbox 1071 2026 1304 2053; x_wconf 84' lang='lat' dir='ltr'>nussurum.</span> <span class='ocrx_word' id='word_1_261' title='bbox 1368 2014 1437 2055; x_wconf 94' lang='lat' dir='ltr'>Ab</span> <span class='ocrx_word' id='word_1_262' title='bbox 1458 2029 1508 2055; x_wconf 92' lang='lat' dir='ltr'>eo</span> 
     </span>
     <span class='ocr_line' id='line_1_33' title="bbox 122 2068 1508 2133; baseline 0.004 -25"><span class='ocrx_word' id='word_1_263' title='bbox 122 2082 292 2133; x_wconf 92' lang='lat' dir='ltr'>quoque</span> <span class='ocrx_word' id='word_1_264' title='bbox 327 2076 512 2124; x_wconf 87' lang='lat' dir='ltr'>spretum</span> <span class='ocrx_word' id='word_1_265' title='bbox 548 2068 728 2110; x_wconf 88' lang='lat' dir='ltr'>consulis</span> <span class='ocrx_word' id='word_1_266' title='bbox 764 2069 986 2125; x_wconf 88' lang='lat' dir='ltr'>imperium</span> <span class='ocrx_word' id='word_1_267' title='bbox 1022 2078 1109 2110; x_wconf 88' lang='lat' dir='ltr'>est:</span> <span class='ocrx_word' id='word_1_268' title='bbox 1153 2078 1195 2111; x_wconf 91' lang='lat' dir='ltr'>et</span> <span class='ocrx_word' id='word_1_269' title='bbox 1233 2070 1508 2113; x_wconf 90' lang='lat' dir='ltr'>circumfusus</span> 
     </span>
     <span class='ocr_line' id='line_1_34' title="bbox 122 2125 1507 2182; baseline 0.004 -16"><span class='ocrx_word' id='word_1_270' title='bbox 122 2125 342 2175; x_wconf 86' lang='lat' dir='ltr'>exercitus,</span> <span class='ocrx_word' id='word_1_271' title='bbox 370 2125 513 2167; x_wconf 88' lang='lat' dir='ltr'>favens</span> <span class='ocrx_word' id='word_1_272' title='bbox 540 2126 837 2182; x_wconf 86' lang='lat' dir='ltr'>imperatorum</span> <span class='ocrx_word' id='word_1_273' title='bbox 866 2141 1027 2177; x_wconf 84' lang='lat' dir='ltr'>causae,</span> <span class='ocrx_word' id='word_1_274' title='bbox 1057 2136 1099 2168; x_wconf 90' lang='lat' dir='ltr'>et</span> <span class='ocrx_word' id='word_1_275' title='bbox 1129 2128 1289 2169; x_wconf 85' lang='lat' dir='ltr'>consuli</span> <span class='ocrx_word' id='word_1_276' title='bbox 1320 2128 1507 2179; x_wconf 87' lang='lat' dir='ltr'>infestus,</span> 
     </span>
     <span class='ocr_line' id='line_1_35' title="bbox 121 2181 1509 2243; baseline 0.004 -19"><span class='ocrx_word' id='word_1_277' title='bbox 121 2183 282 2225; x_wconf 83' lang='lat' dir='ltr'>animos</span> <span class='ocrx_word' id='word_1_278' title='bbox 313 2183 366 2225; x_wconf 85' lang='lat' dir='ltr'>ad</span> <span class='ocrx_word' id='word_1_279' title='bbox 406 2199 490 2225; x_wconf 89' lang='lat' dir='ltr'>non</span> <span class='ocrx_word' id='word_1_280' title='bbox 531 2184 762 2241; x_wconf 89' lang='lat' dir='ltr'>parendum</span> <span class='ocrx_word' id='word_1_281' title='bbox 804 2184 994 2226; x_wconf 84' lang='lat' dir='ltr'>addebat.</span> <span class='ocrx_word' id='word_1_282' title='bbox 1057 2181 1274 2227; x_wconf 88' lang='lat' dir='ltr'>Postremo</span> <span class='ocrx_word' id='word_1_283' title='bbox 1314 2186 1509 2243; x_wconf 87' lang='lat' dir='ltr'>fatigatus</span> 
     </span>
     <span class='ocr_line' id='line_1_36' title="bbox 121 2240 1509 2299; baseline 0.004 -17"><span class='ocrx_word' id='word_1_284' title='bbox 121 2240 266 2282; x_wconf 87' lang='lat' dir='ltr'>consul</span> <span class='ocrx_word' id='word_1_285' title='bbox 288 2250 330 2283; x_wconf 92' lang='lat' dir='ltr'>et</span> <span class='ocrx_word' id='word_1_286' title='bbox 351 2241 615 2283; x_wconf 87' lang='lat' dir='ltr'>contumeliis</span> <span class='ocrx_word' id='word_1_287' title='bbox 639 2241 910 2299; x_wconf 82' lang='lat' dir='ltr'>singulorum,</span> <span class='ocrx_word' id='word_1_288' title='bbox 933 2252 975 2284; x_wconf 91' lang='lat' dir='ltr'>et</span> <span class='ocrx_word' id='word_1_289' title='bbox 1000 2242 1281 2285; x_wconf 89' lang='lat' dir='ltr'>multitudinis</span> <span class='ocrx_word' id='word_1_290' title='bbox 1301 2243 1454 2299; x_wconf 83' lang='lat' dir='ltr'>(nam</span> <span class='ocrx_word' id='word_1_291' title='bbox 1444 2261 1509 2287; x_wconf 89' lang='lat' dir='ltr'>m-</span> 
     </span>
     <span class='ocr_line' id='line_1_37' title="bbox 121 2299 1509 2366; baseline 0.004 -26"><span class='ocrx_word' id='word_1_292' title='bbox 121 2314 246 2356; x_wconf 85' lang='lat' dir='ltr'>super</span> <span class='ocrx_word' id='word_1_293' title='bbox 266 2299 514 2354; x_wconf 86' lang='lat' dir='ltr'>irridebant)</span> <span class='ocrx_word' id='word_1_294' title='bbox 535 2299 736 2350; x_wconf 85' lang='lat' dir='ltr'>ludibriis,</span> <span class='ocrx_word' id='word_1_295' title='bbox 759 2316 799 2341; x_wconf 90' lang='lat' dir='ltr'>n·</span> <span class='ocrx_word' id='word_1_296' title='bbox 801 2316 862 2342; x_wconf 70' lang='lat' dir='ltr'>ive</span> <span class='ocrx_word' id='word_1_297' title='bbox 882 2300 1042 2366; x_wconf 81' lang='lat' dir='ltr'>eadem,</span> <span class='ocrx_word' id='word_1_298' title='bbox 1060 2316 1144 2357; x_wconf 86' lang='lat' dir='ltr'>qua</span> <span class='ocrx_word' id='word_1_299' title='bbox 1164 2311 1347 2352; x_wconf 87' lang='lat' dir='ltr'>venerat,</span> <span class='ocrx_word' id='word_1_300' title='bbox 1370 2304 1509 2359; x_wconf 90' lang='lat' dir='ltr'>Aqui-</span> 
     </span>
     <span class='ocr_line' id='line_1_38' title="bbox 121 2356 1508 2423; baseline 0.004 -25"><span class='ocrx_word' id='word_1_301' title='bbox 121 2356 245 2398; x_wconf 91' lang='lat' dir='ltr'>leiam</span> <span class='ocrx_word' id='word_1_302' title='bbox 275 2357 411 2399; x_wconf 88' lang='lat' dir='ltr'>rediit.</span> <span class='ocrx_word' id='word_1_303' title='bbox 474 2356 580 2399; x_wconf 92' lang='lat' dir='ltr'>Inde</span> <span class='ocrx_word' id='word_1_304' title='bbox 611 2357 795 2423; x_wconf 78' lang='lat' dir='ltr'>collegae</span> <span class='ocrx_word' id='word_1_305' title='bbox 820 2358 995 2415; x_wconf 89' lang='lat' dir='ltr'>scripsit,</span> <span class='ocrx_word' id='word_1_306' title='bbox 1022 2368 1069 2400; x_wconf 89' lang='lat' dir='ltr'>ut</span> <span class='ocrx_word' id='word_1_307' title='bbox 1099 2358 1277 2400; x_wconf 90' lang='lat' dir='ltr'>militum</span> <span class='ocrx_word' id='word_1_308' title='bbox 1305 2375 1508 2403; x_wconf 90' lang='lat' dir='ltr'>novorum</span> 
     </span>
     <span class='ocr_line' id='line_1_39' title="bbox 121 2414 1507 2472; baseline 0.003 -16"><span class='ocrx_word' id='word_1_309' title='bbox 121 2414 160 2456; x_wconf 87' lang='lat' dir='ltr'>ei</span> <span class='ocrx_word' id='word_1_310' title='bbox 181 2415 302 2472; x_wconf 89' lang='lat' dir='ltr'>parti,</span> <span class='ocrx_word' id='word_1_311' title='bbox 325 2430 432 2471; x_wconf 87' lang='lat' dir='ltr'>quae</span> <span class='ocrx_word' id='word_1_312' title='bbox 461 2416 613 2472; x_wconf 87' lang='lat' dir='ltr'>scripta</span> <span class='ocrx_word' id='word_1_313' title='bbox 633 2416 675 2456; x_wconf 93' lang='lat' dir='ltr'>in</span> <span class='ocrx_word' id='word_1_314' title='bbox 699 2415 862 2457; x_wconf 88' lang='lat' dir='ltr'>Istriam</span> <span class='ocrx_word' id='word_1_315' title='bbox 890 2417 1145 2472; x_wconf 86' lang='lat' dir='ltr'>provinciam</span> <span class='ocrx_word' id='word_1_316' title='bbox 1167 2427 1286 2467; x_wconf 89' lang='lat' dir='ltr'>esset,</span> <span class='ocrx_word' id='word_1_317' title='bbox 1310 2417 1507 2469; x_wconf 90' lang='lat' dir='ltr'>ediceret,</span> 
     </span>
     <span class='ocr_line' id='line_1_40' title="bbox 122 2472 1507 2533; baseline 0.004 -20"><span class='ocrx_word' id='word_1_318' title='bbox 122 2472 363 2529; x_wconf 85' lang='lat' dir='ltr'>Aquileiam</span> <span class='ocrx_word' id='word_1_319' title='bbox 386 2483 433 2514; x_wconf 91' lang='lat' dir='ltr'>ut</span> <span class='ocrx_word' id='word_1_320' title='bbox 453 2474 722 2523; x_wconf 84' lang='lat' dir='ltr'>conveniret3</span> <span class='ocrx_word' id='word_1_321' title='bbox 755 2489 808 2515; x_wconf 91' lang='lat' dir='ltr'>ne</span> <span class='ocrx_word' id='word_1_322' title='bbox 831 2474 934 2530; x_wconf 90' lang='lat' dir='ltr'>quid</span> <span class='ocrx_word' id='word_1_323' title='bbox 962 2490 1004 2516; x_wconf 91' lang='grc'>50</span> <span class='ocrx_word' id='word_1_324' title='bbox 1037 2474 1196 2516; x_wconf 90' lang='lat' dir='ltr'>Rornae</span> <span class='ocrx_word' id='word_1_325' title='bbox 1227 2484 1400 2526; x_wconf 90' lang='lat' dir='ltr'>teneret,</span> <span class='ocrx_word' id='word_1_326' title='bbox 1423 2492 1507 2533; x_wconf 92' lang='lat' dir='ltr'>quo</span> 
     </span>
     <span class='ocr_line' id='line_1_41' title="bbox 122 2531 1507 2589; baseline 0.004 -18"><span class='ocrx_word' id='word_1_327' title='bbox 122 2531 272 2580; x_wconf 83' lang='lat' dir='ltr'>minus,</span> <span class='ocrx_word' id='word_1_328' title='bbox 300 2531 407 2572; x_wconf 81' lang='lat' dir='ltr'>votis</span> <span class='ocrx_word' id='word_1_329' title='bbox 434 2531 696 2589; x_wconf 88' lang='lat' dir='ltr'>nuncupatis,</span> <span class='ocrx_word' id='word_1_330' title='bbox 725 2531 947 2588; x_wconf 86' lang='lat' dir='ltr'>paludatus</span> <span class='ocrx_word' id='word_1_331' title='bbox 971 2533 1022 2574; x_wconf 90' lang='lat' dir='ltr'>ab</span> <span class='ocrx_word' id='word_1_332' title='bbox 1051 2533 1151 2574; x_wconf 90' lang='lat' dir='ltr'>urbe</span> <span class='ocrx_word' id='word_1_333' title='bbox 1180 2533 1325 2575; x_wconf 89' lang='lat' dir='ltr'>exiret.</span> <span class='ocrx_word' id='word_1_334' title='bbox 1388 2533 1507 2577; x_wconf 89' lang='lat' dir='ltr'>Haec</span> 
     </span>
     <span class='ocr_line' id='line_1_42' title="bbox 121 2587 1507 2646; baseline 0.003 -16"><span class='ocrx_word' id='word_1_335' title='bbox 121 2587 304 2644; x_wconf 85' lang='lat' dir='ltr'>collegae</span> <span class='ocrx_word' id='word_1_336' title='bbox 321 2589 601 2645; x_wconf 87' lang='lat' dir='ltr'>obsequenter</span> <span class='ocrx_word' id='word_1_337' title='bbox 620 2589 740 2639; x_wconf 87' lang='lat' dir='ltr'>facta,</span> <span class='ocrx_word' id='word_1_338' title='bbox 759 2590 976 2646; x_wconf 85' lang='lat' dir='ltr'>brevisque</span> <span class='ocrx_word' id='word_1_339' title='bbox 993 2589 1084 2631; x_wconf 89' lang='lat' dir='ltr'>dies</span> <span class='ocrx_word' id='word_1_340' title='bbox 1101 2590 1155 2632; x_wconf 86' lang='lat' dir='ltr'>ad</span> <span class='ocrx_word' id='word_1_341' title='bbox 1170 2591 1507 2634; x_wconf 88' lang='lat' dir='ltr'>conveniendum</span> 
     </span>
     <span class='ocr_line' id='line_1_43' title="bbox 121 2645 1505 2705; baseline 0.004 -18"><span class='ocrx_word' id='word_1_342' title='bbox 121 2645 260 2688; x_wconf 88' lang='lat' dir='ltr'>edicta</span> <span class='ocrx_word' id='word_1_343' title='bbox 297 2656 372 2688; x_wconf 85' lang='lat' dir='ltr'>est.</span> <span class='ocrx_word' id='word_1_344' title='bbox 437 2646 641 2688; x_wconf 85' lang='lat' dir='ltr'>Claudius</span> <span class='ocrx_word' id='word_1_345' title='bbox 680 2662 810 2705; x_wconf 89' lang='lat' dir='ltr'>prope</span> <span class='ocrx_word' id='word_1_346' title='bbox 846 2657 1094 2689; x_wconf 83' lang='lat' dir='ltr'>consecutus</span> <span class='ocrx_word' id='word_1_347' title='bbox 1129 2656 1192 2690; x_wconf 88' lang='lat' dir='ltr'>cst</span> <span class='ocrx_word' id='word_1_348' title='bbox 1227 2648 1366 2691; x_wconf 83' lang='lat' dir='ltr'>literas</span> <span class='ocrx_word' id='word_1_349' title='bbox 1400 2665 1505 2692; x_wconf 83' lang='lat' dir='ltr'>suas.</span> 
     </span>
    </p>
   </div>
   <div class='ocr_carea' id='block_1_3' title="bbox 123 2789 1507 3001">
    <p class='ocr_par' dir='ltr' id='par_1_6' title="bbox 123 2789 1507 2917">
     <span class='ocr_line' id='line_1_44' title="bbox 163 2789 1507 2830; baseline 0.002 -11"><span class='ocrx_word' id='word_1_350' title='bbox 163 2796 175 2818; x_wconf 85' lang='lat'>¹</span> <span class='ocrx_word' id='word_1_351' title='bbox 194 2789 394 2827; x_wconf 74' lang='lat' dir='ltr'>Paludatus]</span> <span class='ocrx_word' id='word_1_352' title='bbox 419 2789 691 2819; x_wconf 74' lang='lat' dir='ltr'>paludamentum</span> <span class='ocrx_word' id='word_1_353' title='bbox 705 2789 791 2819; x_wconf 85' lang='lat' dir='ltr'>chln-</span> <span class='ocrx_word' id='word_1_354' title='bbox 836 2790 890 2829; x_wconf 86' lang='lat' dir='ltr'>qui</span> <span class='ocrx_word' id='word_1_355' title='bbox 913 2800 969 2830; x_wconf 83' lang='lat' dir='ltr'>pro</span> <span class='ocrx_word' id='word_1_356' title='bbox 989 2794 1157 2829; x_wconf 75' lang='lat' dir='ltr'>quaestore</span> <span class='ocrx_word' id='word_1_357' title='bbox 1179 2790 1294 2821; x_wconf 76' lang='lat' dir='ltr'>Manlii</span> <span class='ocrx_word' id='word_1_358' title='bbox 1317 2797 1395 2827; x_wconf 77' lang='lat' dir='ltr'>emt,</span> <span class='ocrx_word' id='word_1_359' title='bbox 1417 2797 1447 2823; x_wconf 87' lang='lat' dir='ltr'>et</span> <span class='ocrx_word' id='word_1_360' title='bbox 1472 2792 1507 2822; x_wconf 87' lang='lat' dir='ltr'>il-</span> 
     </span>
     <span class='ocr_line' id='line_1_45' title="bbox 123 2831 1507 2873; baseline 0.003 -13"><span class='ocrx_word' id='word_1_361' title='bbox 123 2838 195 2870; x_wconf 72' lang='lat' dir='ltr'>mys</span> <span class='ocrx_word' id='word_1_362' title='bbox 214 2831 419 2871; x_wconf 75' lang='lat' dir='ltr'>imperatorin</span> <span class='ocrx_word' id='word_1_363' title='bbox 438 2837 517 2869; x_wconf 75' lang='lat' dir='ltr'>crat,</span> <span class='ocrx_word' id='word_1_364' title='bbox 533 2842 628 2871; x_wconf 78' lang='lat' dir='ltr'>quum</span> <span class='ocrx_word' id='word_1_365' title='bbox 654 2832 791 2871; x_wconf 72' lang='lat' dir='ltr'>proficis·</span> <span class='ocrx_word' id='word_1_366' title='bbox 839 2833 905 2863; x_wconf 87' lang='lat' dir='ltr'>lum</span> <span class='ocrx_word' id='word_1_367' title='bbox 935 2837 1066 2863; x_wconf 71' lang='lat' dir='ltr'>catenas</span> <span class='ocrx_word' id='word_1_368' title='bbox 1094 2834 1249 2873; x_wconf 76' lang='lat' dir='ltr'>poposcit.</span> <span class='ocrx_word' id='word_1_369' title='bbox 1295 2834 1361 2870; x_wconf 85' lang='lat' dir='ltr'>Qui</span> <span class='ocrx_word' id='word_1_370' title='bbox 1392 2835 1507 2866; x_wconf 76' lang='lat' dir='ltr'>Manlii</span> 
     </span>
     <span class='ocr_line' id='line_1_46' title="bbox 123 2873 1506 2917; baseline 0.003 -14"><span class='ocrx_word' id='word_1_371' title='bbox 123 2876 231 2904; x_wconf 68' lang='lat' dir='ltr'>conten</span> <span class='ocrx_word' id='word_1_372' title='bbox 246 2873 277 2904; x_wconf 89' lang='lat' dir='ltr'>in</span> <span class='ocrx_word' id='word_1_373' title='bbox 296 2874 415 2904; x_wconf 86' lang='lat' dir='ltr'>bellum</span> <span class='ocrx_word' id='word_1_374' title='bbox 432 2874 531 2905; x_wconf 67' lang='lat' dir='ltr'>duce»</span> <span class='ocrx_word' id='word_1_375' title='bbox 547 2874 605 2914; x_wconf 78' lang='lat' dir='ltr'>ipsi</span> <span class='ocrx_word' id='word_1_376' title='bbox 621 2875 783 2912; x_wconf 70' lang='lat' dir='ltr'>gerebant.</span> <span class='ocrx_word' id='word_1_377' title='bbox 837 2876 976 2906; x_wconf 76' lang='lat' dir='ltr'>consulis</span> <span class='ocrx_word' id='word_1_378' title='bbox 988 2882 1138 2915; x_wconf 71' lang='lat' dir='ltr'>quaestor</span> <span class='ocrx_word' id='word_1_379' title='bbox 1152 2876 1267 2913; x_wconf 76' lang='lat' dir='ltr'>fuerat,</span> <span class='ocrx_word' id='word_1_380' title='bbox 1279 2876 1422 2907; x_wconf 75' lang='lat' dir='ltr'>ciusdem</span> <span class='ocrx_word' id='word_1_381' title='bbox 1439 2888 1506 2917; x_wconf 79' lang='lat' dir='ltr'>pro-</span> 
     </span>
    </p>

    <p class='ocr_par' dir='ltr' id='par_1_7' title="bbox 125 2917 1455 3001">
     <span class='ocr_line' id='line_1_47' title="bbox 162 2917 1455 2960; baseline 0.003 -14"><span class='ocrx_word' id='word_1_382' title='bbox 162 2924 179 2945; x_wconf 65' lang='grc' dir='ltr'><strong><em>τ</em></strong></span> <span class='ocrx_word' id='word_1_383' title='bbox 198 2917 356 2954; x_wconf 64' lang='lat' dir='ltr'>Voculam,</span> <span class='ocrx_word' id='word_1_384' title='bbox 364 2918 420 2958; x_wconf 78' lang='lat' dir='ltr'>qui</span> <span class='ocrx_word' id='word_1_385' title='bbox 429 2928 489 2957; x_wconf 79' lang='lat' dir='ltr'>pro</span> <span class='ocrx_word' id='word_1_386' title='bbox 498 2922 663 2957; x_wconf 74' lang='grc' dir='ltr'><em>ψιαειιονε</em></span> <span class='ocrx_word' id='word_1_387' title='bbox 671 2918 793 2948; x_wconf 75' lang='lat' dir='ltr'>Manlii</span> <span class='ocrx_word' id='word_1_388' title='bbox 837 2918 978 2950; x_wconf 81' lang='lat' dir='ltr'>consulis</span> <span class='ocrx_word' id='word_1_389' title='bbox 993 2929 1051 2960; x_wconf 90' lang='lat' dir='ltr'>pro</span> <span class='ocrx_word' id='word_1_390' title='bbox 1066 2923 1233 2959; x_wconf 77' lang='lat' dir='ltr'>quaestore</span> <span class='ocrx_word' id='word_1_391' title='bbox 1249 2924 1326 2952; x_wconf 79' lang='lat' dir='ltr'>crat.</span> <span class='ocrx_word' id='word_1_392' title='bbox 1350 2920 1437 2952; x_wconf 72' lang='lat' dir='ltr'>Cum</span> <span class='ocrx_word' id='word_1_393' title='bbox 1448 2944 1455 2950; x_wconf 93' lang='lat'><strong>.</strong></span> 
     </span>
     <span class='ocr_line' id='line_1_48' title="bbox 125 2960 792 3001; baseline 0.006 -14"><span class='ocrx_word' id='word_1_394' title='bbox 125 2962 208 2995; x_wconf 79' lang='lat' dir='ltr'>erae,</span> <span class='ocrx_word' id='word_1_395' title='bbox 222 2964 352 2991; x_wconf 75' lang='lat' dir='ltr'>catenas</span> <span class='ocrx_word' id='word_1_396' title='bbox 366 2961 525 3001; x_wconf 77' lang='lat' dir='ltr'>poposcit]</span> <span class='ocrx_word' id='word_1_397' title='bbox 553 2960 691 2991; x_wconf 79' lang='lat' dir='ltr'>Vocavit</span> <span class='ocrx_word' id='word_1_398' title='bbox 707 2970 792 2998; x_wconf 86' lang='lat' dir='ltr'>eum,</span> 
     </span>
    </p>
   </div>
  </div>
 </body>
</html>
