1888 3194
539 219 666 262 LIB.
697 219 839 261 XLV.
885 219 1033 261 CAP.
1069 224 1136 262 34.
1454 227 1536 265 209

139 317 182 351 et
217 308 271 358 Q.
294 308 534 350 Maximum
566 308 701 350 filium
734 324 831 350 cum
864 317 981 365 parte
1013 309 1229 365 copiarum
1261 309 1314 350 ad
1345 309 1535 366 depopu-
1550 324 1648 356 uc.
1672 325 1743 363 5⁸5-

138 365 284 408 landos
310 365 489 422 Illyrios,
518 365 592 422 qui
617 365 772 407 Persea
798 366 991 407 iuverant
1020 366 1143 416 bello,
1170 366 1295 416 misit,
1322 366 1454 408 iussos
1481 368 1534 409 ad
1548 368 1587 398 A.
1611 368 1649 398 C.
1675 365 1744 405 Ι67·

141 422 315 465 Oricum
345 422 425 464 sibi
455 438 700 465 occurrere:
733 423 837 480 ipse,
871 422 1048 480 Epirum
1079 432 1241 478 petens,
1271 423 1430 480 quintis
1460 424 1533 466 de-

136 479 256 521 cimis
294 480 438 522 castris
479 480 753 522 Passaronem
793 481 996 537 pervenit.
1076 480 1208 522 Haud
1246 480 1393 537 procul
1432 481 1532 522 inde
1610 484 1678 522 34.

136 535 282 578 Anicii
302 546 437 579 castra
456 538 640 580 aberant.
704 538 777 579 Ad
798 553 926 594 quem
952 537 1082 579 literis
1103 538 1251 588 missis,
1274 553 1327 579 ne
1349 538 1453 594 quid
1480 538 1534 580 ad
1547 538 1637 577 Epiri
1656 549 1745 578 prae-

103 601 198 644 6ea‚
221 609 329 651 quae
350 595 513 646 fierent,
536 604 796 645 moveretur3
831 601 1046 637 ‘senatum
1068 595 1268 652 praedam
1292 595 1412 652 Epiri
1434 595 1534 637 civi·
1546 581 1744 654 gssldtaltltex-

137 651 328 702 ‘tatium‚
366 668 473 708 quae
514 652 568 694 ad
608 653 763 695 Persea
797 653 1060 703 defecissent,
1098 653 1303 694 exercitui
1342 653 1535 703 dedisse:

135 709 364 751 summissis
391 710 709 752 centurionibus
736 711 780 751 in
808 709 993 767 singulas
1020 711 1156 760 urbes,
1179 711 1253 766 qui
1278 726 1321 752 se
1343 710 1550 752 dicerent·

136 766 191 808 ad
219 767 427 824 praesidia
457 767 709 809 deducenda
738 768 915 818 venisse,
949 777 996 809 ut
1026 767 1145 810 liberi
1178 768 1391 825 Epirotae,
1425 768 1534 810 sicut

137 823 410 875 Macedones,
445 834 596 875 essent,
630 825 762 867 denos
798 825 1008 882 principes
1044 841 1097 867 ex
1135 826 1310 882 singulis
1345 827 1535 868 evocavit

136 881 398 924 civitatibus:
445 883 610 940 quibus,
644 898 775 939 quum
808 883 1110 932 denuntiasset,
1145 892 1192 924 ut
1224 898 1372 925 aurum
1405 892 1532 939 atque

137 948 358 1037 arglentum
398 940 443 981 in
483 940 700 996 publicum
739 940 1005 997 proferretur,
1043 956 1118 996 per
1158 956 1303 982 omnes
1344 941 1533 983 civitates

137 1011 187 1038 co
219 1005 329 1038 ortes
359 997 530 1038 dimisit.
594 998 710 1039 Ante
742 999 783 1038 in
816 998 1048 1047 ulteriores,
1071 1013 1196 1054 quam
1228 999 1273 1038 in
1303 999 1532 1055 propiores,

136 1053 324 1110 profecti,
347 1063 394 1096 ut
414 1070 499 1095 uno
521 1054 589 1095 die
612 1055 655 1095 in
677 1070 823 1096 omnes
843 1056 1143 1111 perveniretur.
1207 1055 1335 1097 Edita
1356 1056 1534 1097 tribunis

136 1111 536 1167 centurionibusque
578 1121 710 1161 erant,
747 1127 854 1168 quae
896 1121 1132 1168 agerentur.
1210 1112 1342 1154 Mane
1384 1128 1533 1154 aurum

136 1182 262 1210 omne
285 1177 592 1225 argentumque
613 1169 836 1210 collatum:
871 1168 974 1210 hora
994 1178 1142 1225 quarta
1166 1169 1333 1226 signum
1358 1170 1412 1211 ad
1432 1170 1534 1211 diri-

135 1225 311 1283 piendas
342 1226 466 1267 urbes
496 1226 642 1268 datum
675 1235 737 1268 est
768 1226 995 1268 militibus:
1030 1236 1230 1283 tantaque
1256 1227 1413 1282 praeda
1439 1227 1532 1277 fuit,

135 1291 184 1325 ut
211 1282 256 1324 in
283 1284 471 1340 equitem
500 1283 781 1340 quadringeni
809 1284 983 1333 denarii,
1006 1284 1220 1340 peditibus
1247 1284 1402 1326 duceni
1428 1284 1535 1325 divi-

135 1340 349 1392 derentur,
371 1350 543 1383 centum
595 1342 875 1398 uinquaginta
894 1341 1025 1383 millia
1044 1342 1231 1398 capitum
1252 1341 1534 1384 humanorum

135 1397 456 1440 abducerentur.
539 1399 568 1440 L
594 1399 658 1440 uri
698 1399 853 1441 deinde
894 1399 1154 1455 direptarum
1194 1400 1363 1441 urbium
1404 1399 1535 1441 diruti

136 1463 260 1498 sunt:
293 1471 344 1498 ea
362 1456 478 1498 fuere
507 1456 664 1513 oppida
689 1457 800 1499 circa
826 1457 1102 1514 septuaginta.
1165 1456 1354 1499 Vendita
1407 1457 1535 1498 raeda

138 1513 341 1564 omnium,
363 1513 416 1556 de
438 1529 488 1556 ea
507 1529 671 1556 summa
698 1514 821 1556 militi
849 1523 1118 1556 numeratum
1142 1523 1215 1556 est.
1279 1472 1452 1556 Pauiius
1480 1514 1534 1556 ad

139 1585 251 1612 mare
275 1570 452 1612 Oricum
473 1571 704 1622 descendit,
723 1587 1005 1628 nequaquam,
1029 1581 1075 1613 ut
1095 1581 1209 1613 ratus
1230 1581 1332 1622 erat,
1355 1572 1534 1629 expletis

138 1627 320 1669 militum
348 1629 522 1670 animis:
556 1629 643 1684 qui,
667 1638 868 1685 tanquam
900 1629 1063 1670 nullum
1091 1630 1134 1670 in
1158 1629 1415 1671 Macedonia
1439 1644 1533 1686 ges-

138 1684 288 1727 sissent
307 1685 478 1735 bellum‚
500 1695 693 1742 expertes
714 1687 852 1743 regiae
877 1687 1056 1743 praedae
1079 1702 1167 1728 esse
1190 1687 1529 1743 indignabantur.

141 1741 259 1785 Orici
279 1757 412 1799 quum
441 1743 583 1784 missas
611 1759 706 1785 cum
735 1743 932 1800 Scipione
960 1743 1116 1785 Nasica
1141 1743 1418 1801 Maximoque
1445 1744 1531 1786 filio
1546 1747 1730 1795 Pautllusin

138 1800 279 1856 copias
310 1801 548 1850 invenisset,
583 1801 771 1842 exercitu
806 1801 850 1842 in
886 1816 1013 1843 naves
1048 1801 1256 1858 imposito,
1289 1802 1332 1842 in
1367 1801 1531 1843 Italiam
1546 1790 1746 1863 ilitc‘rlimfflterib

138 1858 312 1899 traiecit.
361 1857 417 1899 Et
468 1867 530 1899 ost
551 1873 705 1914 paucos
727 1858 816 1900 dies
834 1859 1025 1908 Anicius,
1043 1868 1254 1900 conventu
1275 1859 1532 1916 reliquorum
1548 1855 1692 1907 Aniiius.

139 1913 409 1971 Epirotarum
429 1873 785 1972 Xcarnanumque
808 1925 914 1966 acto,
933 1917 1137 1972 iussisque
1160 1917 1203 1956 in
1226 1916 1391 1957 Italiam
1414 1917 1534 1973 sequi

107 1972 409 2029 7principibus,
428 1987 607 2029 quorum
629 1974 915 2030 cognitionem
936 1988 1082 2014 causae
1105 1982 1345 2023 reservarat,
1368 1983 1411 2015 et
1432 1975 1534 2030 ipse,

138 2029 313 2072 navibus
353 2030 617 2086 exspectatis,
655 2030 808 2086 quibus
849 2045 948 2072 usus
986 2030 1289 2072 Macedonicus
1325 2032 1536 2073 exercitus

138 2094 239 2137 erat,
261 2087 305 2128 in
328 2087 492 2129 Italiam
515 2088 687 2129 traiecit.

199 2144 346 2194 Quum
377 2145 480 2187 haec
511 2146 554 2187 in
582 2145 837 2187 Macedonia
863 2146 1078 2202 Epiroque
1109 2154 1226 2202 gesta
1255 2156 1366 2197 sunt,
1397 2146 1535 2203 legati,

170 2202 215 2243 ui
235 2217 331 2244 cum
353 2202 502 2245 Attalo
523 2203 576 2245 ad
597 2203 833 2245 finiendum
855 2203 1013 2245 bellum
1035 2204 1146 2245 inter
1164 2203 1310 2245 Gallos
1330 2213 1373 2245 et
1394 2219 1536 2260 regem

140 2217 380 2302 Eumenem
416 2261 528 2302 missi
565 2270 697 2311 erant,
734 2261 778 2302 in
817 2261 962 2302 Asiam
998 2270 1291 2317 pervenerunt.
1355 2261 1538 2302 Indutiis

198 2331 218 2358 r
255 2316 439 2360 hiemem
474 2318 607 2369 factis,
645 2327 689 2360 et
727 2318 840 2360 Galli
876 2318 1025 2360 domos
1065 2319 1268 2369 abierant,
1305 2328 1348 2360 et
1382 2334 1458 2360 rex
1493 2319 1538 2359 in

173 2374 318 2417 iberna
361 2385 623 2417 concesserat
662 2376 930 2433 Pergamum,
972 2377 1172 2432 gravique
1220 2376 1365 2418 morbo
1415 2391 1539 2433 aeger

111 2431 286 2475 8fuerat.
353 2432 438 2474 Ver
467 2434 650 2490 primum
681 2443 733 2475 αι
763 2433 890 2476 domo
923 2434 1103 2475 excivit:
1138 2435 1307 2490 iamque
1339 2433 1540 2491 Synnada

145 2500 435 2546 pervenerant,
453 2506 585 2547 quum
610 2491 824 2533 Eumenes
844 2491 897 2533 ad
922 2491 1073 2533 Sardes
1095 2492 1283 2548 undiquc
1305 2492 1539 2533 exercitum

144 2555 418 2590 contraxerat.
483 2548 547 2590 Ibi
569 2558 612 2590 ct
635 2549 817 2590 Romani
843 2548 1120 2591 Solovettium
1142 2549 1293 2590 ducem
1320 2548 1540 2590 Gallorum

148 2602 178 2646 S
209 2605 358 2647 nnadis
379 2605 564 2657 allocuti,
586 2615 629 2648 ct
653 2606 822 2648 Attalus
843 2621 939 2648 cum
961 2607 1011 2648 iis
1035 2606 1274 2663 profectus3
1306 2606 1380 2648 sed
1409 2615 1542 2648 castra

193 2661 367 2704 allorum
399 2663 552 2705 intrare
585 2679 681 2706 eum
712 2679 796 2705 non
825 2664 995 2721 placuit,
1017 2679 1071 2705 nc
1100 2664 1229 2706 animi
1255 2679 1309 2705 ex
1334 2664 1541 2720 discepta-

189 2797 211 2830 6
231 2799 384 2831 Senatum
412 2803 584 2842 praedam]
634 2801 821 2840 Intelligen-
910 2803 929 2832 8
952 2803 1007 2833 Ex
1021 2804 1110 2833 domo
1123 2804 1258 2840 excivit]
1295 2802 1380 2833 Satis
1395 2801 1542 2839 intelligi-

149 2839 226 2871 dum
250 2846 297 2872 est
317 2842 378 2873 hoc
403 2844 473 2874 loco
490 2845 629 2884 aer-ipsit,
646 2846 822 2880 nuntiat-il,
867 2848 919 2874 tur
942 2845 1021 2876 haec
1041 2844 1103 2875 dici
1126 2845 1166 2875 de
1183 2844 1298 2875 Gallis.
1346 2845 1413 2875 Res
1435 2848 1542 2874 tumen

151 2891 169 2911 e
184 2891 248 2921 quo
264 2885 424 2923 pendeant
440 2886 616 2925 sequentia.
644 2887 768 2918 Riscu.
869 2887 984 2917 clarior
999 2892 1093 2923 efflet,
1110 2887 1134 2917 ni
1151 2897 1260 2917 eorum
1281 2886 1411 2917 nomina
1428 2886 1543 2916 differte

200 2932 216 2962 7
246 2925 454 2966 Rem-omae]
504 2929 543 2959 ln
574 2929 660 2958 uliud
695 2933 824 2967 tempus
869 2929 1134 2968 exprimerentur.
1159 2931 1266 2960 szv.

152 2965 328 2998 dimum-nt.
356 2967 462 3000 Dorta.

211 3020 308 3048 ΥΟΕ.
334 3021 391 3050 lv.
1294 3026 1314 3050 1·
