1888 3194
309 188 390 227 294
817 186 966 229 ΤΙΤΙ
1007 187 1188 230 LIVII

308 274 522 316 literarum
555 275 778 327 defectum,
812 287 860 319 ut
886 278 1276 320 INRITANTE?
1302 294 1378 335 pro
1406 276 1698 320 INRITAN-

310 331 437 373 TES.
500 332 761 375 Terminatio
781 335 951 391 pluralis
978 351 1096 377 casus
1120 337 1226 377 sexti
1248 336 1363 378 BVS
1383 336 1548 377 brevius
1569 335 1627 376 ita
1647 335 1699 376 ab
1753 334 1757 338 ’

311 387 383 430 illo
399 390 647 445 exprimitur
668 390 720 432 B·
740 401 786 432 ut
807 391 1002 433 MILIB·
1022 409 1097 449 pro
1120 393 1375 435 MILIBVS
1391 409 1401 443 ;
1434 402 1477 434 et
1496 391 1701 449 particula

313 446 548 502 copulativa
582 449 745 504 saepius
780 449 837 490 sic
876 449 933 497 Q·
968 465 1043 505 pro
1082 449 1219 498 QVE.
1282 450 1405 491 Duae
1443 450 1613 491 litereae
1653 449 1702 489 in

313 518 443 544 unam
469 504 647 560 figuram
674 505 913 546 coalescunt
932 506 986 547 V,
1012 522 1087 562 pro
1108 507 1190 547 VL
1220 517 1263 548 et
1295 507 1361 562 hs
1381 522 1456 563 pro
1489 506 1593 555 NS3
1627 504 1702 547 sed

313 560 357 600 in
379 560 463 601 fine
493 570 657 603 tantum
676 577 830 612 versus,
852 577 904 603 ne
925 563 1065 604 literas
1086 579 1110 604 a
1130 564 1213 604 suis
1229 564 1396 620 syllabis
1417 564 1635 619 seiungere
1657 570 1702 604 et

314 616 368 658 ad
403 628 650 673 sequentem
684 634 851 659 versum
885 619 1105 660 transferre
1139 635 1307 662 necesse
1340 621 1444 661 sit17.
1507 619 1701 661 Eandem

314 675 665 716 consuetudinem
695 676 740 715 in
771 675 1047 731 chirographo
1069 677 1254 732 Augusti
1287 676 1511 718 Suetonius
1540 676 1702 718 notavit

313 731 359 772 in
389 732 474 772 vita
502 731 614 787 Aug.
645 746 734 787 cap.
765 734 833 773 87.
868 738 981 773 ‘non
1002 732 1153 773 dividit
1172 734 1299 774 verba
1328 748 1406 774 nec
1436 735 1488 774 ab
1515 742 1704 775 extrema

315 793 459 844 ‘parte
492 803 688 828 versuum
723 788 985 829 abundantes
1019 789 1159 829 literas
1194 789 1239 829 in
1274 789 1444 830 alteram
1481 790 1700 831 transfert:

315 845 417 885 ‘sed
456 845 613 885 ibidem
653 845 792 886 statim
832 845 1000 886 subiicit
1033 846 1420 901 circumducitque.’
1479 845 1533 886 In
1567 846 1704 887 nomi-

313 902 437 942 nibus
468 902 646 957 propriis
678 901 783 942 illud
815 902 1037 957 singulare,
1060 903 1175 958 quod
1206 903 1469 958 praenomini
1497 911 1704 958 punctum

316 967 595 1014 anteponatur
622 967 664 999 et
690 967 784 1014 post
810 958 916 1000 illud
936 959 1163 1001 collocetur
1183 959 1271 1001 IBl
1294 960 1358 1000 ·L·
1379 959 1448 1001 IN
1454 959 1700 1002 STELO18.

316 1015 543 1064 Librarius,
573 1024 620 1056 ut
650 1015 882 1071 elegantiae
915 1016 1238 1058 studiosissimus
1267 1017 1360 1067 fuit,
1391 1017 1451 1059 sic
1481 1025 1524 1058 et
1553 1032 1706 1073 magna

315 1087 416 1114 cura
444 1081 488 1113 et
517 1072 736 1129 diligentia
766 1082 930 1115 textum
961 1089 1149 1116 exarasse
1181 1074 1358 1116 videtur.
1420 1074 1574 1124 Pauca,
1595 1089 1704 1172 qlupe

313 1188 583 1243 irrepserunt,
606 1188 761 1230 menda
787 1188 875 1244 ipse
903 1189 1096 1286 οοῑῑΙξΧὶῐ,
1123 1198 1171 1230 ut
1195 1188 1364 1230 AGOS
1391 1198 1435 1229 et
1463 1187 1703 1238 FIERET,

314 1302 387 1344 ubi
407 1301 571 1344 literam
593 1303 798 1353 omiserat,
820 1302 1201 1353 CONTERBIA,
1225 1304 1297 1345 ubi
1318 1311 1639 1359 transposuerat,
1661 1311 1704 1344 et

314 1415 776 1459 AVTALCORES1⁹
798 1418 869 1459 ubi
886 1427 1204 1474 permutaverat.
1248 1417 1301 1459 In
1321 1417 1402 1460 alio
1423 1418 1550 1459 verbo
1570 1417 1703 1459 maius

313 1474 480 1514 subesse
502 1474 607 1514 mihi
622 1474 788 1516 videtur
803 1475 975 1524 vitium,
1000 1475 1052 1516 de
1067 1490 1151 1530 quo
1169 1475 1214 1515 in
1230 1475 1500 1516 annotatione
1517 1474 1701 1530 primam.

312 1529 505 1572 Intuenti
531 1545 630 1572 vero
660 1531 740 1573 hoc
770 1540 911 1573 nostra
942 1546 1070 1587 opera
1100 1546 1302 1573 excusum
1329 1532 1612 1588 fragmentum
1638 1531 1705 1572 in-

313 1587 549 1628 iucundum
581 1588 671 1638 erit,
705 1588 873 1629 lacunas
907 1589 953 1629 in
985 1604 1036 1630 eo
1068 1589 1253 1644 reperiri,
1286 1589 1413 1630 modo
1445 1589 1631 1644 integros
1660 1596 1704 1630 et

313 1643 454 1699 plures
478 1660 619 1686 versus
643 1645 883 1695 desiderari,
910 1645 1036 1686 modo
1058 1661 1180 1687 voces
1207 1645 1431 1687 nonnullas
1454 1645 1522 1687 vel
1550 1645 1700 1687 literas.

313 1700 383 1742 De
408 1701 459 1742 iis
483 1711 624 1743 autem
652 1702 710 1743 sic
738 1702 920 1744 habeant
946 1702 1134 1753 lectores,
1157 1703 1360 1759 quosdam
1381 1717 1523 1745 versus
1542 1702 1610 1744 Vel
1637 1703 1704 1744 in-

314 1767 452 1815 tegros
484 1759 551 1800 vel
583 1759 822 1801 dimidiatos
855 1760 1015 1802 excisos
1047 1775 1149 1810 esse,
1175 1769 1218 1802 et
1248 1776 1345 1801 cum
1376 1760 1631 1810 membrana,
1657 1760 1704 1801 in

313 1831 398 1871 qua
423 1815 612 1872 inscripti
643 1825 774 1867 erant,
795 1817 978 1873 periisse.
1042 1816 1103 1858 Hi
1130 1818 1258 1874 igitur
1285 1817 1408 1874 plane
1435 1817 1600 1859 restitui
1628 1831 1704 1858 ne-

314 1882 502 1928 queunt3
536 1883 578 1915 et
608 1874 849 1930 ubicunque
878 1875 923 1915 in
951 1875 1194 1916 membrana
1212 1875 1280 1916 vel
1299 1890 1442 1916 versus
1461 1874 1529 1916 vel
1557 1874 1702 1916 literae

313 1930 503 1971 funditus
532 1930 796 1980 interierunt,
818 1932 876 1972 ibi
906 1932 951 1972 in
978 1931 1173 1987 exemplo
1203 1947 1298 1973 meo
1326 1932 1541 1973 asteriscos
1567 1930 1702 1986 posui.

314 1986 405 2026 Alii
446 1995 587 2027 autem
621 2002 764 2028 versus
799 1987 929 2028 literis
964 1988 1069 2028 adeo
1105 1988 1438 2030 exolescentibus
1478 1987 1704 2043 conscripti

313 2051 423 2092 sunt,
460 2052 520 2092 ut,
554 2043 634 2083 nisi
669 2044 764 2098 quis
800 2044 929 2084 oculis
963 2043 1057 2099 plus
1093 2059 1220 2100 quam
1255 2044 1416 2101 lynceis
1451 2052 1605 2094 utatur,
1635 2044 1704 2085 vel

312 2099 516 2155 patientia
554 2114 690 2140 meam
731 2109 774 2140 et
814 2115 1110 2156 quamcunque
1152 2100 1274 2141 aliam
1313 2101 1438 2157 longe
1478 2109 1702 2157 superante

312 2155 527 2211 praeditus
551 2156 616 2205 sit,
638 2156 706 2197 vel
734 2156 885 2198 multos
907 2157 1008 2206 dies,
1030 2158 1275 2213 interposito
1303 2172 1611 2214 nonnunquam
1637 2158 1703 2199 in-

313 2212 498 2262 tervallo,
527 2212 641 2254 haud
673 2213 887 2263 continuo,
916 2215 1203 2255 membranam
1236 2215 1430 2270 inspiciat
1462 2223 1505 2256 et
1535 2229 1703 2271 perves-

312 2269 431 2325 tiget,
471 2269 539 2310 vel
581 2269 752 2311 tandem
796 2279 882 2311 arte
929 2271 1110 2326 quadam
1159 2271 1264 2312 mihi
1313 2271 1528 2327 incognita
1570 2271 1702 2313 literis

311 2326 580 2382 splendorem
619 2334 660 2367 et
705 2326 843 2368 lucem
884 2328 1091 2378 conciliet,
1133 2328 1284 2369 frustra
1323 2328 1375 2369 de
1417 2328 1607 2385 legendis
1650 2329 1702 2370 iis

310 2383 594 2424 laboraturum
629 2398 716 2425 esse
749 2383 1048 2427 crediderimffl.
1112 2384 1278 2426 Harum
1308 2394 1449 2427 autem
1484 2385 1700 2428 literarum

359 2504 396 2536 17
420 2497 496 2528 Vid.
522 2497 683 2527 Iuvenatii
705 2501 815 2528 notam
839 2499 879 2528 ad
902 2498 982 2537 frag-

312 2539 413 2569 menti
440 2539 496 2570 lin.
526 2548 593 2569 110.
654 2539 778 2570 Similia
807 2540 983 2579 scripturae

313 2581 506 2621 compendia
528 2581 561 2611 in
583 2581 725 2612 Sallustii
746 2582 931 2621 fragmentis
951 2586 982 2612 et

314 2623 397 2654 Livii
414 2623 523 2654 codice
540 2623 783 2654 vindobonensi
807 2625 926 2662 pariter
945 2634 983 2654 ac

313 2665 529 2705 palimpsestis
554 2665 722 2695 Vaticanis
747 2670 779 2695 et
807 2666 982 2697 Taurinen-

313 2707 399 2737 sibus
422 2707 633 2747 reperiuntur.
665 2708 704 2737 cf.
731 2708 929 2738 Niebuhrius
952 2719 982 2747 p.

313 2748 364 2780 61.
381 2753 413 2780 et
435 2749 573 2789 Peyroni
599 2750 738 2780 Praefat.
754 2750 795 2780 ad
819 2750 983 2781 Ciceronis

311 2791 490 2831 fragmenta
506 2802 536 2831 p.
553 2791 582 2822 6.

359 2834 396 2864 18
420 2833 473 2864 De
488 2834 550 2864 hoc
565 2833 684 2864 librarii
700 2843 787 2864 more
811 2834 873 2865 vid.
890 2838 981 2865 notas

312 2875 353 2906 ad
369 2876 538 2915 fragmenti
555 2876 609 2906 lin.
628 2885 677 2913 41.

358 2927 396 2958 19
412 2918 487 2951 Vid.
504 2922 595 2950 notas
606 2918 647 2949 ad
659 2918 828 2958 fragmenti
842 2918 896 2950 lin.
912 2919 979 2958 158.

1032 2506 1098 2538 159.

1070 2550 1110 2571 20
1133 2541 1186 2570 Ad
1208 2541 1377 2580 fragmenti
1405 2541 1513 2571 locum
1537 2540 1699 2572 vexatissi-

1026 2592 1116 2612 mum
1133 2583 1187 2614 lin.
1208 2591 1254 2623 79.
1273 2584 1322 2614 80.

1071 2634 1106 2654 ‘21
1135 2625 1187 2654 De
1207 2624 1462 2662 medicamentis,
1477 2635 1497 2655 a
1512 2625 1650 2655 Brunsio
1666 2628 1699 2656 et

1028 2666 1230 2697 Cancellerio
1245 2667 1361 2696 frustra
1376 2666 1546 2705 exoptatis,
1561 2676 1699 2706 quorum

1028 2718 1090 2747 ope
1101 2718 1186 2738 nunc
1199 2708 1353 2739 evanidas
1365 2708 1512 2738 codicum
1526 2708 1699 2748 palimpse-

1026 2755 1146 2780 storum
1168 2750 1344 2789 scripturae
1364 2751 1421 2780 lux
1437 2754 1469 2780 et
1484 2750 1637 2789 splendor
1651 2760 1698 2781 re-

1027 2792 1188 2822 conciliari
1215 2793 1307 2829 solet,
1333 2792 1394 2823 vid.
1420 2792 1639 2822 Niebuhrium
1665 2802 1698 2832 p.

1029 2843 1075 2865 10.
1097 2845 1142 2873 sq.
1167 2838 1198 2864 et
1225 2835 1409 2873 Peyronum
1433 2833 1467 2864 in
1493 2834 1633 2866 Praefat.
1656 2834 1698 2866 ad

1025 2876 1190 2907 Ciceronis
1205 2877 1383 2917 fragmenta
1400 2886 1431 2916 p.
1449 2885 1478 2915 3.
1495 2886 1540 2916 sq.
