1888 3194
698 213 990 254 INDEX.

196 290 328 322 coloniis
341 288 537 322 deducendis
553 298 601 330 29.
625 292 752 329 praetor
767 297 819 328 33,

197 343 246 372 24κ
274 333 404 365 sortitur
423 331 602 363 Sardiniam
621 330 820 379 provinciam

906 289 1064 321 Bellonae
1079 300 1131 330 3ο,
1143 300 1192 323 21.
1217 300 1268 331 31,
1281 300 1329 331 47.
1354 302 1470 331 41,1ο.
1493 292 1527 323 in

903 333 984 363 aede
996 334 1156 372 Apollinis
1167 343 1218 374 34,
1227 343 1277 372 43.
1297 343 1348 376 39,
1360 347 1389 374 4.
1411 344 1525 373 42,21.

196 375 246 408 26.
284 375 313 407 ei
342 377 528 416 prorogatur
560 373 732 413 imperium
767 382 817 411 43.
863 374 1183 407 Senatusconsultum
1205 376 1338 413 factum,
1358 381 1395 408 ut
1417 387 1528 408 omnes

195 421 320 449 creatur
339 427 401 448 cos.
425 426 476 456 34,
491 426 541 454 42.
568 415 714 446 triumvir
734 416 818 446 colo-

194 460 266 492 niae
295 459 502 491 deducendae
528 466 579 498 45.
609 457 819 499 proficiscitur

193 503 227 534 in
257 502 366 540 Boios,
387 506 421 533 et
443 502 594 533 adversus
620 511 674 532 eos
697 504 819 541 pugnat

194 543 236 584 46
255 549 288 576 et
308 552 358 584 47.
382 544 506 585 legatus
526 544 699 575 consularis
722 551 774 583 35,
789 551 817 583 5.

193 587 310 619 frustra
325 597 492 619 censuram
508 587 591 628 petit
607 596 658 628 39,
675 596 724 625 40.

151 629 202 662 Ti.
215 630 423 671 Sempronius
442 630 493 661 Ti.
510 631 546 662 F.
559 630 698 669 Longus,
717 639 818 669 augur

192 673 298 704 factus
317 682 368 713 27,
384 671 413 705 6.
437 673 608 711 decemvir,
623 672 698 704 ibid.
722 672 817 713 pesti-

193 715 294 747 lentia
307 716 442 747 moritur
457 725 509 754 41,
526 714 574 746 26.

151 758 202 790 Ti.
214 759 421 799 Sempronius
440 759 569 799 Longus
588 762 713 798 praeest
734 758 816 798 parti

193 805 369 833 castrorum
391 801 424 832 in
449 801 687 842 oppugnatione
715 801 817 833 Hera-

193 845 283 876 cleae
300 843 351 885 36,
368 854 418 876 22.

151 886 203 918 Ti.
215 887 423 928 Sempronius
438 887 554 918 Musca
569 894 620 926 45,
639 896 685 925 13.

151 929 191 962 Τ.
208 929 415 971 Sempronius
450 930 595 966 Rutilus,
624 929 753 960 vitricus
784 930 816 961 Ρ.

193 973 325 1004 Aebutii
345 982 396 1014 39,
413 982 441 1015 9.
467 972 557 1013 cupit
577 972 739 1013 pupillum
759 972 818 1003 ini-

192 1015 264 1046 tiari
282 1015 431 1054 Bacchis,
445 1015 522 1046 ibid.

150 1057 405 1090 Semunciarium
425 1058 538 1089 foenus
556 1057 679 1089 factum
700 1068 740 1090 ex
761 1068 818 1089 un-

192 1100 289 1132 ciario
307 1109 335 1140 7,
353 1109 401 1141 27.

150 1143 246 1182 Sena,
262 1143 389 1175 colonia
405 1151 456 1183 27,
471 1142 522 1183 46.

149 1186 344 1218 Senaculum
361 1186 393 1217 in
410 1185 574 1226 Capitolio
591 1196 641 1224 41,
659 1195 708 1225 32.

149 1228 320 1261 Senatores
331 1232 460 1260 centum
476 1239 496 1259 a
512 1229 655 1260 Romulo
674 1228 771 1259 creati
792 1239 818 1267 1,

191 1271 221 1304 8.
252 1275 414 1303 senatores
437 1271 600 1312 octoginta
628 1271 818 1302 occiduntur

189 1314 224 1346 in
240 1315 361 1354 proelio
376 1315 418 1346 ad
433 1315 563 1346 Cannas
579 1323 630 1352 22,
646 1323 696 1356 49.
720 1324 816 1354 pecu-

190 1357 277 1389 niam
298 1361 412 1398 sponte
433 1358 601 1389 conferunt
622 1357 664 1388 ad
687 1357 815 1397 supple—

190 1404 338 1432 mentum
359 1400 514 1441 remigum
536 1398 588 1437 26,
604 1398 653 1438 36.
677 1400 818 1439 amplius

191 1443 333 1483 quinque
342 1453 406 1474 uno
416 1447 560 1483 tempore
570 1443 679 1474 abesse
689 1443 730 1473 ab
740 1444 818 1474 urbe

191 1485 301 1517 Roma
317 1485 407 1517 vetiti
423 1484 475 1525 36,
491 1494 519 1525 3.
543 1485 649 1517 edicto
665 1486 818 1526 praetoris

190 1539 231 1560 ex
247 1533 316 1560 tota
333 1529 431 1560 Italia
447 1529 588 1560 Romam
600 1532 754 1559 vocantur
765 1537 817 1568 43,

195 1581 243 1612 13.
265 1575 436 1609 senatores,
452 1571 631 1612 quibusque
651 1571 682 1602 in
703 1575 816 1602 senatu

191 1614 383 1646 sententiam
404 1614 509 1645 dicere
530 1614 606 1645 licet
623 1623 674 1653 23,
691 1623 740 1652 32.
765 1613 816 1653 36,

193 1666 224 1698 3.
246 1661 370 1697 septem
383 1661 415 1688 et
432 1657 541 1697 viginti
554 1657 713 1697 Campani
727 1667 818 1687 vene-

191 1710 269 1731 num
286 1700 400 1731 bibunt
418 1699 468 1738 26,
489 1709 534 1739 14.
558 1710 577 1731 a
594 1700 709 1730 Fulvio
728 1699 819 1740 virgis

192 1743 274 1774 caesi
290 1743 512 1784 percutiuntur
526 1742 627 1774 securi
648 1750 693 1781 15.

149 1786 288 1818 Senatus
307 1786 365 1817 nisi
386 1790 498 1817 auctor
514 1785 614 1823 fieret,
629 1789 733 1816 ratum
751 1795 817 1817 esse

191 1839 256 1860 non
272 1833 397 1870 poterat
412 1829 456 1867 id,
468 1829 553 1869 quod
567 1829 707 1868 populus
722 1828 817 1859 iusse-

191 1876 240 1903 rat
259 1881 286 1910 1,
301 1880 347 1911 17.
371 1876 482 1912 postea
498 1871 529 1902 in
547 1871 703 1902 incertum
721 1871 817 1902 comi-

190 1914 308 1946 tiorum
325 1919 475 1946 eventum
491 1918 602 1945 auctor
617 1914 683 1945 fieri
700 1914 818 1953 coepit,

190 1957 267 1989 ibid.
289 1962 419 1989 senatus
438 1967 597 1998 quaenam
621 1961 727 1997 partes
748 1957 814 1987 fue-

190 2000 253 2032 rint
268 2000 300 2032 in
316 2001 440 2041 regibus
456 2000 599 2031 creandis
618 2009 645 2037 1,
665 2008 700 2039 17
716 2003 748 2030 et
768 2000 814 2031 18.

193 2053 244 2081 22,
260 2052 298 2083 32
321 2047 353 2075 et
374 2053 423 2083 4¹·
448 2047 577 2074 senatus
596 2054 616 2073 a
636 2042 760 2083 regibus
775 2043 815 2073 de

190 2086 339 2117 omnibus
364 2086 496 2125 negotiis
523 2087 687 2117 consultus
715 2095 741 2123 1,
763 2096 813 2127 49.

191 2129 332 2160 debello
352 2129 522 2160 indicendo
537 2129 702 2159 consultus
723 2138 748 2166 1,
765 2138 812 2168 37,.

190 2171 345 2210 decernit,
360 2176 396 2203 ut
411 2172 451 2203 ad
470 2172 626 2212 populum
641 2173 759 2202 feratur
774 2172 814 2202 de

190 2215 277 2246 bello
297 2215 469 2246 indicendo
491 2227 520 2253 4,
537 2215 590 2254 58.
615 2223 666 2253 31,
684 2222 712 2253 5.
726 2214 764 2245 cf.
782 2221 813 2245 ct

190 2266 244 2297 45,
271 2267 320 2290 21.
351 2257 530 2298 provincias
555 2257 738 2288 consulibus
761 2258 814 2288 ‹le-

190 2299 292 2332 cernit
315 2310 363 2338 10,
380 2310 429 2339 24.
454 2300 505 2339 28,
521 2301 560 2339 38
576 2304 609 2331 et
625 2310 674 2338 40.
691 2310 758 2340 sqq.
775 2301 814 2331 dc

191 2353 272 2384 pace
290 2342 437 2375 facienda
456 2344 621 2375 consultus
635 2342 667 2380 6,
689 2341 738 2374 26.
762 2352 814 2381 30,

191 2395 231 2424 42
253 2389 286 2416 et
305 2395 356 2426 43
386 2395 438 2426 33,
460 2395 508 2424 24-
538 2394 590 2425 37,
611 2394 661 2426 55
691 2386 742 2425 38
768 2395 814 2418 ¹0

191 2428 333 2460 decernit
354 2428 554 2469 triumphum
577 2437 645 2467 3,2
629 2427 678 2460 26.
713 2429 766 2465 28,
784 2439 813 2470 9.

191 2475 287 2512 negat
317 2481 365 2509 ιο,
388 2470 428 2510 36
450 2475 483 2502 et
507 2480 556 2511 37.
591 2470 642 2509 26,
669 2480 718 2502 21.
749 2471 816 2502 sine

189 2513 381 2546 auctoritate
395 2517 524 2546 senatus
535 2512 768 2554 triumphatum
786 2522 816 2552 3,

190 2556 242 2597 63.
270 2566 318 2595 10,
339 2565 388 2597 37.
416 2557 574 2597 quaedam
596 2557 722 2596 negotia
743 2566 763 2587 a
782 2567 815 2586 se

189 2601 231 2632 ad
258 2601 415 2641 populum
442 2600 543 2631 reiicit
571 2609 600 2636 2,
628 2608 676 2639 27.
710 2608 736 2638 7,
765 2608 814 2630 20.

192 2650 245 2682 27,
255 2643 285 2675 8.
308 2643 420 2684 legatis
435 2644 629 2684 populorum
645 2652 818 2683 regumque

191 2685 249 2717 dat
268 2696 418 2726 responsa
437 2685 469 2724 6,
491 2684 540 2718 26.
567 2693 595 2725 7,
621 2695 670 2717 2ο.
694 2695 746 2724 3ο,
771 2693 815 2725 17.

191 2727 292 2759 mittit
304 2728 425 2769 legatos
441 2738 532 2768 2,15.
557 2737 609 2767 3ο,
625 2728 674 2760 26.
699 2738 750 2766 42,
771 2738 815 2769 19.

192 2774 226 2802 et
247 2770 325 2802 alibi
343 2771 471 2811 passim.
498 2776 628 2803 senatus
650 2772 817 2803 Romanus

192 2818 346 2853 tanquam
377 2823 485 2854 regum
515 2824 680 2846 consessus
708 2824 740 2855 9,
771 2822 816 2853 17.

193 2860 323 2887 senatus
350 2855 498 2897 princeps
524 2865 575 2896 27,
606 2866 652 2888 11.
689 2860 818 2888 senatus

194 2898 322 2930 habitus
346 2898 378 2929 in
405 2899 567 2939 Capitolio
593 2908 624 2938 3,
648 2909 696 2931 21.
731 2901 762 2935 8,
787 2908 816 2937 5.

195 2951 245 2981 24,
263 2950 308 2973 ιο.
332 2940 381 2979 26,
398 2951 422 2974 1.
445 2942 496 2980 28,
508 2942 558 2981 38.
579 2950 631 2981 32,
643 2943 672 2974 8.
694 2942 724 2973 in
737 2942 817 2973 aede

907 416 1016 447 Volsci
1039 419 1149 449 urbem
1166 419 1356 450 excederent
1372 429 1401 456 2,
1417 428 1466 458 37.
1490 423 1527 450 ut

905 459 1049 499 pontifex
1075 461 1236 492 maximus
1260 461 1403 491 tribunos
1426 461 1528 501 plebis

904 505 1025 532 crearet
1047 510 1078 541 3,
1101 511 1150 542 54.
1178 506 1214 533 111
1236 503 1407 534 decemviri
1430 504 1527 543 magi-

905 547 1006 575 stratu
1031 554 1065 575 se
1089 545 1250 583 abdicent,
1277 545 1353 577 ibid.
1387 549 1527 576 senatus⁴

905 587 1088 618 consultum
1117 588 1255 618 relatum
1282 588 1314 619 in
1344 589 1470 618 tabulas
1497 598 1527 626 4,

906 639 953 661 11.
976 634 1013 661 ut
1033 630 1212 662 consularia
1232 630 1361 662 comitia
1375 631 1528 662 haberen-

902 676 954 703 tur
981 680 1018 712 25
1045 676 1078 704 et
1104 672 1154 713 36.
1187 677 1223 704 111
1245 674 1309 704 duo
1332 683 1372 704 ex
1395 672 1530 703 tribunis

904 715 1122 747 consularibus
1143 716 1185 747 ad
1205 717 1326 748 bellum
1350 716 1528 756 proficisce-

903 762 1023 794 rentur,
1038 769 1120 790 unus
1135 769 1184 790 res
1200 759 1325 790 Romae
1341 762 1465 790 curaret
1477 766 1528 798 45.

905 801 945 832 de
961 802 1058 833 caede
1080 802 1231 832 Postumii
1253 810 1302 842 51.
1327 801 1367 833 de
1383 801 1528 832 creandis

904 844 1038 875 tribunis
1058 845 1150 876 milit.
1173 852 1222 884 55.
1249 849 1285 876 111
1305 844 1424 875 tribuni
1445 843 1529 875 mili-

904 892 987 918 tares
1003 887 1164 927 peditibus
1178 887 1400 927 equitibusque
1414 887 1530 926 gratias

905 934 1034 969 agerent
1061 938 1091 969 5,
1115 938 1141 970 7.
1175 935 1212 961 ut
1237 930 1355 961 tribuni
1378 930 1470 961 milit.
1494 940 1528 961 se

903 972 1088 1004 abdicarent
1110 973 1296 1013 magistratu
1327 981 1373 1013 17.
1403 976 1440 1003 ut
1462 972 1528 1013 agri

906 1015 1079 1046 Veientani
1110 1020 1244 1056 septena
1271 1016 1380 1056 iugera
1409 1015 1528 1046 divide-

904 1061 1014 1089 rentur
1033 1058 1118 1098 plebi
1136 1068 1186 1097 30.
1209 1063 1246 1089 ut
1266 1059 1412 1089 consules
1426 1069 1460 1089 se
1474 1059 1528 1089 ab-

904 1101 1047 1132 dicarent
1072 1101 1258 1141 magistratu
1285 1111 1334 1141 31,
1372 1102 1412 1132 (16
1436 1102 1530 1132 rebus

904 1144 945 1174 ad
961 1143 1145 1184 religionem
1168 1144 1388 1184 spectantibus
1409 1153 1457 1184 50.
1481 1154 1528 1175 se-

904 1188 1145 1218 natusconsulto
1172 1187 1322 1225 revocati,
1348 1187 1400 1226 qui
1429 1187 1529 1218 Veios

903 1228 1026 1260 iverant
1046 1228 1077 1267 6,
1093 1241 1122 1268 4.
1146 1240 1164 1261 e
1185 1240 1309 1261 carcere
1329 1231 1463 1261 eductus
1479 1230 1528 1261 M.

904 1271 1048 1303 Manlius
1073 1273 1118 1304 18.
1145 1273 1467 1310 senatusconsultum,
1487 1283 1528 1303 ne

903 1313 973 1353 quis
984 1314 1136 1354 patricius
1148 1315 1179 1346 in
1194 1315 1356 1355 Capitolio
1370 1315 1530 1346 habitaret

904 1366 954 1388 20.
988 1358 1028 1388 (16
1053 1357 1185 1389 indutiis
1210 1358 1243 1388 in
1270 1363 1399 1389 centum
1429 1368 1530 1389 annos

904 1399 1084 1431 Caeritibus
1109 1400 1320 1432 concedendis
1349 1408 1377 1440 7,
1405 1410 1453 1432 20.
1488 1401 1528 1431 de

904 1442 1028 1474 Latinis
1043 1443 1074 1480 8,
1094 1453 1140 1482 14.
1164 1444 1204 1474 de
1220 1444 1356 1475 dicendo
1372 1443 1528 1474 dictatore

907 1494 942 1524 15
970 1489 1003 1516 et
1029 1485 1075 1517 16.
1103 1486 1143 1517 de
1166 1486 1290 1517 colonia
1313 1486 1409 1518 Cales
1430 1487 1528 1518 dedu-

904 1529 1006 1559 cenda
1030 1527 1076 1560 16.
1100 1529 1141 1560 de
1156 1529 1352 1560 deducendis
1374 1530 1529 1560 Interam-

903 1580 978 1601 nam
1000 1574 1030 1602 et
1047 1571 1201 1603 Casinum
1227 1571 1360 1603 coloniis
1375 1582 1406 1613 9,
1424 1572 1473 1603 28.
1496 1576 1532 1603 ut

903 1613 1018 1653 privati
1045 1618 1160 1645 nautas
1186 1615 1299 1646 darent
1327 1625 1376 1653 24,
1408 1624 1454 1646 11.
1489 1615 1529 1646 de

905 1657 1088 1688 coercendis
1114 1657 1390 1698 superstitionibus
1416 1662 1448 1688 et
1474 1668 1528 1688 ex-

905 1699 1002 1730 ternis
1028 1699 1233 1739 religionibus
1260 1701 1385 1732 Romae
1411 1700 1530 1731 exortis

906 1750 956 1780 25,
977 1752 1002 1773 1.
1025 1743 1065 1774 de
1082 1743 1164 1774 ludis
1182 1743 1336 1783 Apollini,
1353 1753 1449 1783 reque
1465 1743 1528 1775 div.

903 1785 1053 1816 faciunda
1073 1795 1117 1817 12.
1142 1786 1182 1817 de
1198 1786 1355 1818 Marcello
1367 1792 1399 1817 et
1415 1786 1530 1818 Siculis

906 1826 956 1865 26,
979 1837 1028 1866 32.
1057 1829 1096 1859 de
1119 1829 1295 1869 Campanis
1317 1838 1367 1868 34.
1394 1829 1434 1860 de
1458 1839 1527 1869 pro-

905 1871 1080 1902 vinciarum
1116 1872 1280 1902 sortitione
1311 1873 1362 1909 28,
1393 1880 1441 1911 45.
1480 1876 1527 1909 111,

904 1924 983 1953 quos
999 1914 1091 1945 ludos
1107 1914 1191 1946 inter
1205 1914 1394 1946 seditionem
1411 1915 1527 1946 milita-

901 1967 966 1987 rem
985 1957 1119 1988 vovisset
1136 1957 1254 1998 Scipio,
1270 1968 1310 1989 ex
1326 1968 1364 1989 ea
1381 1957 1528 1997 pecunia,

901 2009 997 2038 quam
1024 2000 1093 2040 ipse
1119 2000 1151 2030 in
1175 2000 1332 2031 aerarium
1357 2001 1527 2037 intulisset,

901 2043 1019 2073 faceret
1033 2043 1083 2081 38.
1107 2043 1147 2074 de
1159 2043 1302 2081 coloniis,
1314 2054 1395 2083 quae
1411 2043 1529 2074 milites

901 2085 976 2116 (lare
1002 2086 1180 2116 abnuerant
1208 2096 1259 2128 29,
1289 2095 1333 2125 15.
1372 2087 1411 2118 dc
1441 2087 1527 2116 bello

900 2129 1050 2160 adversus
1085 2129 1195 2161 Nabin
1235 2128 1527 2160 Lacedaemonium

901 2180 953 2210 34,
971 2181 1019 2202 22.
1043 2172 1083 2202 de
1105 2172 1238 2203 coloniis
1258 2171 1453 2203 deducendis
1475 2181 1524 2210 53.

901 2214 941 2244 dc
963 2215 1055 2245 rebus
1078 2215 1172 2246 Asiae
1193 2224 1244 2254 37,
1262 2214 1310 2253 56.
1338 2215 1370 2246 111
1390 2215 1526 2253 gratiam

903 2257 1178 2288 Ambraciensium
1216 2259 1267 2296 38,
1297 2269 1349 2297 44.
1386 2262 1525 2289 senatus-

901 2300 1082 2331 consultum
1099 2301 1207 2331 furtim
1223 2302 1343 2332 factum
1366 2310 1417 2342 39,
1433 2313 1462 2340 4.
1486 2301 1526 2331 (16

902 2343 1020 2374 tributo
1056 2353 1096 2374 cx
1127 2344 1264 2383 pecunia
1294 2343 1435 2374 Asiatica
1464 2344 1524 2373 sol-

902 2386 1005 2417 vendo
1032 2393 1058 2425 7.
1091 2386 1131 2417 de
1155 2386 1413 2418 Bacchanalibus
1438 2387 1472 2417 18
1494 2391 1526 2417 ct

907 2438 952 2470 19.
976 2429 1016 2459 dc
1036 2429 1229 2460 exercitibus
1249 2430 1299 2469 38.
1323 2440 1385 2470 quo
1401 2429 1526 2461 sublata

903 2471 1035 2502 comitia
1064 2472 1218 2512 praetoris
1247 2472 1373 2504 creandi
1406 2482 1454 2513 39.
1493 2472 1524 2502 111

901 2513 1055 2546 honorem
1082 2515 1240 2546 Demetrii
1264 2525 1313 2555 47.
1340 2515 1380 2546 de
1405 2514 1527 2546 Latinis

902 2566 954 2595 4¹,
974 2567 1019 2597 13.
1042 2558 1083 2589 (16
1102 2558 1183 2598 agris
1204 2557 1375 2597 Ligustinis
1395 2562 1426 2588 et
1447 2557 1524 2588 Gal-

903 2599 972 2630 licis
1000 2600 1116 2631 viritim
1149 2601 1327 2631 dividendis
1352 2609 1404 2639 42,
1430 2612 1459 2638 4.
1493 2599 1523 2629 in

902 2642 1035 2680 gratiam
1058 2643 1287 2674 Statiellntium
1314 2652 1360 2675 22.
1377 2643 1417 2674 de
1440 2643 1526 2672 bello

903 2685 935 2715 in
959 2686 1075 2717 Persea
1096 2695 1145 2725 30.
1174 2696 1237 2725 quo
1253 2687 1351 2717 Cares
1372 2685 1526 2726 Lyciique

903 2727 1052 2759 iubentur
1066 2739 1134 2760 esse
1151 2728 1240 2760 liberi
1257 2740 1309 2768 44,
1329 2737 1374 2767 15.
1399 2728 1438 2758 de
1456 2728 1524 2758 Mn-

903 2770 1077 2803 ccdonibus
1097 2775 1129 2802 ct
1152 2771 1271 2811 Illyriis
1289 2780 1342 2810 45,
1366 2771 1410 2801 18.
1437 2780 1524 2801 senu-

904 2814 1091 2846 tusconsulti
1115 2815 1215 2845 forma
1236 2814 1369 2844 ultimae
1393 2811 1523 2843 necessi—

903 2856 978 2887 tatis
1003 2865 1034 2895 3,
1057 2869 1086 2896 4.
1116 2856 1389 2887 senatusconsultu
1416 2855 1446 2885 in
1473 2864 1523 2884 ac-

903 2898 975 2930 dem
1000 2899 1124 2930 Cereris
1145 2899 1185 2930 ad
1208 2898 1328 2929 aediles
1348 2897 1449 2937 plebis
1471 2897 1523 2927 dc*

905 2941 969 2972 lata
987 2951 1016 2981 3,
1033 2950 1081 2981 55.
1105 2942 1145 2973 ad
1160 2940 1315 2972 aerarium
1333 2949 1384 2980 39,
1401 2951 1428 2977 ⁴-

1198 2983 1360 3043 ⁶12,
