1888 3194
978 203 1267 242 INDEX.

476 288 506 316 4.
529 278 653 319 legatus
672 279 713 312 ad
737 278 851 310 Gallos
865 278 899 310 in
918 278 1028 310 Asiam
1049 288 1100 319 45,

435 362 473 394 P.
495 363 637 395 Licinius
671 365 792 402 Nerva,
825 364 937 396 fraude
971 369 1101 405 superat

476 416 581 437 servos
598 417 648 447 32,
665 417 714 446 33.
738 408 776 438 cf.
793 410 825 438 et
841 406 892 446 36,
910 414 959 447 37.

435 448 472 480 Ρ.
490 449 633 481 Licinius
668 450 792 490 Tegula
820 460 948 481 carmen
979 450 1098 488 condit,

476 493 561 531 quod
576 493 616 523 ab
633 496 681 523 ter
695 492 826 523 novenis
841 492 1013 533 virginibus
1029 492 1100 523 cani

475 534 596 565 iussum
614 544 665 574 31,
685 544 731 566 12.

434 575 474 607 P.
488 577 631 608 Licinius
653 578 770 615 Varus,
785 577 898 608 aedilis
913 577 1031 609 curulis
1048 584 1098 616 27,

474 618 503 650 6.
535 624 659 650 creatur
688 624 813 660 praetor
841 630 889 651 21.
924 621 1028 659 legem
1057 620 1099 650 ad

474 663 631 702 populum
654 663 725 699 fert,
745 666 781 692 ut
804 662 871 692 ludi
895 662 1099 701 Apollinares

474 708 560 735 certo
576 705 628 735 die
643 705 878 735 celebrarentur
894 714 942 743 23.

431 746 486 786 Sp.
504 746 657 784 Licinius,
686 746 757 777 trib.
793 747 837 786 pl.
868 746 1001 786 suscipit
1030 756 1097 777 rem

473 788 644 819 militarem
660 788 896 828 impediendam
917 798 946 826 2,
962 798 1011 827 43.

430 830 540 861 Lietor
556 831 692 861 Horatio
714 831 864 870 laqueum
882 831 983 862 iniicit
1003 841 1029 869 1,
1047 830 1095 862 26.

471 874 590 913 deligat
605 874 646 904 ad
668 874 790 913 palum,
808 874 884 905 ibid.
909 878 941 904 et
957 874 987 910 8,
1005 881 1031 913 7.
1056 875 1094 905 cf.

470 919 503 946 et
532 915 582 953 26,
609 915 656 947 16.
687 916 833 956 Sulpicii,
856 916 975 947 tribuni
1001 916 1095 948 milit.

471 958 511 988 de
526 958 593 989 foro
604 959 735 989 domum
751 969 783 990 se
793 959 986 999 recipientis,
995 959 1095 989 forem

469 1001 557 1041 virg-a
577 1001 715 1041 percutit
731 1000 761 1039 6,
778 1011 826 1041 34.
851 1002 977 1033 lictores
992 1012 1011 1032 a
1030 1002 1095 1033 Ro-

469 1045 559 1074 mulo
574 1044 711 1074 instituti
722 1044 891 1075 duodecim
912 1054 939 1083 1,
952 1045 980 1076 8.
1005 1048 1094 1084 quat-

468 1091 542 1116 tuor
563 1090 595 1117 et
611 1086 719 1127 viginti
741 1091 898 1127 apparent
913 1087 1095 1118 consulibus

470 1138 500 1165 2,
522 1136 571 1168 55.
600 1130 639 1160 cf.
663 1133 696 1160 et
713 1139 744 1170 9,
766 1137 795 1169 5,
822 1140 868 1162 11.
894 1137 944 1170 27,
969 1137 1017 1170 27.
1041 1131 1094 1160 de-

468 1171 678 1202 cemvirorum
705 1176 835 1203 centum
860 1176 892 1203 et
916 1172 1026 1213 viginti
1049 1173 1093 1203 fo-

467 1224 538 1245 rum
554 1214 691 1254 implent
708 1224 738 1254 3,
755 1215 803 1254 36.
828 1219 983 1255 praeeunt
999 1215 1093 1255 profi-

468 1256 660 1288 ciscentibus
679 1258 721 1289 ad
740 1258 864 1289 bellum
888 1267 936 1296 10,
959 1266 1008 1297 25.
1041 1267 1093 1296 41,

470 1308 518 1338 14.

425 1340 570 1382 Ligures,
586 1342 698 1383 populi
718 1350 749 1382 5,
770 1351 819 1383 35.
846 1343 878 1374 in
900 1343 1031 1384 Ligures
1046 1344 1090 1374 le-

466 1385 531 1424 gati
547 1385 632 1416 missi
647 1387 688 1416 ad
704 1387 988 1426 expostulandum,
1004 1387 1090 1426 quod

465 1428 593 1459 Poenos
607 1428 722 1468 opibus
736 1429 925 1468 auxiliisque
940 1428 1093 1459 iuvissent

467 1479 518 1508 22,
540 1480 590 1509 33.
620 1481 729 1501 eorum
750 1471 871 1502 auxilia
894 1471 1091 1502 Hasdrubali

465 1517 578 1552 parata
600 1521 650 1553 27,
671 1522 720 1555 39.
744 1514 879 1553 iungunt
900 1524 934 1544 se
956 1514 1091 1553 Magoni

466 1555 518 1593 28,
547 1554 597 1594 46.
634 1565 684 1597 29,
715 1563 743 1595 5.
777 1557 927 1587 adversus
958 1556 1091 1596 Ligures

465 1598 551 1628 varia
572 1599 793 1629 Romanorum
816 1599 904 1629 bella
924 1608 976 1638 32,
998 1609 1036 1640 29
1057 1602 1090 1630 et

464 1650 530 1680 sqq·
555 1649 607 1679 34
631 1639 679 1680 56.
717 1649 768 1690 35
792 1650 822 1680 3
849 1651 897 1679 11,
921 1651 957 1672 ²1
984 1645 1016 1672 et
1038 1651 1088 1680 40·

465 1683 608 1731 Ligures,
620 1683 791 1724 improviso
808 1688 910 1715 castra
926 1685 969 1720 Q.
981 1683 1088 1715 Minu-

463 1725 660 1766 ciiaggressi,
670 1727 848 1757 funduntur
857 1726 908 1766 36,
916 1727 965 1766 38.
979 1737 1089 1758 omnes

463 1768 495 1798 in
519 1768 715 1800 deditionem
738 1769 871 1800 veniunt
894 1777 945 1809 37,
970 1779 997 1801 2.
1032 1769 1088 1801 cir-

464 1812 673 1842 cumveniunt
702 1815 734 1842 et
764 1812 915 1843 occidunt
952 1812 989 1843 L.
1007 1812 1088 1843 Bae-

463 1853 563 1891 bium,
579 1858 756 1894 praetorem
779 1862 828 1894 57.
855 1855 962 1886 hostes
977 1865 1089 1895 perpe-

463 1896 511 1927 tui
523 1897 636 1937 populi
650 1898 748 1928 Rom.
761 1902 793 1928 et
806 1899 983 1928 exercendo
993 1897 1089 1928 militi

463 1940 561 1970 Rom.
587 1940 735 1980 apprime
759 1940 855 1971 utiles
881 1949 932 1982 39,
963 1950 988 1972 1.
1019 1950 1089 1971 cae-

463 1982 584 2013 duntur
613 1993 632 2013 a
658 1982 815 2014 Romanis
841 1992 891 2022 32.
922 1986 1024 2014 castra
1051 1983 1088 2015 L.

463 2024 607 2062 Aemilii,
618 2026 825 2065 proconsulis,
842 2028 1040 2066 oppugnant,
1056 2029 1088 2056 et

461 2077 553 2107 aegre
569 2068 610 2098 ab
631 2078 668 2098 eo
685 2067 854 2098 vincuntur
870 2078 921 2107 40,
935 2076 971 2107 25
990 2072 1021 2099 et
1038 2069 1086 2100 28.

462 2120 530 2140 sese
550 2111 683 2148 dedunt,
704 2114 736 2141 et
763 2110 796 2141 in
817 2111 1010 2141 Taurasinos
1030 2121 1087 2151 pu-

461 2152 546 2183 blico
567 2157 698 2193 sumptu
717 2154 928 2184 traducuntur
947 2153 996 2192 38.
1023 2153 1088 2184 alia

463 2195 618 2234 Ligurum
633 2196 719 2226 bella
735 2205 787 2233 41,
800 2195 849 2232 16,
864 2196 911 2233 18,
923 2204 962 2227 20
973 2199 1005 2226 et
1020 2206 1086 2235 sqq.

461 2237 594 2277 Ligures
609 2237 720 2278 Alpini
738 2238 787 2275 28,
804 2237 855 2276 56.
879 2247 929 2278 29,
945 2245 973 2276 5.
998 2238 1087 2277 Apu-

460 2280 515 2310 ani
540 2290 591 2318 40,
613 2289 663 2318 41.
694 2280 866 2317 Celelates,
889 2279 1084 2310 Cerdiciates

461 2331 513 2360 32,
537 2331 587 2362 29.
616 2322 747 2359 Ilvates,
767 2321 844 2353 ibid.
874 2321 1011 2361 Ingauni
1032 2332 1084 2361 40,

461 2371 510 2402 25.
547 2363 692 2394 montani
721 2374 773 2402 40,
803 2373 852 2402 41.
889 2364 1084 2394 Statiellates

463 2407 632 2437 vincuntur
657 2416 676 2436 a
703 2406 750 2437 M.
768 2405 920 2445 Popillio,
944 2416 1006 2437 cos.
1031 2416 1083 2444 42,

462 2456 489 2488 7.
521 2458 554 2479 se
578 2449 701 2479 dedunt
724 2448 753 2479 8.
785 2448 930 2479 venditos
955 2452 1084 2480 senatus

459 2491 548 2522 iubet
577 2490 702 2529 redimi,
730 2489 807 2522 ibid.
845 2491 885 2521 de
915 2491 1084 2531 Liguribus

460 2533 615 2573 triumphi
637 2544 689 2573 40,
708 2541 758 2574 59.
781 2543 832 2571 41,
855 2541 900 2573 17.
926 2534 1082 2573 Ligustini

459 2576 572 2616 populi
590 2585 641 2615 31,
657 2585 704 2607 10.
728 2585 779 2617 39,
793 2585 841 2606 21.
866 2576 1021 2616 Ligustini
1039 2577 1082 2607 Il-

460 2623 548 2650 vates
570 2628 620 2658 32,
638 2628 687 2658 31.
711 2618 866 2658 Ligustini
886 2622 1011 2650 montes
1031 2628 1083 2658 34,

459 2662 488 2693 8.
521 2661 721 2702 Ligustinum
741 2662 862 2692 bellum
883 2669 935 2701 35,
956 2673 985 2701 4.
1015 2672 1083 2693 scu-

458 2708 528 2735 tum
546 2715 597 2742 44,
613 2712 662 2743 35-

417 2747 477 2779 Cn.
505 2745 663 2786 Ligurius,
699 2746 770 2778 trib.
802 2746 894 2778 milit.
928 2747 1012 2778 cadit
1048 2747 1082 2778 in

459 2799 566 2829 pugna
582 2798 633 2828 33,
650 2798 700 2819 22.

417 2831 601 2872 Ligustinus
616 2842 689 2871 ager
704 2832 821 2862 viritim
837 2831 955 2862 divisus
971 2842 1022 2871 42,
1038 2844 1066 2871 4.

415 2875 472 2915 Sp.
495 2874 678 2914 Ligustinus
703 2884 755 2912 42,
781 2883 831 2914 34.
863 2874 930 2905 eius
959 2874 1000 2905 ad
1026 2885 1080 2915 po-

458 2917 571 2957 pulum
589 2917 699 2955 oratio,
714 2917 790 2948 ibid.

1145 279 1338 319 Lilybaeum
1365 287 1415 318 25,
1441 289 1491 320 31.
1523 287 1574 320 27,
1599 288 1627 319 5.
1658 281 1700 312 ad
1724 281 1811 323 Lily-

1186 323 1303 352 baeum
1319 333 1426 362 pugna
1441 324 1563 354 navalis
1580 333 1630 359 21,
1646 331 1696 362 50.

1145 364 1301 395 Limnaea
1318 365 1446 396 deditur
1465 366 1524 398 M’.
1538 366 1654 404 Acilio,
1674 376 1737 398 cos.
1758 366 1810 406 36,

1191 416 1237 445 14.

1145 449 1273 488 Lingos,
1288 460 1381 481 mons
1396 460 1448 490 32,
1467 460 1513 490 13.

1143 491 1303 532 Lingones
1319 503 1391 523 cum
1406 494 1504 531 Boiis,
1517 494 1644 534 pellunt
1656 494 1810 525 Etruscos

1185 538 1216 564 et
1235 535 1375 566 Umbros
1389 546 1463 575 agro
1480 544 1509 575 5,
1526 544 1576 575 35.

1143 576 1287 607 Linterni
1304 588 1418 608 arenae
1435 588 1485 617 22,
1507 578 1554 610 16.

1143 618 1307 649 Lintribus
1330 623 1465 650 utuntur
1488 621 1612 660 pedites
1635 621 1668 653 in
1692 621 1807 653 traiici-

1184 662 1267 691 endo
1283 662 1443 692 Rhodano
1461 672 1511 701 21,
1528 670 1577 702 27.

1142 702 1280 742 Liparae
1296 703 1418 734 insulae
1437 714 1486 743 21,
1503 715 1553 746 49.

1142 746 1332 784 Liparenses
1348 746 1469 785 piratae
1486 755 1516 786 5,
1534 748 1582 779 28.

1142 787 1271 819 Lirisfl.
1292 798 1340 825 10,
1358 798 1406 819 21.
1432 788 1481 827 2,6
1498 793 1565 830 9et
1581 799 1631 829 34.

1141 830 1280 868 Lisinae,
1295 832 1369 861 urbs
1385 831 1570 863 Thessaliae
1586 842 1705 874 32,14.

1141 873 1260 910 Lissus,
1277 874 1433 913 oppidum
1450 886 1502 913 44,
1519 884 1567 914 3ο.

1139 916 1319 954 Litabrum,
1335 917 1491 956 oppidum
1512 918 1545 948 in
1563 918 1723 959 Hispania
1737 930 1805 951 mu-

1181 958 1284 989 nitum
1321 962 1353 989 et
1390 961 1591 999 opulentum,
1621 962 1720 993 vineis
1752 973 1806 994 ex-

1182 1004 1303 1040 pugnat
1319 1002 1356 1032 C.
1374 1001 1553 1034 Flaminius
1568 1011 1619 1042 35,
1637 1014 1685 1036 22.

1140 1043 1267 1081 Litana,
1284 1044 1363 1074 silva
1384 1044 1417 1074 in
1438 1045 1548 1076 Gallia
1566 1046 1733 1086 Cisalpina
1754 1057 1805 1087 23,

1182 1096 1231 1124 24
1260 1086 1294 1117 111
1322 1097 1358 1117 ea
1385 1088 1561 1119 exercitum
1589 1089 1626 1120 L.
1646 1090 1804 1120 Postumii

1181 1139 1243 1160 eos.
1274 1130 1383 1160 delent
1414 1130 1515 1169 Galli,
1544 1130 1620 1163 ibid.
1657 1133 1698 1163 ad
1732 1143 1804 1163 eam

1181 1175 1252 1202 octo
1273 1172 1376 1202 millia
1391 1172 1562 1204 Gallorum
1583 1184 1675 1205 caesa
1696 1185 1747 1215 34,
1764 1185 1802 1206 22

1180 1218 1212 1244 et
1228 1224 1277 1252 42.

1138 1256 1257 1288 Litatio
1280 1267 1317 1288 ac
1337 1257 1499 1297 perlitatio
1519 1259 1552 1291 in
1574 1258 1735 1290 sacrificiis
1750 1268 1802 1298 41,

1183 1309 1229 1340 19.

1136 1341 1264 1373 Literae
1279 1343 1441 1374 laureatae
1457 1350 1487 1382 5,
1504 1344 1552 1375 28.
1576 1351 1628 1383 45,
1648 1353 1674 1375 1.

1137 1385 1261 1416 Literas
1282 1386 1392 1416 attulit
1415 1386 1449 1416 in
1472 1386 1626 1417 Latinum
1648 1386 1802 1418 Evander

1182 1437 1209 1465 1,
1228 1435 1256 1467 7.

1136 1470 1303 1501 Liternum
1326 1480 1376 1510 23,
1393 1478 1442 1510 35.
1473 1471 1523 1510 38,
1543 1480 1590 1501 12.
1617 1480 1655 1501 eo
1676 1470 1801 1502 colonia

1177 1513 1315 1544 deducta
1339 1523 1391 1552 32,
1417 1523 1464 1555 29.
1492 1522 1543 1551 34,
1565 1520 1614 1552 45.
1642 1513 1675 1544 in
1700 1513 1800 1544 Liter-

1176 1555 1288 1586 ninum
1324 1556 1444 1587 secedit
1478 1555 1587 1595 Scipio
1619 1555 1801 1595 Africanus,

1175 1597 1283 1637 ibique
1298 1599 1432 1629 moritur
1450 1598 1502 1637 38,
1518 1606 1557 1637 52
1574 1601 1606 1629 et
1622 1606 1672 1638 53.

1134 1639 1294 1678 Liternus,
1310 1641 1340 1672 fl.
1358 1650 1410 1680 32,
1427 1651 1475 1683 29.

1133 1683 1311 1721 Litubium,
1322 1684 1477 1724 oppidum
1491 1682 1657 1724 Ligurum,
1666 1694 1699 1716 se
1710 1683 1800 1716 dedit

1175 1726 1331 1757 Romanis
1347 1736 1397 1765 32,
1415 1736 1463 1768 29.

1133 1768 1254 1806 Livius,
1266 1773 1372 1808 poeta,
1384 1770 1425 1799 ab
1441 1769 1553 1800 saturis
1568 1780 1663 1800 ausus
1678 1769 1800 1810 primus

1175 1815 1362 1851 argumento
1382 1812 1525 1843 fabulam
1545 1821 1648 1843 serere
1668 1819 1697 1852 7,
1713 1822 1741 1844 2.
1758 1813 1798 1845 cf.

1176 1857 1208 1884 et
1225 1861 1275 1893 27,
1291 1861 1340 1893 37·

1133 1896 1171 1928 C.
1203 1897 1324 1935 Livius,
1353 1896 1500 1937 pontifex
1529 1900 1653 1928 creatur
1680 1897 1714 1928 in
1738 1897 1798 1930 Μ’.

1177 1920 1350 1979 Pomporiii
1371 1940 1537 1971 Mathonis
1557 1941 1664 1971 locum
1681 1938 1731 1979 26,
1748 1949 1796 1979 23.

1174 1982 1287 2012 aedilis
1303 1982 1421 2013 curulis
1441 1993 1491 2024 29,
1508 1983 1558 2022 38.
1582 1986 1709 2023 praetor
1723 1993 1797 2013 cum

1175 2024 1363 2064 cognomine
1384 2025 1570 2056 Salinatoris
1589 2034 1640 2064 30,
1662 2023 1710 2056 26.
1734 2034 1796 2055 sor-

1173 2067 1252 2097 titur
1264 2068 1408 2098 Bruttios
1425 2076 1473 2108 27.
1496 2071 1621 2108 praeest
1634 2066 1797 2106 equitibus

1173 2110 1291 2147 alariis,
1320 2109 1354 2140 in
1385 2120 1492 2150 pugna
1520 2110 1669 2140 adversus
1699 2109 1797 2141 Boios

1174 2159 1226 2191 35,
1253 2160 1281 2191 5.
1315 2152 1397 2192 petit
1422 2153 1634 2190 consulatum,
1663 2152 1719 2183 sed
1749 2163 1796 2184 re-

1173 2195 1299 2234 pulsam
1315 2194 1436 2233 patitur
1454 2204 1500 2226 10.
1527 2195 1662 2225 moritur
1677 2203 1728 2233 43,
1749 2204 1795 2234 13.

1130 2236 1168 2267 C.
1196 2235 1306 2267 Livius
1333 2236 1492 2268 Salinator
1516 2240 1641 2268 creatur
1669 2240 1796 2276 praetor

1171 2286 1223 2317 35,
1241 2287 1289 2317 24.
1313 2279 1441 2309 sortitur
1461 2280 1594 2310 classem
1613 2278 1664 2318 36,
1681 2289 1709 2310 2.
1732 2280 1795 2311 lus-

1169 2324 1234 2352 trat
1271 2321 1404 2352 classem
1430 2332 1481 2360 42.
1518 2322 1637 2353 Samen
1670 2322 1795 2362 Zacyn-

1170 2363 1327 2403 thumque
1356 2365 1541 2404 populatus,
1565 2364 1711 2405 pervenit
1741 2364 1794 2396 Pi-

1169 2417 1309 2444 raeeum,
1327 2406 1403 2438 ibid.
1427 2407 1456 2437 ei
1476 2406 1612 2438 occurrit
1632 2407 1795 2438 Eumenes

1170 2459 1243 2479 cum
1278 2448 1384 2480 'tribus
1421 2450 1566 2488 navibus,
1607 2449 1684 2480 ibid.
1731 2453 1794 2481 tra-

1169 2491 1236 2522 iicit
1267 2491 1400 2530 Delum,
1427 2492 1503 2525 ibid.
1537 2491 1614 2523 Deli
1638 2491 1794 2523 retinetur

1168 2535 1209 2565 ab
1232 2534 1371 2565 adversis
1394 2534 1496 2565 ventis
1518 2544 1568 2574 43.
1592 2533 1691 2565 vincit
1713 2535 1792 2565 clas-

1169 2586 1235 2607 sem
1252 2576 1404 2607 Antiochi
1425 2587 1465 2616 44
1487 2580 1520 2607 et
1542 2583 1591 2615 45.
1623 2576 1677 2607 Ilii
1700 2577 1792 2608 sacri-

1170 2619 1245 2649 ficat
1261 2619 1427 2649 Minervae
1442 2626 1494 2658 37,
1509 2629 1538 2661 9.
1562 2619 1648 2659 capit
1664 2619 1791 2658 Seston,

1168 2662 1244 2692 ibid.
1269 2664 1434 2701 oppugnat
1454 2662 1617 2701 Abydum,
1638 2661 1713 2693 ibid.
1737 2664 1791 2693 ob-

1169 2704 1324 2734 sidionem
1354 2703 1508 2743 relinquit
1540 2714 1588 2735 12.
1624 2704 1722 2735 tradit
1752 2705 1790 2737 L.

1169 2746 1308 2776 Aemilio
1332 2746 1461 2786 Regillo
1483 2747 1616 2778 classem
1644 2756 1690 2785 14.
1718 2757 1790 2778 cen-

1168 2792 1216 2819 set
1228 2789 1453 2819 obstruendum
1467 2799 1534 2819 esse
1546 2789 1669 2820 exitum
1681 2793 1791 2829 portus

1169 2831 1335 2871 Ephesini,
1356 2830 1431 2862 ibid.
1457 2831 1490 2862 in
1512 2831 1646 2872 Lyciam
1666 2831 1791 2869 missus,

1167 2874 1257 2914 fugat
1281 2873 1398 2913 Lycios
1423 2873 1470 2905 16.
1499 2874 1623 2914 legatus
1645 2874 1686 2906 ad
1711 2874 1789 2905 Pru-

1167 2916 1258 2953 siam,
1296 2916 1469 2957 Bithyniae
1512 2927 1628 2957 regem,
1664 2916 1789 2955 missus,
