1888 3194
663 199 1092 244 KREYSSIGII.
1495 209 1577 250 377

179 308 285 350 ibid.
317 315 358 350 et
394 312 603 362 carpenta
637 312 770 362 capta
803 321 883 362 pro
919 314 959 348 et
992 313 1218 363 carpenta,
1252 323 1346 364 cap.
1381 311 1452 352 37.
1484 313 1583 354 inde

179 390 260 430 pro
281 375 392 426 dein,
415 374 517 415 ibid.
527 373 635 429 sere
657 388 735 428 pro
742 374 906 429 ferme,
928 374 1033 416 ibid.
1058 375 1157 416 inde
1181 390 1260 430 pro
1285 377 1450 428 deinde,
1473 378 1579 420 ibid.

178 443 430 498 Libyosque
477 456 556 497 pro
601 441 862 497 Librosque,
908 441 1014 483 ibid.
1062 442 1307 484 Marcellus
1357 459 1441 486 cos.
1496 445 1583 487 sive

179 511 329 553 consul
374 525 454 565 pro
500 509 759 558 Marcellus,
810 509 914 550 ibid.
962 510 1244 567 triumphusq3
1298 512 1386 553 sive
1438 513 1585 554 trium·

169 578 372 633 phusque
400 592 478 632 pro
507 577 763 632 triumphus,
793 590 887 630 cap.
912 577 981 618 38.
1012 578 1072 617 ad
1097 577 1387 633 Lampsacum
1417 594 1584 635 oppug-

176 646 363 686 nandam
397 660 476 700 pro
512 645 573 685 ad
601 644 891 699 Lampsacum
927 645 1273 700 obpugnandum,
1308 646 1412 688 ibid.
1451 662 1584 689 nava-

177 712 290 754 libus
338 712 614 754 terrestribus
664 712 806 767 copiis
855 727 934 766 pro
984 713 1164 754 navibus
1214 714 1582 770 terrestribusque

177 781 331 837 copiis,
368 781 472 822 ibid.
517 781 879 835 Cersonesumque
910 795 990 835 pro
1033 780 1439 837 Chersonesumque,
1476 782 1580 824 ibid.

177 853 220 889 et
255 848 467 889 Thracum
498 863 578 902 pro
610 854 654 888 ut
693 848 921 897 Thracum,
950 862 1043 903 cap.
1074 849 1144 890 39.
1176 850 1232 890 ab
1269 850 1414 891 Thaso
1445 865 1525 904 pro
1556 865 1585 891 α

184 915 344 966 Thaso,
368 931 464 971 cap.
487 917 556 957 40.
578 923 653 957 aut
676 931 755 970 pro
777 922 838 965 at,
862 916 967 966 ibid,
993 917 1066 972 qui
1087 917 1131 957 in
1152 932 1232 972 pro
1255 918 1370 972 quin,
1395 931 1487 972 cap.
1513 918 1581 958 41.

177 984 541 1040 Pthomaeumque
586 999 665 1039 pro
709 985 1104 1040 Ptolomaeumque,
1152 985 1256 1026 ibid.
1302 986 1584 1040 praeveniret

175 1067 257 1107 pro
271 1053 536 1108 perveniret,
558 1052 660 1093 ibid.
685 1051 788 1106 quia
814 1053 875 1092 ad
883 1052 1020 1105 fidem
1032 1052 1293 1106 faciendam
1316 1068 1395 1107 pro
1419 1054 1492 1108 qui
1528 1055 1589 1094 ad

161 1119 297 1175 fidem
328 1118 605 1173 faciendam,
651 1119 755 1158 ibid.
808 1115 1021 1158 seditione
1065 1119 1152 1160 sive
1203 1121 1454 1161 seditionem
1506 1135 1585 1175 pro

174 1186 399 1235 seditione,
429 1186 532 1226 ibid.
569 1186 916 1226 Eurimedontem
952 1200 1031 1239 pro
1063 1186 1445 1241 Eurymedontem,
1478 1189 1584 1230 ibid.

179 1259 397 1310 captaque
438 1268 518 1308 pro
559 1254 620 1294 ad
657 1259 888 1309 captaque,
931 1253 1034 1294 ibid.
1083 1255 1241 1295 adorta
1290 1269 1369 1309 pro
1417 1255 1584 1305 oborta,

176 1335 269 1377 cap.
290 1322 359 1362 42.
392 1327 433 1362 et
464 1322 528 1362 M.
554 1321 740 1362 Porcius
771 1322 882 1362 Cato
911 1336 991 1376 pro
1020 1321 1087 1362 M.
1108 1322 1294 1363 Porcius
1322 1323 1446 1373 Cato,
1479 1323 1583 1364 ibid.

181 1388 257 1430 Cn.
276 1389 474 1430 Manlius
506 1389 645 1438 Volso,
672 1388 759 1444 Ap.
784 1389 994 1430 Claudius
1021 1388 1143 1430 Nero
1173 1404 1252 1444 pro
1288 1390 1365 1430 Cn.
1386 1390 1586 1430 Manlius

186 1457 326 1505 Vulso,
357 1457 443 1512 Ap.
468 1457 677 1498 Claudius
704 1456 841 1506 Nero,
872 1456 925 1497 P.
946 1456 1156 1507 dlanlius,
1189 1457 1298 1498 ibid.
1329 1457 1587 1499 Scribonius

179 1539 257 1580 pro
293 1525 340 1565 C.
365 1524 631 1574 Scribonius,
664 1539 758 1578 cap.
792 1524 862 1564 43.
897 1525 958 1564 ad
987 1530 1140 1565 senatu
1173 1539 1253 1579 pro
1286 1525 1347 1566 ad
1377 1531 1585 1575 senatum,

177 1593 280 1635 ibid.
324 1588 407 1647 qub'
450 1606 527 1646 pro
569 1607 675 1641 cum,
719 1592 821 1632 ibid.
863 1592 1047 1633 venisset
1094 1607 1173 1646 pro
1214 1592 1438 1642 evenisset,
1480 1592 1583 1634 ibid.

178 1662 307 1702 datus
344 1660 390 1700 T.
419 1660 620 1706 Quinctio
654 1675 733 1714 pro
771 1660 918 1701 datust
959 1660 1177 1711 Quinctio,
1211 1661 1314 1702 ibid.
1352 1677 1459 1717 opus
1493 1677 1587 1704 esse

176 1743 258 1784 pro
299 1742 407 1783 opus
447 1733 572 1776 esset,
614 1727 716 1768 ibid.
760 1733 804 1767 ut
844 1728 1054 1768 scriberet
1097 1743 1177 1782 pro
1218 1728 1441 1778 scriberet,
1479 1729 1583 1770 ibid.

177 1795 392 1837 Sardinid
431 1796 519 1836 sive
556 1795 807 1836 Sardiniam
842 1811 921 1850 pro
959 1796 1184 1845 Sardinia,
1226 1795 1330 1837 ibid.
1383 1796 1429 1836 T.
1468 1797 1586 1838 Sem-

169 1865 328 1920 pronio
361 1878 438 1917 pro
468 1863 734 1918 Sempronio,
771 1878 863 1918 cap.
897 1864 965 1904 41.
1006 1864 1129 1904 iussit
1149 1864 1314 1918 facere
1345 1878 1424 1918 pro
1457 1864 1584 1905 iussit

162 1931 334 1986 secere,
367 1930 474 1970 ibid.
509 1931 673 1971 instare
707 1946 785 1984 pro
821 1936 1002 1981 restare,
1038 1931 1140 1971 ibid.
1179 1937 1220 1971 et
1254 1931 1339 1971 ‘nise'
1369 1945 1449 1985 pro
1486 1931 1585 1981 nisi,

176 2013 271 2054 cap.
304 1998 373 2039 45.
407 2013 497 2038 eum
529 1999 830 2038 decerneretur
868 1998 1020 2038 bellum
1057 2012 1136 2052 pro
1171 2013 1248 2038 cur
1281 2000 1586 2039 decerneretur

177 2067 342 2116 bellum,
365 2066 468 2107 ibid.
493 2066 609 2121 quod
627 2067 688 2106 ad
707 2065 869 2106 Nabim
892 2066 1251 2107 Lacedomonium
1278 2067 1482 2107 attineret
1506 2082 1585 2121 pro

177 2135 293 2190 quod
330 2135 390 2174 ad
422 2134 573 2175 Nabin
608 2134 1044 2176 Lacedaemoniorum
1087 2135 1315 2184 adtineret,
1358 2135 1462 2175 ibid.
1504 2151 1585 2176 non

176 2202 242 2243 ita
275 2202 423 2257 magni
457 2202 653 2243 momenti
689 2217 768 2257 pro
806 2217 887 2243 non
924 2208 1009 2243 tam
1046 2203 1194 2257 nucgni
1230 2202 1439 2252 momenti,
1479 2202 1582 2243 ibid.

176 2271 406 2312 identidem
446 2286 525 2325 pro
566 2271 823 2321 idemtidem,
861 2272 964 2312 ibid.
1003 2272 1080 2313 otii
1115 2272 1202 2312 situ
1238 2287 1318 2326 pro
1357 2272 1445 2313 otio
1481 2273 1584 2322 situ,

177 2353 270 2394 cap.
299 2339 369 2380 46.
403 2345 604 2394 quantum
636 2354 714 2393 pro
747 2346 966 2395 quantam,
997 2340 1101 2382 ibid.
1135 2347 1176 2382 et
1210 2342 1458 2397 principum
1493 2343 1586 2397 qui-

180 2408 359 2449 busdam
395 2422 474 2462 pro
503 2407 754 2463 principum
791 2409 1058 2463 quibusdam,
1091 2424 1184 2464 cap.
1221 2411 1288 2450 47.
1325 2425 1469 2451 casam
1506 2425 1585 2465 pro

179 2491 369 2527 causam,
391 2476 493 2518 ibid.
525 2476 599 2531 qui
628 2477 688 2517 ad
713 2483 904 2518 senatum
933 2493 1075 2519 eorum
1105 2493 1183 2533 pro
1207 2479 1280 2533 qui
1308 2480 1368 2519 ad
1392 2485 1585 2520 senatum

179 2560 322 2587 eorum
349 2550 597 2600 arguerent,
629 2559 725 2598 cap.
748 2545 816 2585 48.
849 2545 1036 2586 iusserat
1068 2561 1147 2600 pro
1180 2547 1288 2587 iussi
1319 2552 1457 2596 erant,
1480 2547 1582 2587 ibid.

179 2612 424 2653 celebratae
465 2626 544 2666 pro
592 2611 911 2667 celebrataque,
953 2613 1057 2654 ibid.
1102 2614 1162 2654 ad
1200 2614 1249 2654 id
1293 2615 1409 2669 quod
1446 2629 1585 2654 serum

178 2686 273 2722 erat
294 2695 374 2735 pro
395 2680 443 2721 id
461 2680 576 2734 quod
593 2694 734 2721 serum
758 2686 869 2730 erat,
892 2695 987 2736 cap.
1012 2681 1079 2722 ⁴19.
1106 2682 1314 2737 populum
1344 2697 1422 2736 pro
1448 2697 1585 2737 popu-

180 2746 262 2787 lum
284 2747 496 2795 Romano,
524 2746 627 2787 ibid.
657 2746 718 2787 itn'
741 2747 985 2802 profectum
1016 2748 1101 2789 iam
1129 2764 1273 2804 regem
1296 2749 1338 2789 in
1362 2748 1473 2789 Asia
1497 2749 1584 2789 sive

180 2813 325 2868 potius
346 2813 498 2856 Asiam
519 2830 612 2856 eum
634 2815 826 2857 audisset
857 2831 936 2871 pro
964 2817 1025 2857 ibi
1052 2817 1295 2873 profectum
1324 2817 1409 2858 iam
1438 2831 1581 2872 regem

182 2894 274 2921 cum
317 2881 522 2932 audisset,
569 2881 671 2923 ibid.
725 2897 816 2923 eum
867 2883 1132 2926 convenisset
1179 2898 1258 2939 pro
1305 2885 1580 2926 convenisset.
