1888 3194
937 234 1230 272 INDEX.

443 313 592 341 testatem
622 311 812 341 Aetolorum
845 309 987 350 redigere
1016 317 1069 350 35,

447 360 487 392 37
500 357 532 384 et
547 353 598 392 38.

405 395 576 427 Exercitus
599 395 740 427 Romani
763 395 840 426 ordo
862 399 895 425 et
919 405 1072 426 numerus

448 439 626 478 descriptus
642 439 672 475 8,
688 439 716 469 8.
741 438 871 468 collatio
888 448 961 468 cum
975 438 1071 468 Alex-

448 481 540 512 andri
562 482 610 513 M.
627 481 769 512 exercitu
789 490 821 522 9,
845 490 892 521 19.
919 481 1074 521 pedestris

450 524 628 555 instituitur
646 534 674 561 1,
691 533 740 563 23.
757 524 796 554 cf.
813 527 845 553 et
862 530 912 562 27,
931 533 978 562 14.
1002 522 1075 552 odio

450 567 652 606 imperatoris
666 567 714 597 sui
732 566 814 596 vinci
829 566 965 603 mavult,
980 574 1076 612 quam

452 609 578 640 vincere
603 619 631 647 2,
658 617 707 656 59.
739 608 858 639 relictis
884 607 1004 644 castris,
1029 607 1075 636 in-

451 652 533 683 sidet
557 651 754 682 Aventinum
780 630 1078 689 3,5ο.131)111111115

454 695 560 726 obruit
581 694 628 725 M.
644 692 847 724 Postumium
869 703 900 730 4,
917 701 966 730 50.
990 701 1078 722 exer-

453 737 535 768 citus
558 736 771 767 consularis
758 753 784 774 7,
803 744 850 776 19.
877 733 1077 764 voluntarius

454 787 485 818 5,
517 787 543 818 7.
581 778 648 808 sine
681 778 750 808 ulla
779 776 955 807 vacationis
984 776 1078 807 venia

453 821 590 861 scriptus
610 821 640 858 8,
657 830 706 851 20.
729 819 960 850 tumultuarius
980 819 1011 857 8,
1030 828 1076 849 11.

453 863 577 894 navalis
593 872 644 900 22,
659 872 706 894 11.
724 863 876 900 urbanus,
887 862 964 892 ibid
981 865 1013 892 et
1029 869 1079 900 27,

475 906 676 937 ,Romanus
697 906 754 936 sub
774 904 884 944 iugum
905 904 1044 934 mittitur
1061 914 1081 934 a

455 914 653 980 Samnitibus
673 958 704 989 9,
723 956 751 987 5
776 947 810 978 111
831 947 958 995 oppidis
977 946 1079 977 hiber-

454 1001 531 1022 nare
555 991 673 1022 vetitus
700 978 750 1028 26,
776 1000 824 1021 21.
860 990 893 1020 111
919 988 1081 1029 Hispania

453 1034 585 1065 molitur
607 1033 820 1064 defectionem
845 1033 894 1071 28,
914 1042 963 1072 24.
990 1031 1079 1063 Α513-

455 1077 538 1107 ticus
562 1076 685 1107 invehit
714 1075 875 1106 luxuriam
905 1075 939 1106 in
968 1076 1079 1105 urbem

456 1129 508 1160 39,
532 1118 561 1150 6.
593 1118 752 1150 exercitus
776 1118 884 1149 amissi
907 1128 980 1148 reus
1003 1127 1080 1157 quo-

455 1163 552 1192 modo
581 1162 740 1202 punitus?
771 1161 802 1198 8
834 1170 882 1201 33.
927 1159 1081 1199 reliquiae

455 1205 634 1236 Cannensis
658 1204 758 1234 cladis
779 1204 813 1234 in
837 1203 979 1235 Siciliam
1002 1203 1081 1233 rele-

455 1252 560 1287 gatae,
582 1257 624 1277 ne
646 1250 722 1277 ante
745 1247 839 1276 finem
864 1246 941 1276 belli
966 1245 1081 1276 Punici

455 1290 489 1320 in
527 1290 658 1320 Italiam
695 1292 932 1329 reportarentur
969 1296 1020 1327 25,
1052 1296 1080 1326 5.

454 1333 591 1372 augendi
610 1331 732 1372 species
748 1341 798 1369 22,
815 1330 864 1371 36.
889 1330 940 1369 36,
960 1341 1005 1362 10.
1031 1340 1081 1371 39,

456 1376 506 1414 38.
541 1384 593 1414 40,
624 1384 650 1412 1,
678 1373 727 1413 36.
761 1374 919 1404 exercitus
948 1383 1081 1404 numero

456 1417 620 1457 copiarum
640 1417 778 1456 insignes
797 1417 884 1456 apud
905 1417 1081 1453 Romanos,

455 1470 573 1500 nempe
594 1460 705 1490 decem
729 1458 866 1498 scriptae
888 1459 1028 1498 legiones
1052 1468 1080 1494 2,

457 1512 506 1542 3ο.
534 1511 562 1541 7,
579 1510 627 1541 25.
656 1501 769 1532 armati
793 1502 897 1540 87200
919 1501 950 1531 111
973 1500 1082 1531 castris

457 1546 553 1576 Rom.
579 1555 653 1575 011111
679 1547 857 1584 pugnatum
883 1544 925 1574 ad
951 1544 1081 1574 Cannas

456 1592 504 1618 est
521 1597 571 1625 22,
588 1586 638 1626 36.
663 1587 821 1617 exercitus
840 1586 966 1616 lustrati
986 1596 1013 1623 1,
1030 1596 1078 1623 44.

457 1630 508 1669 38,
532 1640 578 1660 12.
607 1639 659 1668 40,
675 1628 704 1660 6.
734 1628 892 1659 exercitus
915 1628 1081 1659 itineribus

456 1677 488 1703 et
503 1672 682 1702 mutatione
697 1672 840 1702 locorum
859 1671 1015 1702 salubrior
1033 1681 1080 1708 10,

457 1723 505 1754 25.
529 1715 728 1746 exercituum
744 1714 916 1745 seditiones
933 1724 961 1752 2,
977 1723 1028 1753 32,
1041 1722 1079 1752 43

455 1762 487 1788 et
509 1766 558 1799 59·
583 1767 613 1796 31
629 1766 679 1805 50·
704 1768 734 1795 4⁹
751 1765 804 1805 50¹.
826 1765 854 1796 71
873 1758 1006 1804 38—42·
1031 1757 1081 1804 2'8,

457 1809 505 1838 24.
536 1811 603 1839 sqq.
636 1811 670 1830 111
700 1803 844 1830 exercitu
875 1799 1082 1836 Hanmbahs,

454 1843 556 1873 mixto
572 1853 612 1873 ex
629 1842 811 1873 colluvione
824 1842 980 1882 gentium,
991 1842 1082 1872 nulla

456 1886 571 1916 seditio
589 1886 640 1923 28,
660 1895 705 1916 12.

416 1927 544 1959 Exodia
562 1936 590 1967 7,
608 1938 636 1959 2.

413 1971 644 2010 Exploratores
668 1971 835 2002 Romanos
858 1970 941 2001 inter
965 1969 1080 2001 Numi-

455 2014 575 2053 dasque
600 2017 761 2043 certamen
787 2022 838 2051 21,
863 2012 912 2045 26.
941 2012 1082 2044 Romani

455 2056 565 2096 pressi,
581 2056 709 2095 pellunt
726 2056 922 2087 Macedones
939 2064 991 2095 33,
1006 2063 1032 2094 7.

413 2098 601 2129 Exsecratio
626 2098 873 2129 Atheniensium
898 2098 931 2129 in
957 2097 1081 2138 Philip

456 2151 534 2181 pum
552 2151 603 2181 31,
619 2152 670 2180 44·

414 2183 575 2214 Exsilium
609 2182 757 2223 capitalis
789 2193 895 2223 poena
925 2182 1082 2214 Romanis

458 2225 508 2263 26,
527 2236 554 2265 3.

414 2268 552 2298 Exsules
575 2271 735 2306 occupant
758 2271 857 2298 noctu
881 2267 1080 2306 Capitolium

455 2319 485 2348 3,
516 2317 561 2348 15.
595 2311 721 2340 exsules
749 2309 998 2341 Lacedaemonii
1029 2319 1080 2348 34,

412 2382 417 2385 ,
456 2351 504 2383 26.
531 2353 727 2382 reducuntur
748 2353 788 2382 ab
805 2351 944 2382 Achaeis
967 2351 1018 2390 38,
1040 2361 1080 2391 3ο

454 2404 548 2434 -34,
572 2394 697 2424 exsules
714 2394 880 2434 Hypataei
897 2403 949 2431 41,
965 2403 1013 2432 3ο.

414 2437 500 2467 Exta
516 2437 601 2467 laeta
616 2436 828 2476 prolationem
845 2435 969 2473 finium,
982 2436 1078 2467 victo-

455 2479 533 2510 riam
550 2482 582 2510 et
597 2478 797 2518 triumphum
813 2479 1010 2518 portendunt
1027 2488 1078 2518 31,

455 2530 483 2561 5.
508 2522 605 2552 cruda
620 2521 653 2551 in
665 2531 752 2551 mare
765 2521 891 2560 proiicit
905 2521 1012 2561 Scipio
1026 2531 1078 2562 29,

456 2575 471 2595 2
479 2573 504 2603 7.
528 2564 631 2604 primo
652 2567 764 2593 trunca
781 2568 812 2593 et
828 2563 944 2603 turpia,
962 2564 1078 2594 deinde

454 2607 549 2637 nimis
563 2607 649 2637 laeta
665 2613 716 2644 27,
735 2605 782 2636 26.

413 2649 556 2681 Exuvias
576 2659 639 2679 non
660 2648 801 2678 militum
821 2652 960 2686 tantum,
975 2650 1029 2680 sed
1046 2652 1078 2679 et

454 2692 695 2732 imperatorum,
738 2694 843 2731 portat
882 2691 1078 2722 Hannibalis

454 2734 612 2766 exercitus
629 2743 680 2774 30,
698 2734 745 2765 28.

725 2862 762 2892 F.

411 2948 512 2979 Fabia
527 2957 604 2988 gens
617 2956 646 2985 2,
659 2954 710 2986 45.
732 2947 853 2978 bellum
871 2957 943 2978 cum
958 2947 1073 2979 Veien-

1155 309 1241 340 tibus
1250 310 1381 350 suscipit
1387 310 1511 350 privato
1522 311 1710 350 sumptu48.
1726 321 1783 342 sex

1156 357 1188 383 et
1210 353 1344 384 trecenti
1367 353 1496 391 milites,
1512 363 1623 384 omnes
1644 353 1783 393 patricii,

1157 406 1175 426 e
1204 400 1298 435 gente
1328 396 1430 426 Fabia
1459 406 1509 437 49.
1543 407 1563 427 a
1592 395 1786 427 Veientibus

1159 438 1242 469 caesi
1265 449 1387 477 omnes,
1406 449 1470 469 uno
1494 442 1621 469 tantum
1645 449 1663 470 e
1686 438 1786 478 stirpe

1159 481 1270 511 relicto
1288 491 1337 521 50.

1120 523 1240 554 Fabiae
1273 534 1403 562 sorores,
1435 525 1484 556 M.
1511 523 1604 555 Fabii
1634 522 1785 554 Ambusti

1163 565 1249 596 filiae
1264 565 1295 603 6,
1312 576 1361 605 34.

1121 608 1240 638 Fabius
1267 608 1387 646 Pictor,
1410 613 1522 639 auctor
1546 607 1787 648 antiquissimus

1168 659 1195 687 1,
1216 661 1257 688 44
1276 654 1309 680 et
1330 659 1380 689 55·
1410 660 1439 689 2,
1461 661 1511 689 40-
1539 651 1570 689 8,
1587 661 1636 691 30·
1669 660 1718 690 102
1734 657 1786 691 37,

1166 702 1217 729 22,
1234 702 1262 730 7.

1121 734 1159 766 C.
1176 734 1306 772 Fabius,
1327 745 1389 765 cos.
1411 734 1498 765 iussu
1520 735 1634 775 populi
1653 734 1788 775 Tarqui-

1163 776 1326 807 niensibus
1336 778 1460 808 bellurn
1471 777 1584 808 indicit
1598 784 1627 816 7,
1639 787 1686 808 12.
1701 778 1788 808 male

1164 823 1275 850 contra
1291 820 1539 859 Tarquinienses
1556 830 1624 851 rem
1643 819 1722 860 gerit
1740 827 1788 859 15.

1166 866 1291 893 creatur
1305 862 1444 893 interrex
1463 870 1510 903 17.

1123 906 1162 937 C.
1179 905 1311 943 Fabius,
1325 905 1476 946 magister
1490 905 1635 945 equitum
1649 914 1681 946 9,
1697 913 1747 944 23.

1125 949 1227 980 Caeso
1247 948 1367 978 Fabius
1387 949 1575 986 Ambustus,
1592 951 1741 987 quaestor
1758 958 1790 987 4,

1167 999 1217 1030 54.
1246 990 1318 1023 trib.
1337 991 1432 1022 milit.
1454 990 1612 1022 consulari
1631 992 1792 1030 potestate

1165 1032 1216 1064 61.
1239 1033 1355 1064 iterum
1370 1042 1400 1073 5,
1415 1043 1462 1065 10.
1484 1036 1611 1074 praeest
1625 1032 1735 1064 castris
1748 1032 1791 1063 ad

1167 1076 1266 1107 Veios
1285 1086 1332 1107 12.
1355 1076 1485 1107 tertium
1500 1076 1572 1108 trib.
1587 1075 1682 1106 milit.
1699 1085 1749 1113 24.

1125 1119 1228 1150 Caeso
1258 1119 1389 1157 Fabius,
1418 1123 1576 1159 quaestor,
1605 1118 1691 1149 diem
1720 1127 1790 1158 per-

1167 1161 1340 1192 duellionis
1360 1162 1437 1192 dicit
1458 1162 1513 1201 Sp.
1529 1160 1640 1193 Cassio
1666 1159 1791 1191 consuli

1169 1214 1197 1242 2,
1219 1214 1269 1242 41.
1298 1207 1422 1235 creatur
1441 1214 1504 1235 cOS.
1525 1214 1575 1243 42.
1602 1203 1719 1234 iterum
1739 1211 1791 1242 43.

1167 1247 1324 1277 exercitus
1361 1247 1428 1277 eius
1460 1256 1525 1277 non
1555 1246 1624 1276 vult
1653 1245 1791 1283 vincere,

1166 1289 1242 1320 ibid.
1265 1299 1405 1329 pugnam
1423 1299 1496 1320 cum
1511 1289 1560 1320 M.
1571 1288 1673 1319 Fabio
1683 1288 1791 1325 fratre,

1167 1333 1308 1369 consule,
1332 1331 1470 1362 restituit
1493 1330 1543 1369 46.
1571 1330 1702 1361 tertium
1725 1340 1790 1361 cos.

1167 1375 1218 1413 48.
1240 1375 1343 1414 gentis
1363 1384 1439 1405 suae
1455 1377 1559 1404 orator
1573 1374 1615 1403 ad
1632 1376 1791 1410 senatum,

1166 1417 1243 1448 ibid.
1274 1421 1306 1447 et
1331 1417 1408 1454 dux,
1428 1415 1639 1456 proficiscitur
1660 1415 1703 1446 ad
1725 1415 1791 1446 bel-

1167 1460 1235 1489 lum
1253 1459 1373 1489 Veiens
1388 1469 1438 1500 49.

1125 1501 1163 1533 G.
1180 1501 1299 1531 Fabius
1325 1501 1430 1531 Dorso
1456 1511 1514 1541 per
1537 1499 1661 1531 medios
1685 1499 1793 1530 hostes

1167 1542 1315 1584 (Gallos)
1327 1543 1360 1574 in
1375 1543 1578 1580 Quirinalem
1591 1543 1707 1573 collem
1722 1552 1792 1582 per-

1165 1586 1222 1626 git,
1236 1586 1281 1616 ibi
1301 1596 1388 1617 sacra
1409 1585 1542 1626 peragit,
1558 1589 1590 1616 et
1609 1585 1644 1616 in
1659 1585 1791 1626 Capito-

1165 1629 1244 1659 lium
1260 1630 1302 1660 ad
1317 1639 1389 1659 suos
1403 1628 1486 1659 redit
1501 1636 1532 1667 5,
1547 1627 1597 1667 46.

1125 1672 1161 1703 L.
1175 1671 1306 1710 Fabius,
1322 1672 1445 1712 legatus
1460 1682 1480 1702 a
1495 1670 1646 1711 Scipione
1660 1671 1702 1702 ad
1714 1670 1792 1703 Car-

1166 1715 1381 1754 thaginienses
1395 1723 1447 1754 3ο,
1462 1721 1512 1753 25.

1126 1758 1173 1789 Μ.
1184 1757 1315 1795 Fabius,
1328 1756 1481 1789 Caesonis
1494 1757 1603 1795 frater,
1618 1766 1680 1788 005.
1697 1765 1728 1795 2,
1739 1765 1791 1796 42.

1166 1800 1283 1830 iterum
1299 1809 1349 1839 43.
1373 1801 1522 1831 adversus
1537 1799 1692 1830 Veientes
1706 1809 1791 1839 egre-

1165 1843 1216 1883 gie
1236 1853 1302 1873 rem
1321 1843 1402 1883 gerit
1422 1849 1558 1882 44-47,
1588 1841 1791 1881 triumphum

1167 1885 1227 1916 sibi
1251 1886 1415 1916 decretum
1438 1888 1563 1916 recusat
1587 1891 1636 1924 47.
1668 1885 1792 1924 legatus

1168 1939 1198 1966 4,
1229 1936 1278 1968 27.
1315 1928 1387 1960 trib.
1418 1927 1513 1959 milit.
1544 1926 1703 1959 consulari
1734 1936 1792 1967 po-

1166 1974 1282 2001 testate
1297 1970 1329 2009 6,
1345 1969 1395 2010 36.
1417 1970 1558 2001 interrex
1575 1976 1604 2010 7,
1623 1976 1671 2009 17,
1687 1978 1737 2000 22.
1758 1968 1791 2007 8,

1169 2022 1196 2052 3.
1221 2013 1358 2044 dictator
1372 2021 1400 2052 7,
1414 2022 1462 2044 22.
1485 2012 1631 2043 triumvir
1645 2011 1792 2043 001011130

1168 2056 1264 2087 Cales
1280 2056 1488 2086 deducendae
1504 2054 1602 2093 8,16.

1126 2099 1173 2130 M.
1192 2098 1322 2136 Fabius,
1341 2098 1487 2138 pontifex
1508 2096 1680 2134 maximus,
1701 2105 1791 2136 prae-

1166 2141 1252 2171 fatur
1266 2151 1405 2178 earmen,
1421 2149 1484 2179 quo
1501 2139 1655 2179 primores
1670 2139 1791 2170 Roma-

1166 2193 1280 2213 norum
1304 2192 1382 2220 sese,
1404 2181 1652 2212 adventantibus
1674 2181 1791 2220 Gallis,

1165 2235 1223 2264 pro
1239 2225 1342 2264 patria
1357 2225 1516 2255 devovent
1532 2232 1561 2264 5,
1577 2233 1627 2263 41.

1124 2267 1171 2298 M.
1186 2267 1304 2297 Fabius
1319 2267 1505 2305 Ambustus,
1520 2267 1591 2298 trib.
1607 2266 1701 2298 milit.
1716 2276 1791 2298 con-

1165 2309 1261 2340 sulari
1287 2313 1445 2349 potestate
1469 2308 1500 2347 6,
1528 2319 1578 2340 22.
1611 2309 1679 2340 eius
1703 2308 1792 2340 filiae

1165 2352 1248 2382 duae
1270 2356 1403 2391 nuptae,
1426 2352 1492 2383 Ser.
1509 2351 1653 2391 Sulpicio
1676 2351 1790 2390 maior,

1165 2394 1268 2425 minor
1290 2395 1328 2426 C.
1346 2394 1470 2425 Licinio
1493 2394 1618 2426 Stoloni
1639 2404 1689 2434 34.
1716 2403 1790 2425 con-

1163 2437 1235 2467 silia
1253 2437 1313 2467 init
1334 2447 1407 2467 cum
1427 2447 1543 2477 genero
1564 2440 1596 2467 et
1615 2437 1654 2467 L.
1667 2435 1790 2474 Sextio,

1164 2480 1203 2510 de
1227 2480 1277 2510 via
1298 2479 1432 2519 plebeiis
1453 2478 1634 2510 hominibus
1652 2479 1695 2509 ad
1715 2488 1790 2510 con-

1163 2523 1304 2552 sulatum
1340 2522 1525 2561 aperienda,
1557 2521 1632 2552 ibid.
1669 2521 1789 2553 tribun.

1164 2564 1259 2596 milit.
1290 2564 1448 2595 consulari
1482 2566 1641 2604 potestate
1670 2562 1788 2594 iterum

1122 2649 1171 2680 M.
1188 2649 1308 2680 Fabius
1322 2650 1509 2686 Ambustus,
1528 2659 1589 2679 cos.
1611 2655 1640 2688 7,
1659 2657 1706 2679 11.
1729 2648 1787 2679 du-

1164 2692 1208 2722 cit
1234 2692 1412 2722 exercitum
1440 2692 1590 2722 adversus
1617 2689 1788 2729 Hernicos,

1162 2733 1239 2765 ibid.
1271 2733 1339 2764 eius
1363 2744 1413 2764 res
1437 2737 1555 2774 gestae,
1580 2732 1657 2765 ibid.
1689 2743 1788 2764 ovans

1162 2777 1274 2807 urbem
1297 2775 1481 2816 ingreditur,
1504 2775 1582 2807 ibid.
1609 2776 1787 2806 secundum

1163 2829 1226 2850 cos.
1249 2826 1295 2857 17.
1321 2829 1341 2849 a
1367 2818 1500 2849 Faliscis
1525 2818 1625 2856 fusus,
1648 2817 1787 2849 restituit

1161 2861 1274 2899 aciem,
1289 2861 1365 2892 ibid.
1389 2871 1451 2893 cos,
1467 2861 1596 2892 tertium
1616 2861 1663 2892 18.
1686 2860 1786 2892 dicta-

1161 2908 1210 2935 tor
1226 2913 1275 2935 22.
1298 2914 1356 2943 pro
1371 2903 1449 2942 filio,
1464 2903 1614 2944 magistro
1628 2902 1785 2943 equitum,

1161 2947 1310 2978 adversus
1326 2946 1491 2986 Papirium
1506 2945 1695 2977 dictatorem
1711 2955 1784 2976 con-
