1888 3194
470 166 983 213 FRAGMENTUM
1027 167 1154 209 LIB.
1199 168 1321 210 XCI.
1508 170 1590 210 295

197 258 262 301 vel
283 260 406 316 plane
427 260 659 301 deletarum
682 259 747 301 vel
772 259 954 300 maxime
976 258 1198 300 dubiarum
1219 258 1336 299 locus
1357 257 1523 298 lineolis
1544 259 1589 298 in

196 316 381 358 editione
411 316 671 357 indicaturw.
736 315 829 372 Ego
859 315 1033 371 quidem
1064 315 1108 356 in
1139 314 1218 356 hoc
1243 314 1478 370 fragmento
1502 314 1587 355 fere

195 373 300 414 nihil
333 373 413 414 nisi
444 372 671 429 perspicilli
704 388 783 429 ope
815 373 915 422 vidi,
948 387 1033 428 quo
1067 380 1209 412 tamen
1241 371 1286 412 in
1317 370 1407 411 aliis
1439 385 1587 411 manu-

194 431 357 486 scriptis
377 429 443 471 vel
471 430 750 471 minutissimo
777 430 1016 471 charactere
1044 428 1224 470 exaratis
1251 427 1457 469 rarissime
1489 441 1588 467 usus

193 502 298 529 sum.
360 486 412 528 In
432 487 578 543 paucis
597 487 680 528 illis
703 487 902 536 versibus,
925 486 1078 542 quibus
1107 485 1276 541 sequior
1306 498 1454 525 manus
1481 482 1587 524 nihil

193 543 404 609 imposuit,
427 544 659 600 quamlibet
679 543 842 585 literam
864 544 1101 600 expiscatus
1121 558 1225 584 sum.
1289 542 1341 583 In
1362 542 1412 582 iis
1432 550 1586 589 autem,

194 615 269 658 qul
290 609 455 643 textum
471 601 630 643 habent
645 601 986 657 superscriptum,
1005 615 1091 642 non
1108 615 1231 656 nego,
1249 599 1382 640 multa
1397 597 1588 639 nondum

193 666 314 700 emta
333 673 449 707 esse3
482 658 556 700 sed
577 658 802 715 pleraeque
831 658 980 699 harum
1008 657 1224 699 literarum
1249 655 1455 698 eiusmodi
1476 664 1587 703 sunt,

194 724 243 757 ut
262 715 380 757 nulla
399 730 587 772 unquam
609 716 826 757 oculorum
854 716 964 756 acies
989 730 1058 756 eas
1079 715 1276 771 detegere
1297 713 1437 770 possit.
1502 712 1588 753 Ubi

195 772 310 815 enim
342 788 397 815 ne
429 774 651 815 minimum
684 773 858 829 quidem
892 773 1036 814 literae
1067 772 1290 828 vestigium
1324 770 1467 812 adest:
1501 769 1588 825 qui,

196 845 365 887 quaeso,
386 830 478 871 fieri
498 839 649 887 potest,
672 840 719 871 ut
746 830 804 872 ibi
831 830 950 871 litera
971 830 1199 886 conspicua
1218 829 1305 870 sit?
1355 827 1446 869 Iam
1468 835 1591 883 quat-

196 887 431 929 tuordecim
448 887 537 929 dies
558 888 602 928 in
619 887 799 944 legendo
816 887 895 928 hoc
912 888 1146 943 fragmento
1163 887 1221 927 ita
1236 899 1590 941 consumpseram,

197 953 244 987 ut
275 960 301 986 a
330 959 454 986 mane
487 944 571 986 diei
608 945 661 986 ad
693 959 908 1000 vesperam
941 945 1011 985 vix
1042 959 1064 985 e
1097 944 1289 985 manibus
1319 943 1590 990 dimitterem,

197 1017 330 1058 quum
359 1016 457 1043 ecce
485 1002 717 1043 afferuntur
744 1002 901 1051 literae,
924 1016 1032 1057 quae
1048 1011 1108 1042 ‘ut
1136 1000 1319 1042 reditum
1341 1014 1481 1041 meum
1504 1013 1592 1039 ma-

198 1068 393 1108 turarem,
434 1068 703 1100 monuerunt.
787 1058 839 1099 In
879 1073 929 1099 eo
975 1067 1064 1098 tum
1111 1067 1338 1114 occupatus
1376 1071 1503 1106 eram,
1545 1066 1593 1096 ut

196 1124 359 1158 sextam
389 1115 629 1157 columnam
661 1116 788 1157 totius
816 1115 1038 1171 fragmenti
1067 1129 1310 1170 quanquam
1340 1114 1454 1155 lectu
1484 1113 1593 1154 diffi-

197 1172 396 1215 cillimam
431 1172 707 1214 restituerem.
774 1171 859 1214 Sed
892 1186 1025 1227 quum
1060 1171 1143 1212 iam
1180 1171 1341 1227 aliquot
1372 1171 1462 1211 dies
1493 1170 1593 1211 huic

197 1229 330 1272 labori
355 1229 507 1271 frustra
536 1229 852 1286 impenderam:
887 1228 1042 1278 destiti,
1071 1229 1149 1270 etsi
1180 1229 1223 1269 in
1255 1227 1476 1284 postremis
1502 1242 1595 1268 ver-

197 1287 324 1337 sibus,
353 1302 460 1343 quos
495 1286 660 1328 lineolis
692 1287 737 1327 in
772 1287 960 1328 editione
997 1286 1150 1335 notavi,
1178 1285 1247 1326 hic
1277 1284 1362 1326 illic
1391 1283 1594 1341 quasdam

198 1344 338 1387 literas
370 1344 696 1401 adspexeramw.
750 1343 836 1385 Hic
868 1344 997 1400 igitur
1025 1343 1152 1384 velim
1182 1343 1291 1384 vires
1315 1357 1409 1383 suas
1429 1342 1596 1397 experi-

199 1411 336 1452 antur,
369 1402 445 1459 qui
479 1411 573 1458 post
609 1415 676 1443 me
712 1401 876 1458 insigne
913 1401 995 1443 hoc
1029 1401 1312 1457 fragmentum
1353 1399 1407 1441 ad
1447 1413 1596 1439 manus

199 1467 380 1501 sument.
445 1459 697 1516 Adiungant
718 1459 822 1500 meis
843 1458 992 1500 studiis
1013 1473 1099 1508 sua,
1116 1472 1359 1515 versusque,
1376 1457 1421 1498 in
1443 1456 1597 1513 quibus

201 1531 280 1573 ego
301 1515 408 1557 nihil
428 1516 619 1567 viderim,
641 1516 797 1573 legant,
820 1525 863 1558 et
890 1515 1104 1557 nonnullis
1125 1515 1338 1557 vocabulis
1359 1523 1431 1556 aut
1451 1513 1595 1562 literis,

201 1588 310 1631 quae
338 1573 491 1630 passim
512 1574 626 1630 apud
647 1589 713 1615 me
735 1573 1040 1623 desiderantur,
1058 1573 1195 1614 lucem
1213 1572 1393 1614 reddant
1408 1586 1597 1612 necessa-

202 1632 318 1672 riam.
382 1630 476 1672 Nec
493 1631 607 1672 enim
628 1640 775 1687 putem
797 1646 821 1672 0
855 1646 902 1672 us
923 1645 1026 1680 esse,
1044 1645 1106 1680 ca,
1124 1645 1232 1686 quae
1253 1629 1423 1686 protuli,
1446 1629 1597 1669 iterum

202 1703 421 1730 recensere
443 1696 486 1730 et
505 1688 713 1745 corrigere
722 1692 765 1729 2⁴.
849 1687 923 1729 lud
939 1687 1053 1729 enim
1074 1688 1119 1728 in
1135 1687 1280 1743 primis
1296 1701 1466 1743 operam
1483 1685 1597 1735 dedi,

202 1754 250 1788 ut
271 1761 325 1787 ne
347 1745 452 1787 aliae
473 1761 497 1787 a
517 1760 584 1787 me
606 1753 866 1802 ponerentur
885 1745 1043 1795 literae,
1062 1759 1109 1786 ac
1130 1759 1227 1785 vere
1250 1744 1293 1785 in
1315 1743 1599 1799 manuscripto

203 1811 354 1845 essent.
418 1802 588 1844 Deinde
632 1811 680 1844 ut
721 1802 1023 1867 apographum,
1065 1811 1270 1858 quantum
1312 1800 1403 1841 fieri
1446 1810 1599 1856 posset,

204 1861 486 1917 fragmentum
514 1860 580 1901 vel
609 1860 653 1900 in
682 1860 783 1916 ipS1s
810 1859 1000 1901 minutiis
1030 1868 1221 1900 accurate
1254 1866 1597 1915 repraesentaret.

208 1917 479 1974 Quapropter
508 1917 691 1958 eundern
723 1917 984 1973 paginarum,
1013 1916 1302 1958 columnarum
1335 1924 1376 1956 et
1404 1929 1600 1956 versuum

204 1975 398 2016 ordinem
424 1975 468 2015 in
497 1974 683 2015 editione
715 1973 906 2030 religiose
940 1974 1112 2022 servavi,
1139 1973 1211 2029 qui
1241 1973 1283 2013 in
1316 1972 1601 2027 manuscripto

204 2040 295 2082 est3
327 2031 512 2088 singulas
532 2045 654 2072 voces
679 2030 905 2087 literasque
934 2030 1049 2071 haud
1077 2030 1233 2071 maiore
1255 2044 1273 2070 s
1305 2030 1389 2070 atio
1411 2029 1600 2077 distinxi,

205 2104 334 2146 quam
358 2089 403 2130 in
428 2088 713 2144 manuscripto
740 2097 955 2144 separatae
983 2096 1093 2128 sunt.
1159 2044 1303 2135 Quoci)
1318 2101 1450 2142 quum
1479 2101 1529 2127 ea
1549 2086 1601 2126 de

206 2161 331 2189 causa
349 2145 443 2196 feci,
466 2154 513 2188 ut
534 2146 608 2187 fidi
630 2145 803 2187 editoris
825 2145 974 2195 officio,
998 2153 1203 2201 quantum
1233 2144 1277 2184 in
1306 2158 1372 2185 me
1399 2144 1464 2193 sit,
1487 2144 1603 2184 satis-

207 2203 402 2253 facerem,
424 2213 514 2245 tum
546 2212 594 2244 ut
624 2202 911 2244 adolescentes
934 2203 1052 2258 quasi
1082 2201 1213 2244 oculis
1241 2210 1477 2251 cernerent,
1499 2201 1602 2256 quid

208 2261 288 2302 sibi
311 2260 535 2302 Cornelius
563 2275 658 2301 cum
687 2260 871 2302 historiis
901 2260 1044 2301 multis
1072 2259 1256 2300 millibus
1277 2274 1472 2300 versuum
1504 2273 1605 2299 con—

209 2318 374 2375 scriptis
393 2317 507 2368 velit,
529 2317 632 2359 dum
661 2318 705 2359 in
727 2318 812 2359 vita
835 2317 1154 2374 Epaminondae
1177 2332 1265 2373 cap.
1289 2321 1328 2358 4.
1353 2317 1436 2358 ait:
1477 2322 1487 2339 ‘
1505 2315 1606 2356 Plu—

254 2449 293 2472 υ
319 2440 416 2472 Hanc
440 2440 595 2471 rationem
620 2451 678 2471 nos
700 2450 828 2480 quoquc
855 2440 887 2470 in

933 2441 986 2480 qui
1014 2450 1043 2479 p.
1072 2449 1120 2479 27.
1166 2444 1186 2455 ⁸·
1202 2439 1251 2470 Ea
1277 2444 1325 2470 est
1348 2439 1471 2476 eni1n‚”
1494 2438 1609 2478 inquit,

211 2483 272 2514 hac
296 2493 379 2514 nova
401 2483 569 2523 fmgmenti
596 2483 722 2514 Liviani
747 2483 889 2514 editione

933 2483 1063 2513 “huius
1093 2481 1347 2521 investigationis
1376 2481 1512 2517 indoles,
1541 2482 1607 2510 ubi-

212 2525 314 2557 uecuti
329 2536 448 2556 sumus,

256 2577 295 2607 ²3
313 2568 389 2599 vid.
403 2572 496 2599 notas
511 2569 551 2599 ad
565 2568 733 2608 fragmenti
749 2568 803 2599 lin.
820 2567 887 2607 167.

214 2610 312 2646 Quae
342 2610 415 2641 inde
442 2612 482 2641 ab
513 2611 574 2641 hoc
604 2621 692 2641 versu
721 2622 821 2650 usquc
846 2612 887 2641 ad

218 2652 287 2684 180.
314 2653 475 2692 leguntur,
501 2653 627 2693 egregio
656 2653 827 2684 Niebuhrii
856 2653 889 2683 in

216 2694 345 2726 Brunsii
370 2695 477 2725 locum
499 2696 701 2727 succedentis
721 2696 827 2726 studio
849 2705 889 2726 ex

215 2736 326 2768 codice
349 2742 440 2768 eruta
460 2742 504 2775 et,
524 2738 548 2768 ui
571 2749 635 2778 qun
654 2738 801 2778 exsculpi
826 2748 890 2769 non

217 2783 358 2819 ponent,
374 2779 582 2819 probabiliter
596 2782 748 2820 suppleta
764 2785 846 2811 sunt.

262 2829 302 2858 '²⁴
327 2821 560 2852 Verumtamen
585 2833 624 2853 ea
646 2833 787 2862 quoque,
810 2833 894 2861 quae

220 2861 358 2893 Brun-io
379 2868 411 2893 et
429 2864 600 2895 lux-enutio
622 2866 791 2905 explorata
810 2865 894 2895 vide-

220 2907 340 2941 rentur,
370 2905 486 2944 passim
519 2907 655 2937 correxit
684 2907 896 2944 Niebuhrius‚

934 2535 1061 2564 cunque
1090 2524 1247 2564 scriptura
1282 2524 1454 2554 obliterata
1483 2528 1543 2561 est,
1574 2528 1608 2553 ut

934 2568 985 2598 vix
1003 2568 1043 2598 ab
1056 2577 1121 2598 uno
1134 2567 1243 2607 pertici
1259 2566 1376 2606 possit:
1394 2566 1476 2596 alius
1488 2571 1610 2606 postca,

933 2610 1050 2640 deinde
1062 2610 1145 2640 alius
1159 2610 1359 2649 pluraquam
1374 2609 1496 2648 primus
1508 2609 1611 2638 editor

934 2652 1072 2683 feliciter
1095 2652 1269 2682 divinando
1292 2656 1490 2690 assequatur,
1513 2655 1611 2689 atque

934 2705 953 2726 a
975 2695 1166 2725 coniecturis
1188 2704 1369 2734 progressus
1389 2694 1486 2724 etiam
1509 2693 1611 2723 oculis

935 2742 1109 2777 agnoscnt;
1133 2741 1232 2776 atquc
1254 2737 1333 2767 haec
1356 2737 1500 2776 profecto
1517 2736 1611 2765 unica

936 2781 977 2811 ad
993 2780 1101 2810 omnia
1120 2779 1289 2819 paullatim
1313 2779 1344 2809 in
1362 2778 1543 2809 huiusmodi
1562 2788 1612 2805 co-

939 2822 1063 2853 dicibus
1079 2822 1299 2861 exsculpenda
1317 2821 1366 2851 via
1383 2827 1438 2851 est.
1464 2822 1502 2851 cf.
1515 2820 1612 2850 etiam

942 2865 1080 2905 Peyroni
1113 2865 1251 2894 l’rnet'at.
1277 2865 1317 2894 ad
1344 2862 1509 2894 Ciceronis
1536 2863 1612 2898 frug-

941 2912 1050 2937 mentn
1069 2917 1097 2945 p.
1118 2914 1144 2945 7.
1162 2917 1206 2945 sq.
