1888 3194
204 161 581 206 EDITIONIS
624 161 1396 206 DRAKENBORCHIANAE.
1451 167 1533 208 507

131 252 200 294 59.
222 253 434 306 trecenos]
457 253 657 293 tricenos.
675 249 861 292 —Ibid.
886 250 1094 306 lanxque]
1124 252 1324 306 lanaque.
1342 253 1530 296 —Ibid.

129 310 353 366 apposita]
377 309 590 364 obposita.

189 366 290 408 Lm.
325 365 454 407 XLI.
500 365 621 420 Epit.
664 365 880 414 dimissus,
913 370 1094 419 praeter
1132 365 1400 417 relisrionem,
1440 383 1525 421 qua

126 423 259 464 multa
281 423 441 478 templa
463 422 696 477 magnifica
724 422 867 462 multis
895 421 1003 462 locis
1031 421 1186 470 erexit,
1208 398 1400 464 Athenis
1411 423 1529 464 Iocis

131 479 341 535 Olympii,
393 485 435 521 et
474 478 736 520 Antiochiae
782 478 1033 533 Capitolini.
1086 479 1335 520 vilissimum
1384 494 1527 535 regem

125 535 237 592 egit]
288 537 502 577 dimissus.
529 560 587 565 —
607 535 719 577 Ibid.
770 534 1055 588 sollieitabat]
1106 536 1403 583 sollicitabat;
1454 538 1528 591 qui

115 599 301 648 praeter
332 593 598 649 religionem,
634 608 720 648 qua
756 593 888 633 multa
925 592 1083 657 templa
1115 593 1351 647 magnifica
1383 594 1526 634 multis

124 649 234 691 locis
263 650 420 699 erexit,
452 650 635 691 Athenis
673 649 793 691 Iocis
829 649 1036 714 Olympii,
1073 655 1115 690 et
1147 649 1408 691 Antiochiae
1444 650 1526 691 Ca-

116 706 313 762 pitolini,
353 682 603 748 vilissimum
637 721 779 763 regem
814 707 917 762 egit.
936 705 1118 761 —Cap.
1157 709 1191 747 l.
1231 707 1304 762 qui
1344 708 1527 748 tuendae

123 763 279 819 viginti
303 764 484 805 navibus
510 764 644 805 maris
669 764 818 819 superi
846 778 950 804 orae
970 763 1208 817 Anconam]
1232 764 1305 818 qui
1327 765 1525 805 tuendam

123 821 281 876 viginti
331 821 511 862 navibus
559 821 669 862 mari
718 820 941 876 superiore
981 819 1215 861 Anconam.
1238 845 1295 849 —
1316 821 1426 862 lbid.
1479 822 1525 862 in

125 877 306 919 Istriam
342 876 524 944 versum]
563 878 607 919 in
638 877 902 932 Istriamque
940 892 1074 918 suum.
1091 877 1317 943 —Cap.
1305 880 1343 919 ,2.
1372 878 1526 933 forum

124 935 253 976 turba
283 936 435 976 inermi
451 933 686 990 frequens]
715 949 858 976 eorum
880 934 1009 975 turba
1035 935 1210 976 inermis
1222 935 1449 991 frequens.
1468 960 1526 965 —-

123 990 239 1033 Ibid.
263 992 546 1046 direptisque]
570 992 765 1046 direptis.
784 1017 839 1022 —
856 990 965 1046 Cap.
987 991 1028 1032 4.
1036 992 1245 1046 fuerant]
1253 993 1453 1048 suerunt
1468 1018 1524 1022 -—

124 1047 233 1103 Cap.
256 1050 297 1089 5.
321 1047 520 1101 colo-niis]
555 1049 729 1089 colonis.
745 1047 923 1102 —Cap.
946 1048 986 1089 6.
1018 1049 1098 1090 alii
1129 1050 1344 1105 cuiquam]
1374 1050 1523 1091 alieui-

123 1119 264 1160 quam.
282 1104 450 1159 ——Cap
422 1120 465 1159 p.
489 1106 529 1145 7.
554 1105 606 1145 de
634 1103 708 1159 iis]
741 1106 792 1146 cle
821 1063 911 1146 hisp
919 1104 1103 1146 ——Ibid.
1129 1107 1297 1160 quando
1310 1106 1521 1162 populus]

122 1162 294 1217 quando
327 1161 376 1202 id
408 1162 558 1203 bellum
587 1162 791 1218 populus.
811 1185 868 1190 —
889 1161 995 1216 Cap.
1029 1162 1069 1202 8.
1104 1162 1158 1203 L.
1182 1163 1433 1217 illummius]
1474 1165 1521 1204 C.

121 1218 367 1260 Mummius.
383 1243 441 1249 —
462 1218 574 1260 Ibid.
597 1225 640 1260 et
660 1219 714 1260 L.
733 1177 983 1260 Minuciusp
983 1218 1207 1273 Thermus]
1231 1220 1284 1261 L.
1303 1221 1525 1262 Minucius

129 1275 348 1318 Thermus.
365 1275 550 1317 —Ibid.
581 1276 624 1316 in
650 1275 832 1330 delectu]
866 1276 910 1317 in
937 1276 1352 1318 delectum—Ibid.
1366 1278 1525 1331 factus

122 1339 250 1383 esset,
275 1333 402 1387 [civis
422 1348 472 1374 ne
491 1339 613 1375 esset.
620 1332 637 1386 ]
699 1332 864 1386 Haec]
868 1333 1015 1383 factus
1035 1340 1147 1375 esset
1168 1333 1190 1354 ³*
1207 1332 1243 1374 ’ἦ
1306 1334 1448 1375 Haec.
1466 1358 1522 1362 —

123 1389 231 1446 Cap.
267 1391 306 1431 9.
350 1390 507 1445 lucum]
549 1390 995 1431 laeum.——1bid.ex
1030 1391 1415 1445 senatusconsulto]
1459 1405 1521 1431 se-

121 1448 454 1489 natusconsulto.
472 1447 657 1488 —Ibid.
688 1448 761 1503 qui
792 1454 890 1488 tunc
917 1446 1047 1501 esset]
1081 1449 1154 1504 qui
1184 1463 1292 1490 nunc
1322 1455 1448 1490 esset.
1465 1472 1521 1476 —

121 1503 236 1546 Ibid.
260 1520 378 1560 quem
408 1506 481 1560 qui
509 1504 893 1558 manumitteretur]
917 1519 1038 1559 quem
1067 1506 1335 1546 manumittet
1338 1512 1446 1546 etur
1466 1529 1523 1533 —

123 1561 232 1616 Cap.
262 1563 322 1602 10.
351 1561 479 1608 Quod
496 1577 620 1617 quum
643 1562 709 1602 illi
731 1560 834 1615 tum]
862 1561 990 1607 Quod
1009 1577 1133 1616 quum
1155 1562 1324 1603 milites.
1339 1586 1395 1591 —
1412 1562 1517 1616 Cap.

125 1577 217 1660 ll.p
227 1617 500 1672 Ᾱεεασίἱαηι]
543 1617 1004 1672 Aesonium—Cap.
1052 1621 1112 1660 12.
1156 1634 1226 1660 res
1261 1618 1410 1675 gesta]
1453 1634 1521 1659 res

117 1682 288 1732 gestae.
308 1700 365 1706 —
386 1675 491 1730 Cap.
540 1676 604 1716 13.
645 1675 848 1728 locutam]
888 1676 1081 1716 locutum.
1105 1700 1162 1704 —
1183 1675 1295 1716 Ibid.
1335 1675 1517 1730 Lucam]

121 1733 501 1788 Lunam—Cap.
545 1734 609 1774 14.
646 1732 857 1788 recipere]
901 1732 1285 1787 eripere.—lbid.
1324 1748 1373 1773 ne
1408 1733 1519 1774 Istri

121 1790 252 1845 idem]
276 1805 328 1831 ne
348 1790 456 1832 Istri
477 1804 645 1845 quoque
668 1790 792 1830 idem.
810 1813 868 1818 —
884 1789 991 1842 Cap.
1024 1791 1084 1829 15.
1108 1789 1224 1830 boris
1251 1789 1516 1844 sexcenarii]

123 1847 242 1889 bovis
279 1848 531 1888 sescenaris.
550 1870 606 1875 -——
624 1846 733 1887 Ibid.
767 1845 1026 1901 diffluxisse]
1066 1846 1312 1901 defluoeisse.
1333 1871 1387 1876 ——
1405 1846 1516 1888 Ibid.

121 1904 406 1946 inenarrabili
419 1905 520 1945 tabe
532 1904 818 1959 absumptura]
836 1904 1187 1944 inenarrabiliter
1200 1905 1447 1945 absumtum.
1462 1929 1520 1935 —

120 1961 233 2004 Ibid.
244 1976 437 2017 pacare:
458 1961 517 2014 ei]
530 1976 711 2015 pacare,
726 1959 964 2002 et.—Ibid.
981 1960 1196 2015 iurarunt]
1213 1962 1518 2004 iureiurarunt.

121 2018 229 2073 Cap.
254 2019 318 2059 16.
342 2018 496 2059 Nonas
517 2017 688 2071 Alaias]
714 2018 866 2058 Nonas
889 2017 1018 2058 Maii.
1034 2042 1089 2046 —
1107 2017 1219 2059 Ibid.
1237 2019 1517 2074 instauratio]

120 2076 470 2117 instaurationes.
487 2100 544 2105 —
561 2074 668 2130 Cap.
699 2074 759 2116 18.
784 2075 845 2115 ad
863 2075 975 2116 mille
996 2081 1036 2115 et
1057 2075 1300 2130 quingenti]
1327 2077 1388 2116 acl
1405 2078 1521 2118 mille

119 2139 162 2175 et
204 2133 451 2188 quingenta.
470 2131 655 2173 —Ibid.
708 2130 953 2185 constabat]
1006 2138 1184 2173 constat.
1209 2133 1392 2188 —Cap.
1452 2135 1514 2175 19.

119 2189 266 2244 Intra]
298 2190 430 2230 Inter.
445 2189 627 2231 —Ibid.
658 2195 703 2230 ut
732 2195 925 2231 sanctum
952 2189 1111 2230 habere
1125 2190 1306 2245 foedus,
1336 2192 1452 2245 quod
1480 2192 1519 2232 ei

121 2261 215 2289 cum
250 2247 460 2288 Romanis
499 2253 622 2296 esset,
661 2247 795 2288 videri
826 2246 991 2302 posset]
1035 2253 1077 2286 ut
1113 2253 1304 2288 sanctum
1339 2248 1517 2289 haberet

106 2304 289 2360 foedus,
312 2305 424 2358 quod
447 2304 487 2344 ei
515 2319 606 2344 cum
629 2304 839 2345 Romanis
868 2318 961 2344 esse
989 2304 1124 2344 videri
1150 2311 1315 2359 posset.
1334 2329 1390 2334 —-
1408 2305 1516 2370 Cup.

121 2362 190 2403 20.
205 2359 382 2417 pretiis]
419 2361 626 2402 naemiis.
643 2361 811 2416 —Cap
782 2377 822 2416 p.
846 2362 915 2402 521.
937 2361 1049 2401 iusto
1077 2361 1265 2415 numero]
1295 2377 1386 2403 cum
1408 2363 1519 2403 iusto

121 2433 306 2460 numero.
325 2441 381 2446 —
423 2418 511 2458 bid.
542 2417 750 2472 verterat]
784 2424 979 2459 verteret.
997 2417 1130 2458 -Ca
1121 2434 1177 2472 p.
1210 2422 1278 2460 2²53.
1311 2420 1518 2473 escendit]

121 2475 357 2517 adscendit.
374 2474 561 2515 —Ibid.
612 2476 781 2516 nuntios
831 2475 1107 2515 tumultuosos
1157 2475 1289 2530 misit]
1341 2478 1519 2517 umzcius

122 2533 323 2574 tumultus
339 2533 432 2574 eius
454 2532 578 2573 venit
595 2531 759 2586 —Cap
732 2547 773 2586 p.
797 2532 865 2573 23.
889 2531 1167 2587 comprensis]
1191 2534 1517 2588 comprehensis.

120 2589 301 2631 —Ibid.
334 2590 488 2631 literae
520 2588 622 2643 ***]
655 2590 809 2630 literas
840 2590 922 2614 *θ’
929 2588 1143 2630 .-11)ἰ(1.
1178 2606 1220 2641 eg
1220 2606 1259 2629 ro
1291 2591 1518 2631 maximam

117 2647 506 2712 gravissimamque
541 2647 720 2687 omnium
758 2662 838 2686 non
876 2646 953 2701 agi
988 2652 1147 2686 tantum
1183 2647 1392 2701 arbitror]
1434 2664 1482 2703 eg,
1476 2664 1516 2688 ro

121 2704 305 2745 maxime
338 2704 643 2758 “ratissimam
685 2704 878 2751 omnium,
919 2718 996 2743 non
1040 2704 1203 2759 agique
1244 2711 1406 2745 {mitum
1448 2720 1515 2745 ar-

123 2760 272 2801 bitror.
289 2785 345 2792 ——
363 2760 474 2802 Ibid.
500 2776 620 2816 quem
642 2761 799 2801 hostem
817 2760 981 2816 populo
1005 2760 1201 2801 Romano
1215 2762 1344 2817 prius
1358 2777 1515 2816 pacm

123 2831 249 2872 quam
277 2818 402 2872 regni
430 2818 623 2858 heredem
638 2818 839 2871 fitturum
868 2816 1052 2871 sciebat]
1079 2833 1197 2871 quem
1215 2819 1406 2873 populus
1428 2818 1515 2858 Ro-

121 2887 269 2914 manus
304 2874 430 2928 prius
468 2889 651 2930 poenae,
693 2890 819 2929 quarn
870 2875 1008 2929 regni,
1051 2875 1342 2972 haeredeml„
1312 2875 1513 2928 futurum

1239 2943 1251 2970 ι
1318 2933 1344 2954 ι)
