1888 3194
557 169 685 212 LIB.
718 167 860 210 XLV.
907 167 1055 210 CAP.
1092 171 1157 209 10.
1484 173 1557 211 181

133 265 241 317 Sper
257 258 373 301 Euro
403 273 451 300 ae
471 256 721 314 plerumque
742 266 871 313 atque
893 256 1039 298 Asiam
1063 270 1232 297 ornnem
1252 257 1383 312 regni.
1432 256 1560 299 Viee-
1573 268 1617 300 U.
1635 268 1672 300 C.
1696 269 1768 309 58⁴·

132 317 314 358 9simum
347 331 371 357 a
432 314 611 365 Carano,
641 315 715 370 qui
745 315 906 370 primus
938 313 1141 370 regnavit,
1173 312 1328 354 Persea
1361 328 1557 356 numera·
1571 312 1610 342 A.
1634 312 1673 343 C.
1699 310 1768 343 ¹⁶8-

136 367 277 416 ¹bant.
338 373 528 421 Perseus,
561 371 792 420 QFulvio,
825 371 876 412 L.
893 370 1058 412 Manlio
1089 370 1344 419 consulibus,
1378 385 1554 426 regnum

163 430 347 486 accepit:
385 444 410 470 a
438 437 587 470 senatu
617 444 692 470 rex
722 437 785 470 est
805 427 1050 484 appellatus,
1074 426 1136 468 M.
1156 426 1294 477 Iunio,
1318 428 1371 468 A.
1392 427 1556 470 Manlio

162 486 424 530 consulibus:
457 485 647 542 regnavit
662 485 860 526 undecim
881 500 1023 526 annos.
1072 484 1360 526 Macedonum
1382 485 1558 526 obscura

162 543 391 587 admodum
411 543 521 584 fama
548 558 681 598 usque
712 542 766 583 ad
788 542 1032 598 Philippum
1056 541 1271 598 Amyntae
1292 541 1426 583 filium
1447 542 1552 583 fuit:

161 601 261 644 inde
291 616 340 643 ac
369 616 445 658 per
474 615 571 642 eum
600 615 784 642 crescere
806 614 938 656 quum
967 599 1183 655 coepisset,
1208 598 1403 655 Europae
1429 614 1471 641 se
1495 609 1556 640 ta—

161 674 259 701 men
289 659 445 700 finibus
469 658 690 708 continuit,
716 657 939 699 Graeciam
961 671 1130 698 omnem
1162 665 1205 698 et
1235 667 1396 713 partem
1419 656 1556 698 Thra-

160 717 248 759 ciae
265 725 390 772 atque
406 715 563 773 Illyrici
579 714 784 771 amplexa.
834 713 1081 770 Superfudit
1096 713 1250 755 deinde
1268 729 1310 755 se
1327 714 1372 755 in
1387 714 1552 756 Asiam:

159 783 202 816 et
223 773 426 815 tredecim
447 773 580 823 annis,
595 773 749 829 quibus
771 771 1017 814 Alexander
1037 771 1239 828 regnavit,
1260 772 1443 828 primum
1465 787 1554 813 om-

158 832 242 882 nia,
265 846 350 888 qua
370 831 592 872 Persarum
623 844 753 886 prope
779 830 985 870 immenso
1006 829 1140 885 spatio
1161 828 1384 885 imperium
1405 828 1552 879 fuerat,

159 904 258 930 suae
280 889 451 930 ditionis
471 888 581 929 fecit.
644 887 807 928 Arabas
838 886 937 928 hinc
959 885 1224 942 Indiamque,
1246 901 1330 942 qua
1351 896 1553 927 terrarum

128 966 146 987 2
160 946 330 988 ultimos
351 946 455 986 fines
478 945 672 987 Rubrum
694 959 806 985 mare
828 943 1107 1000 amplectitur,
1129 943 1376 1000 peragravit.
1440 943 1554 985 Tum

158 1004 390 1045 maximum
416 1003 461 1043 in
489 1002 608 1044 terris
630 1001 918 1042 Macedonum
951 1016 1127 1057 regnum
1155 1016 1420 1056 nomenque3
1454 1001 1553 1043 inde

158 1070 292 1102 morte
322 1059 558 1101 Alexandri
589 1059 835 1099 distractum
869 1059 913 1098 in
946 1058 1079 1098 multa.
1113 1073 1254 1113 regna,
1289 1058 1390 1099 dum
1424 1058 1477 1099 ad
1510 1074 1552 1100 Se

125 1118 337 1174 3quisque
373 1132 472 1173 opes
507 1115 690 1172 rapiunt,
727 1115 956 1156 lacerantes
991 1115 1075 1156 suis
1108 1115 1287 1156 viribus:
1331 1131 1356 1156 a
1389 1130 1553 1158 summo

125 1174 341 1227 4eulmine
362 1174 553 1216 fortunae
585 1173 639 1214 ad
670 1172 866 1214 ultimum
896 1172 1026 1213 finem
1052 1180 1222 1213 centum
1245 1172 1554 1229 quinquaginta

156 1247 290 1274 annos
309 1232 436 1274 stetit.

214 1289 428 1331 Victoriae
466 1289 684 1331 Romanae
720 1288 832 1330 fama
858 1303 990 1344 quum
1026 1287 1271 1344 pervasisset
1309 1288 1354 1329 in
1390 1288 1551 1338 Asiam,

157 1347 367 1397 Antenor,
390 1347 464 1404 qui
485 1361 582 1388 cum
604 1346 732 1388 classe
754 1346 988 1387 lemborum
1019 1345 1073 1386 ad
1095 1345 1262 1387 Phanas
1282 1346 1427 1396 stabat,
1449 1346 1554 1388 Cas—

155 1405 375 1447 sandream
406 1404 505 1446 inde
534 1404 707 1446 traiecit.
773 1402 823 1445 C.
841 1403 1058 1459 Popillius,
1081 1403 1152 1459 qui
1177 1403 1230 1444 ad
1253 1402 1409 1444 Delum
1433 1418 1554 1459 prae·

156 1462 263 1504 sidio
292 1462 467 1504 navibus
500 1461 796 1503 Macedoniam
828 1461 1071 1517 petentibus
1098 1469 1198 1510 erat,
1227 1469 1450 1517 postquam
1479 1461 1554 1503 de-

155 1519 356 1562 bellatum
377 1520 422 1560 in
440 1519 708 1569 Macedonia,
729 1527 772 1560 et
793 1519 970 1560 statione
992 1527 1222 1560 summotos
1243 1517 1427 1560 hostium
1449 1518 1553 1560 lem-

155 1577 232 1618 bos
252 1577 428 1627 andivit‚
450 1577 631 1618 dimissis
651 1585 694 1618 et
725 1577 812 1632 ipse
837 1576 992 1617 Atticis
1022 1576 1210 1625 navibus,
1233 1575 1285 1617 ad
1316 1585 1553 1633 susceptam

155 1633 410 1691 legationem
450 1633 733 1690 peragendam
774 1633 969 1689 navigare
1011 1633 1258 1689 Aegyptum
1329 1633 1462 1689 ergit:
1506 1643 1554 1675 ut

155 1692 272 1749 prius
305 1706 523 1733 occurrere
562 1690 776 1733 Antiocho
818 1699 970 1746 posset,
1006 1705 1131 1746 quam
1166 1689 1219 1731 ad
1256 1692 1295 1732 A
1316 1690 1552 1732 exandreae

155 1750 325 1791 moenia
344 1748 574 1791 accederet.
633 1748 778 1796 Quum
801 1747 1222 1803 praeterveherentur
1245 1747 1389 1788 Asiam
1413 1747 1551 1804 legati,

156 1818 199 1848 et
230 1806 416 1864 Loryma
451 1806 675 1854 venissent,
712 1805 786 1861 qui
827 1813 971 1860 portus
1006 1804 1154 1860 viginti
1193 1804 1334 1861 paullo
1374 1805 1553 1861 amplius

1635 1292 1700 1331 10.

155 1864 288 1905 millia
317 1865 368 1905 ab
399 1863 554 1904 Rhodo
575 1863 703 1912 abest,
726 1877 778 1903 ex
801 1862 975 1903 adverso
996 1862 1090 1902 urbi
1115 1862 1192 1918 ipsi
1222 1862 1404 1918 positus3
1437 1863 1553 1919 prin·
1566 1872 1722 1905 Rhodum

154 1922 270 1978 cipes
292 1921 560 1962 Rhodiorum
582 1928 809 1961 occurrunt
829 1920 930 1975 (iam
955 1919 1068 1959 enim
1091 1934 1141 1960 eo
1162 1934 1332 1975 quoque
1353 1920 1550 1962 victoriae

154 1979 265 2021 fama
303 1978 463 2036 perlata
500 1977 609 2031 erat)
644 1986 823 2026 orantes,
863 1982 874 2000 ‘
892 1985 938 2018 ut
975 1976 1176 2017 Rhodum
1213 1975 1547 2019 deveherentur:

1564 1915 1742 1947 invitantur

1565 1959 1659 1997 legati
1681 1960 1747 1990 1³0-

1563 2011 1731 2032 munorum

155 2036 394 2094 ‘pertinere
420 2035 463 2077 id
492 2035 545 2076 ad
572 2035 725 2077 famam
747 2033 1010 2089 salutemque
1033 2033 1223 2083 civitatis,
1246 2048 1418 2077 noscere
1441 2035 1551 2091 ipsos
1562 2044 1602 2074 ad
1622 2044 1733 2075 Antio-

156 2100 168 2120 ‘
183 2094 337 2144 omnia,
355 2108 463 2150 quae
485 2101 577 2134 acta
597 2101 748 2142 essent,
763 2100 1072 2190 εῗξτεητιιιηυο
1093 2090 1251 2140 Rhodi,
1274 2100 1316 2132 et
1337 2102 1551 2149 comperta
1563 2086 1671 2118 chum.

155 2157 167 2177 ‘
183 2167 259 2208 per
279 2166 335 2201 se,
358 2166 444 2192 non
465 2150 636 2207 vulgata
655 2150 778 2199 fama,
839 2163 977 2190 omam
1000 2148 1178 2190 referre.’
1238 2148 1328 2190 Diu
1350 2159 1551 2206 negantes

154 2209 442 2266 perpulerunt,
472 2217 520 2249 ut
550 2222 709 2248 moram
740 2206 1016 2263 navigationis
1044 2206 1211 2248 brevem
1234 2221 1310 2262 pro
1331 2206 1463 2249 salute
1485 2223 1551 2249 so-

154 2267 242 2308 ciae
270 2267 383 2308 urbis
413 2275 669 2322 paterentur.
732 2264 963 2320 Postquam
989 2263 1191 2305 Rhodum
1214 2274 1387 2305 ventum
1409 2274 1484 2315 est,
1508 2266 1551 2307 in

153 2324 401 2366 concionem
423 2338 594 2380 quoque
617 2338 688 2364 eos
711 2322 839 2364 iidem
865 2321 1058 2378 precibus
1088 2330 1394 2378 pertraxerunt.
1461 2323 1552 2365 Ad-

197 2495 216 2525 8
245 2496 398 2535 Europae
431 2493 636 2534 plerumque]
679 2492 828 2523 Locutio·
875 2496 1023 2522 numerat
1041 2503 1047 2521 :
1097 2490 1257 2522 Eusebius
1301 2490 1332 2521 in
1379 2491 1552 2530 Clu-onim,

154 2547 228 2568 nem
251 2537 347 2574 hunc,
363 2541 398 2567 ut
416 2538 608 2576 plerumque
630 2537 743 2572 noctis,
763 2536 828 2566 en*-
875 2544 989 2565 novem
1007 2538 1039 2564 et
1055 2533 1194 2573 triginta.
1219 2534 1326 2565 Cum.

151 2591 253 2620 quum
273 2581 383 2620 epam,
405 2580 543 2610 medium
555 2580 673 2618 campi,
688 2578 829 2608 illustrat
920 2586 935 2606 2
961 2577 1107 2607 Rubrum
1124 2578 1229 2614 mure]
1258 2575 1360 2607 Rubri
1381 2576 1477 2607 maris
1497 2588 1550 2607 nn-

155 2622 307 2654 Ciaccon.
324 2623 364 2652 ud
383 2622 461 2653 Sall.
481 2621 627 2659 iugurth.
648 2630 696 2651 ²1.
875 2619 961 2649 mine
978 2618 1112 2657 intelligi
1131 2628 1218 2649 mare
1237 2619 1386 2649 Indicum
1404 2619 1467 2649 iam
1486 2630 1550 2649 nio-

197 2675 217 2706 9
240 2664 362 2704 Requi]
403 2664 574 2696 consentit
604 2664 644 2694 ud
675 2662 828 2693 amussim
875 2662 1005 2692 nuimuu
1021 2671 1107 2700 supr.
1125 2660 1193 2692 xlii.
1211 2670 1260 2700 5²·
1285 2662 1392 2693 Ciuzv.

157 2707 321 2738 Diodorus
354 2708 395 2738 de
428 2706 633 2738 Macedonici
669 2706 755 2743 regni
789 2706 830 2735 ab
920 2714 938 2744 3
962 2705 1156 2734 lacerantes
1174 2705 1242 2734 suis
1263 2705 1403 2742 viribus]
1431 2705 1549 2735 Emen-

158 2750 396 2780 Alexnndroad
410 2750 630 2780 Perseastatu.
647 2748 830 2779 cfiDiodor.
876 2747 1038 2777 dationem
1066 2746 1222 2776 Gronovii
1251 2748 1402 2777 laceratis
1430 2749 1551 2777 viribus

158 2791 240 2824 Exc.
260 2793 336 2823 Vnt.
354 2793 442 2824 xxvi.
461 2801 509 2823 το.
877 2789 1018 2829 reposuit
1040 2789 1178 2819 Bekker.

205 2844 214 2864 ι
249 2835 435 2865 l'i'cen'mum
461 2836 501 2864 ab
527 2835 674 2873 Carano]
706 2833 829 2864 Nnme-
919 2844 937 2871 4
971 2834 1107 2862 ventum
1149 2833 1388 2872 quintum-uinea
1430 2834 1550 2869 ιιιυιω]

158 2876 305 2907 mnhaud
317 2877 662 2907 dubiemcndonuneut.
691 2876 833 2906 lustinus
880 2874 1007 2914 polybii
1035 2875 1140 2904 locuni
1169 2875 1198 2904 in
1242 2874 1307 2904 ch.
1330 2874 1402 2904 Vnt.
1427 2884 1502 2903 xxx.
1525 2884 1551 2912 5.

160 2918 270 2949 xxxiii.
298 2927 324 2948 2.
350 2918 478 2955 triginta
505 2919 719 2949 Macedoniae
746 2929 832 2955 regu-¹
878 2923 953 2947 unte
969 2917 1079 2947 oculos
1097 2916 1244 2946 habuisse
1265 2917 1374 2946 Lixins
1394 2916 1526 2946 mmm.
