1888 3194
902 171 1049 214 TITI
1091 171 1268 213 LIV11

180 273 229 346 kl.
245 273 284 346 g.
308 273 378 356 {23-
392 276 538 323 traque
561 265 758 308 undecim
780 263 869 306 dies
897 263 1083 305 delectus
1105 270 1167 304 est
1193 263 1414 319 perfectus.

186 358 369 388 Provincia-

185 411 255 430 rum
271 400 359 432 sorti-

186 443 240 474 tio.

390 180 468 217 114

1479 261 1684 304 Consules
1703 262 1779 304 de-

391 324 490 366 inde
512 323 645 365 sortiti
672 322 906 379 provincias
926 330 1035 362 sunt.
1097 319 1207 361 Nam
1234 329 1443 376 praetores
1470 329 1640 376 propter
1659 319 1780 361 iuris-

393 382 623 424 dictionem
639 380 840 422 maturius
861 379 995 420 sortiti
1011 386 1142 419 erant.
1185 378 1359 419 Urbana
1374 377 1423 418 C.
1443 377 1642 433 Sulpicio,
1659 392 1780 433 pere-

394 440 515 497 grina
537 439 586 481 C.
603 438 799 480 Decimio
820 437 1048 492 obtigerat:
1083 435 1332 492 Hispaniam
1355 434 1416 475 M.
1436 434 1642 476 Claudius
1663 434 1782 475 Mar-

396 497 539 546 cellus,
584 495 768 538 Siciliam
811 494 896 536 Ser.
923 493 1145 535 Cornelius
1193 492 1411 542 Lentulus,
1456 491 1690 533 Sardiniam
1730 491 1779 532 P.

397 555 597 597 Fonteius
621 553 785 609 Capito,
808 551 978 593 classem
1007 549 1057 592 C.
1077 550 1264 592 Marcius
1285 550 1457 606 Figulus
1484 558 1573 591 erat
1600 549 1780 590 sortitus.

401 612 634 654 Consulum
668 611 747 652 Cn.
774 608 947 651 Servilio
978 607 1112 658 Italia,
1148 608 1201 656 Q.
1226 607 1389 652 Marcio
1425 607 1680 648 Macedonia
1709 607 1784 648 ob-

397 670 536 710 venit:
580 668 826 723 Latinisque
863 666 977 715 actis,
1010 665 1196 706 Marcius
1227 664 1437 721 extemplo
1468 674 1530 706 est
1559 664 1781 720 profectus.

401 726 615 783 Caepione
633 724 786 766 deinde
802 723 1008 764 referente
1030 722 1083 763 ad
1103 731 1307 772 senatum,
1325 737 1428 778 quas
1444 737 1495 763 ex
1517 722 1635 763 novis
1654 721 1785 778 legio-

398 785 522 826 nibus
550 783 652 824 duas
680 782 866 837 legiones
896 795 1037 820 secum
1065 779 1109 819 in
1137 779 1320 820 Galliam
1347 779 1532 829 duceret,
1561 779 1783 820 decrevere

399 842 558 890 Patres,
580 848 627 880 ut
648 838 698 880 C.
721 838 942 894 Sulpicius,
966 836 1028 878 M.
1052 835 1257 877 Claudius
1277 844 1488 892 praetores
1509 851 1562 877 ex
1582 836 1659 886 his,
1682 850 1785 892 quas

401 899 670 954 scripsissent,
712 895 958 952 legionibus,
1001 909 1103 950 quas
1150 894 1374 943 videretur,
1416 893 1575 935 consuli
1622 893 1782 935 darent.

401 955 581 1011 Indigne
615 954 777 1011 patiens
812 962 1049 1009 praetorum
1086 951 1254 992 arbitrio
1290 951 1503 993 consulem
1539 951 1784 1001 subiectum,

402 1013 571 1055 dimisso
596 1020 756 1060 senatu,
779 1011 832 1051 ad
860 1009 1043 1051 tribunal
1070 1018 1308 1065 praetorum
1337 1017 1449 1050 stans
1473 1008 1710 1065 postulavit,
1732 1022 1786 1050 ex

401 1069 761 1113 senatusconsulto
791 1068 1049 1109 destinarent
1077 1067 1154 1108 sibi
1178 1067 1281 1108 duas
1311 1066 1506 1123 legiones.
1568 1066 1788 1107 Praetores

402 1128 584 1170 consulis
605 1128 650 1168 in
671 1126 866 1182 eligendo
888 1125 1103 1166 arbitrium
1124 1124 1325 1165 fecerunt.

463 1186 664 1228 Senatum
678 1184 831 1226 deinde
846 1197 1036 1224 censores
1052 1182 1265 1237 legerunt:
1297 1181 1360 1223 M.
1377 1181 1584 1223 Aemilius
1601 1180 1788 1237 Lepidus

401 1244 597 1301 princeps
613 1243 663 1284 ab
685 1241 816 1283 tertiis
837 1241 916 1282 iam
939 1240 1178 1281 censoribus
1198 1239 1341 1281 lectus.
1406 1239 1576 1295 Septem
1597 1255 1620 1280 e
1642 1246 1790 1279 senatu

404 1302 527 1343 eiecti
548 1309 655 1342 sunt.
718 1299 770 1340 In
791 1313 918 1339 censu
947 1297 1191 1353 accipiendo
1218 1297 1362 1353 populi
1389 1297 1542 1338 milites
1563 1312 1616 1337 ex
1645 1295 1790 1338 Mace·

404 1359 556 1400 donico
577 1357 777 1406 exercitu,
801 1356 873 1412 qui
895 1370 1019 1411 quam
1046 1354 1166 1395 multi
1187 1355 1378 1396 abessent
1405 1355 1456 1395 ab
1480 1354 1621 1410 signis,
1642 1368 1791 1395 census

405 1417 560 1466 docuit,
577 1416 619 1456 in
643 1415 897 1471 provinciam
915 1413 1119 1468 cogebant
1135 1428 1144 1453 :
1178 1426 1322 1453 causas
1337 1411 1556 1468 stipendiis
1571 1412 1789 1452 missorum
1803 1425 1821 1455 3

405 1474 734 1531 cognoscebant:
769 1480 824 1521 et,
847 1471 964 1512 cuius
985 1469 1175 1511 nondum
1196 1470 1305 1510 iusta
1325 1469 1464 1511 missio
1484 1469 1571 1510 visa
1591 1477 1711 1518 esset,
1733 1468 1792 1509 ita

404 1531 693 1573 iusiurandum
729 1529 975 1584 adigebant:
1021 1527 1113 1568 ‘Ex
1148 1527 1208 1568 tui
1241 1527 1370 1568 animi
1402 1527 1621 1576 sententia,
1656 1534 1703 1567 tu
1736 1540 1790 1566 ex

406 1595 418 1613 ‘
433 1590 570 1630 edicto
599 1587 648 1629 C.
667 1587 849 1635 Claudii,
872 1585 938 1626 Ti.
958 1584 1194 1640 Sempronii
1215 1599 1434 1625 censorum
1462 1584 1507 1624 in
1533 1583 1791 1640 provinciam

406 1652 417 1670 ‘
432 1646 728 1688 Macedoniam
749 1643 915 1692 redibis,
938 1642 1052 1698 quod
1073 1642 1161 1682 sine
1183 1641 1279 1683 dolo
1306 1641 1415 1683 malo
1434 1641 1568 1683 facere
1588 1639 1791 1697 poteris?’

405 1703 457 1745 In
498 1703 710 1760 equitibus
749 1700 1016 1742 recensendis
1057 1699 1181 1740 tristis
1217 1698 1445 1740 admodum
1479 1714 1625 1740 eorum
1664 1706 1790 1754 atque

406 1777 551 1818 aspera
580 1774 755 1802 censura
784 1759 885 1800 suit:
929 1756 1069 1798 multis
1100 1772 1229 1812 equos
1260 1756 1517 1798 ademerunt.
1579 1755 1632 1797 In
1668 1771 1717 1797 ea
1746 1770 1791 1796 re

405 1835 537 1876 quum
568 1827 806 1874 equestrem
837 1815 1026 1857 ordinem
1057 1814 1340 1864 offendissent,
1371 1815 1580 1856 flammam
1610 1813 1826 1856 invidiae4

405 1877 593 1918 adiecere
625 1875 775 1924 edicto,
805 1889 889 1929 quo
920 1873 1155 1921 edixerunt,
1190 1871 1283 1912 ‘Ne
1315 1872 1408 1927 quis
1438 1886 1596 1921 eorum,
1627 1870 1702 1926 qui
1735 1869 1788 1918 Q.

407 1934 592 1983 ‘Fulvi0,
636 1933 689 1973 A.
713 1930 930 1973 Postumio
978 1929 1218 1970 censoribus
1257 1929 1426 1984 publica
1463 1927 1681 1983 vectigalia
1719 1935 1792 1968 aut

407 1998 419 2016 ‘
433 1992 540 2032 ultro
563 1991 717 2031 tributa
741 1987 1053 2036 conduxissent,
1075 1985 1129 2025 ad
1150 1985 1308 2026 hastam
1333 2000 1450 2026 suam
1475 1985 1704 2035 accederet,
1726 2000 1825 2033 so-5

407 2055 419 2074 ‘
432 2049 571 2089 ciusve
593 2055 665 2088 aut
686 2045 819 2086 affinis
847 2044 936 2084 eius
957 2042 1248 2084 conductionis
1276 2040 1408 2084 esset.'
1470 2042 1602 2099 Saepe
1623 2042 1668 2083 id
1688 2057 1791 2098 que-
1806 2052 1824 2084 7

405 2106 538 2148 rendo
566 2112 726 2145 veteres
752 2100 967 2158 publicani
988 2114 1119 2155 quum
1139 2099 1360 2155 impetrare
1385 2100 1629 2156 nequissent
1649 2100 1701 2141 ab
1728 2114 1793 2141 se-

405 2172 520 2212 natu,
552 2171 600 2203 ut
634 2160 807 2201 modum
842 2157 1035 2214 potestati
1067 2157 1278 2198 censoriae
1310 2157 1587 2214 imponerent,
1620 2156 1792 2199 tandem

407 2221 621 2262 tribunum
652 2217 783 2274 plebis
814 2215 861 2258 P.
881 2214 1104 2264 Rutilium,
1134 2229 1187 2255 ex
1217 2215 1277 2255 rei
1304 2215 1487 2271 privatae
1518 2214 1789 2257 contentione

406 2278 558 2319 iratum
578 2275 831 2323 censoribus,
854 2281 1076 2329 patronum
1098 2287 1244 2313 causae
1267 2273 1380 2313 nacti
1405 2281 1512 2314 sunt.
1577 2271 1822 2314 Clientem8

194 1192 348 1224 Censura.

263 1714 326 1752 16.

195 1764 359 1801 Censores*

197 1812 363 1842 offendunt

196 1854 338 1884 ordinem

196 1903 384 1936 equestrem.

447 2434 465 2463 3
483 2424 606 2455 Causas
617 2423 784 2463 stipendiis
796 2421 977 2458 missorum]
993 2421 1076 2451 Cau-
1167 2426 1183 2459 7
1205 2420 1353 2450 Sociusve
1375 2424 1433 2450 aut
1454 2419 1579 2458 affinis]
1609 2428 1652 2450 sc.
1670 2417 1720 2449 Ut
1735 2417 1792 2458 qui
1813 2413 1816 2416 ⁴

408 2467 545 2498 sationes
570 2476 692 2503 eorum,
719 2464 772 2504 qui
797 2463 963 2503 stipendiis
990 2462 1077 2492 missi
1122 2472 1179 2501 pro
1202 2461 1455 2493 conducentibus
1476 2472 1543 2492 sese
1559 2461 1722 2501 obligaret.
1749 2460 1790 2493 cf.

408 2513 510 2547 erant,
532 2509 581 2540 vel
607 2518 728 2544 causas,
749 2507 789 2537 ob
810 2515 888 2545 quas
911 2505 1077 2536 vacatione
1122 2504 1249 2535 Cornel.
1264 2504 1350 2543 Nep.
1366 2504 1432 2535 Vit.
1447 2503 1558 2536 Attici.
1597 2505 1652 2534 Ad
1665 2504 1790 2534 hastam

408 2552 544 2582 militiae
559 2550 668 2581 donati
684 2553 798 2580 essent.
1117 2548 1281 2586 publicam
1296 2557 1463 2587 nunquam
1478 2547 1616 2578 accessit.
1654 2546 1792 2576 Nullius

452 2605 471 2633 4
492 2595 669 2624 Flammam
689 2592 832 2622 invidiae
847 2590 1006 2628 adiecere]
1035 2590 1078 2620 0-

409 2637 497 2668 dium
527 2636 560 2666 in
591 2646 624 2666 se
650 2633 804 2674 equestris
833 2633 950 2663 ordinis
979 2632 1079 2671 magis

408 2680 699 2710 inflammaverunt.
737 2676 900 2706 Videlicet
917 2674 1077 2715 publicani

409 2733 450 2753 ex
467 2721 604 2761 equestri
621 2720 730 2750 ordine
746 2723 845 2749 erant.
873 2718 979 2748 CREv.

452 2774 469 2804 5
499 2765 588 2796 Ultro
611 2762 748 2799 tributa]
789 2761 827 2791 cf.
849 2760 942 2800 Supr.
966 2759 1078 2790 xxxix.

451 2848 471 2880 6
493 2850 547 2880 Ad
561 2849 685 2879 hastam
699 2845 806 2885 suam]
836 2846 888 2877 Ad
904 2844 1079 2875 locationes

409 2902 481 2923 suas
511 2891 712 2931 publicorum
743 2899 886 2929 operum.
932 2887 971 2919 cf.
993 2897 1077 2926 supr.

408 2935 495 2966 xxiv.
516 2934 562 2966 18.

1121 2591 1169 2620 rei
1184 2600 1286 2629 neque
1298 2599 1396 2628 praes
1408 2600 1510 2629 neque
1521 2599 1669 2628 manceps
1676 2589 1791 2627 sactus

1122 2635 1178 2667 est,
1195 2631 1213 2661 i.
1231 2641 1258 2661 e.
1275 2641 1380 2670 neque
1402 2641 1499 2671 opera
1522 2629 1652 2670 publica
1672 2631 1790 2661 condu-

1123 2675 1226 2710 cebat,
1243 2684 1346 2712 neque
1369 2683 1426 2713 pro
1449 2673 1701 2704 conducentibus
1722 2682 1791 2704 sese

1123 2716 1292 2755 obligabat.

1165 2758 1183 2788 8
1207 2759 1360 2788 Clientem
1375 2756 1576 2796 libertinum]
1608 2756 1728 2788 Merito
1742 2756 1790 2788 iu-

1122 2800 1208 2831 dicat
1235 2800 1417 2830 Gronovius
1442 2799 1612 2839 legendum
1639 2809 1706 2830 esse.
1731 2800 1791 2830 hu-

1122 2844 1185 2879 ius,
1200 2852 1316 2882 nempe
1334 2841 1462 2879 Rutilii,
1478 2843 1621 2874 clientem
1633 2854 1645 2880 ;
1670 2842 1720 2874 vel
1736 2842 1791 2874 cli-

1122 2890 1223 2917 entem
1239 2886 1316 2917 eius.
1340 2885 1447 2916 CREv.
