1888 3194
553 177 678 220 LIB.
712 176 855 218 XLII.
897 176 1036 218 CAP.
1070 182 1136 220 51.
1480 182 1530 220 81

150 277 272 328 ‘agro
310 284 455 326 egere:
498 267 571 309 sed
603 267 682 308 hoc
715 267 832 316 scire,
866 281 995 322 quum
1030 267 1170 308 omnia
1209 266 1404 317 humana,
1439 276 1587 310 tum-U.
1605 280 1642 310 C.
1665 280 1736 318 58¹-

150 335 160 352 ‘
179 327 359 370 maxima
385 339 577 382 quaeque
602 333 644 366 et
668 339 797 380 regna
824 333 866 365 et
891 324 1066 380 imperia
1093 324 1169 365 sub
1197 324 1357 365 casibus
1387 325 1527 366 multis
1542 323 1579 352 A.
1604 323 1641 353 C.
1670 332 1736 361 ¹71·

117 391 277 433 5‘esse.
341 382 751 439 Carthaginiensium
779 397 879 438 opes
907 381 1076 438 fregisse
1101 396 1202 430 sese,
1232 391 1275 423 et
1299 382 1528 423 cervicibus

149 448 316 485 ‘eorum
337 448 651 498 praepotentem
672 439 897 480 finitimum
917 453 1058 496 regem
1075 439 1340 495 imposuisse:
1375 439 1529 481 Antio-

148 499 299 542 ‘chum
344 498 672 555 progeniemque
718 497 807 538 eius
853 496 961 538 ultra
1005 497 1103 553 iuga
1148 496 1278 538 Tauri
1325 500 1524 538 emotum.

148 562 161 581 ‘
177 556 322 599 Unum
344 571 431 598 esse
454 554 730 596 Macedoniae
758 569 947 610 regnum,
970 563 1010 595 et
1036 554 1206 611 regione
1228 554 1525 610 propinquum,

148 620 216 657 ‘et
236 613 362 671 quod,
378 613 508 654 sicubi
529 612 685 669 populo
708 611 901 653 Romano
917 627 991 653 sua
1010 611 1174 653 fortuna
1194 611 1318 662 labet,
1333 612 1526 668 antiquos

114 677 159 716 6‘
171 672 332 714 animos
353 671 516 728 regibus
537 671 620 711 suis
640 669 830 711 videatur
850 684 968 726 posse
990 669 1136 711 facere.
1199 669 1314 710 Dum
1340 669 1525 726 integrae

147 735 235 772 ‘res
272 729 388 786 [sint,
420 727 620 784 statuere]
658 727 771 783 apud
803 727 990 768 animum
1025 743 1146 768 suum
1177 727 1331 769 Persea
1360 727 1525 776 debere,

148 793 324 837 ‘utrum,
346 786 510 843 singula
535 785 819 835 concedendo,
842 785 1022 826 nudatus
1043 785 1095 826 ad
1123 794 1356 826 extremum
1379 785 1526 841 opibus

147 845 430 901 ‘extorrisque
461 859 603 900 regno,
635 842 961 885 Samothraciam
991 843 1163 884 aliamve
1192 858 1319 899 quam
1349 842 1526 884 insulam

149 908 314 960 ‘petere
345 903 396 944 ab
429 902 642 951 Romanis,
669 901 739 942 ubi
770 901 953 957 privatus
982 909 1188 957 superstes
1218 916 1347 957 regno
1377 915 1451 942 suo
1481 901 1527 942 in

149 966 415 1016 ‘contemptu
448 969 573 1016 atque
604 959 746 1014 inopia
769 968 1049 1008 consenescat,
1070 958 1219 1001 malit:
1254 974 1320 1008 an,
1347 966 1528 1000 armatus

149 1023 162 1042 ‘
176 1018 331 1060 vindex
352 1017 542 1059 fortunae
571 1016 868 1072 dignitatisque
890 1031 1000 1066 suae,
1023 1026 1109 1065 aut,
1133 1026 1179 1057 ut
1206 1016 1293 1057 viro
1314 1016 1409 1057 forti
1437 1016 1529 1072 dig-

149 1081 274 1118 ‘num
302 1076 366 1124 sit,
388 1075 580 1131 patiatur,
603 1073 884 1130 quodcunque
909 1088 1026 1114 casus
1054 1073 1151 1115 belli
1180 1073 1344 1123 tulerit3
1377 1083 1447 1114 aut
1469 1074 1529 1114 vi-

149 1139 262 1175 ‘ctor
290 1132 439 1174 liberet
468 1132 610 1173 orbem
641 1140 842 1172 terrarum
873 1131 924 1172 ab
955 1131 1129 1187 imperio
1160 1131 1365 1172 Romano.
1428 1130 1529 1172 Non

148 1197 260 1233 ‘esse
282 1189 563 1232 admirabilius
592 1188 805 1230 Romanos
830 1187 1008 1230 Graecia
1028 1188 1139 1245 pelli,
1163 1204 1288 1245 quam
1311 1188 1530 1230 Hanniba-

149 1248 256 1291 ‘lem
283 1247 404 1289 Italia
428 1246 594 1304 pulsum
621 1261 732 1288 esse:
766 1261 918 1302 neque,
946 1245 1128 1296 hercule,
1157 1245 1311 1296 videre,
1333 1247 1406 1302 qui
1431 1261 1530 1287 con-

148 1306 325 1356 ‘veniat,
355 1305 483 1355 fratri,
512 1304 723 1346 affectanti
752 1319 827 1360 per
856 1303 1050 1345 iniuriam
1079 1319 1269 1360 regnum,
1301 1318 1461 1345 summa
1490 1304 1530 1344 vi

120 1381 136 1413 7
150 1363 392 1413 ‘restitisse3
425 1362 670 1419 alienigenis
685 1362 792 1404 bene
814 1370 932 1418 parto
953 1376 1003 1403 eo
1019 1361 1180 1403 cedere.
1243 1361 1460 1403 Postremo
1474 1361 1532 1402 ita

150 1421 283 1465 ‘bello
303 1430 346 1463 et
365 1435 465 1478 pace
482 1420 638 1478 quaeri,
656 1428 704 1461 ut
723 1420 832 1461 inter
852 1434 996 1461 omnes
1016 1420 1249 1470 conveniat,
1271 1434 1349 1461 nec
1371 1419 1532 1476 turpius

150 1480 400 1538 ‘quicquam
428 1494 529 1528 esse,
552 1493 678 1534 quam
705 1478 793 1519 sine
823 1477 1050 1519 certamine
1079 1477 1245 1519 cessisse
1267 1492 1419 1534 regno:
1453 1492 1531 1518 nec

89 1574 92 1577 Δ
151 1536 424 1596 ‘praeclarius
455 1536 694 1593 quicquam,
725 1550 852 1592 quam
887 1550 963 1592 pro
993 1535 1197 1591 dignitate
1233 1550 1280 1576 ac
1316 1535 1530 1576 maiestate

153 1600 165 1619 ‘
180 1609 349 1637 omnem
368 1594 575 1635 fortunam
597 1602 817 1650 expertum
839 1593 952 1634 esse.’

210 1651 365 1700 Pellae,
388 1652 431 1692 in
451 1661 591 1692 vetere
616 1651 732 1706 regia
756 1650 1054 1700 Macedonum,
1077 1650 1156 1693 hoc
1182 1650 1400 1692 consilium
1430 1660 1528 1692 erat.
1608 1655 1674 1693 51.

153 1716 165 1734 ‘
181 1709 387 1752 Geramus
413 1709 537 1764 ergo,’
565 1708 714 1764 inquit,
745 1708 848 1748 ‘diis
873 1708 980 1750 bene
1009 1708 1258 1758 iuvantibus,
1281 1708 1450 1764 quando
1475 1709 1534 1749 ita

155 1767 355 1816 ‘videtur‚
377 1766 578 1808 bellumz'
608 1765 820 1821 literisque
848 1766 957 1806 circa
986 1765 1215 1821 praefectos
1243 1765 1434 1814 dimissis,
1459 1765 1533 1807 Ci-

154 1825 258 1867 tium
288 1826 303 1873 <
311 1823 587 1865 Macedoniae
621 1823 821 1880 oppidum
853 1822 934 1877 cst)
964 1823 1103 1879 copias
1138 1838 1282 1864 omnes
1312 1823 1531 1864 contrahit.

154 1882 249 1939 Ipse
270 1891 438 1923 centum
461 1881 605 1922 hostiis
629 1881 827 1922 sacrificio
848 1880 1040 1936 regaliter
1062 1880 1292 1930 Minervae,
1316 1896 1438 1936 quam
1463 1896 1535 1922 vo-

122 1935 250 1982 8cant
285 1939 552 1987 Alcidemon,
584 1938 706 1988 facto,
738 1953 833 1979 cum
887 1948 1193 1994 mrpuratorum
1236 1949 1278 1979 et
1309 1938 1531 1979 satellitum

121 1986 280 2039 9manu
310 1996 519 2053 profectus
546 1995 707 2036 Citium
738 2005 811 2036 est.
915 2011 939 2036 o
967 1995 1048 2036 iam
1074 2011 1218 2037 omnes
1249 1995 1532 2036 Macedonum
1547 2009 1670 2049 Copiae

152 2065 505 2110 externorumque
546 2053 795 2094 auxiliorum
835 2063 1117 2095 convenerant
1157 2053 1312 2110 copiae.
1388 2052 1537 2095 Castra
1550 2052 1667 2084 Persei.

127 2122 249 2156 1ante
283 2113 428 2154 urbem
461 2111 593 2168 ponit,
626 2115 854 2166 omnesque
888 2119 1066 2153 armatos
1106 2111 1150 2152 in
1191 2126 1338 2167 campo
1370 2111 1533 2153 struxit.

158 2170 329 2214 Summa
369 2170 557 2211 omnium
599 2169 876 2225 quadraginta
915 2169 993 2210 tria
1032 2168 1163 2210 millia
1201 2179 1357 2210 armata
1395 2169 1533 2211 fuere:

136 2256 138 2263 ι
186 2243 332 2270 uorum
369 2242 462 2285 pars
496 2227 624 2269 ferme
657 2226 834 2268 dimidia
868 2226 1133 2283 phalangitae
1166 2236 1295 2268 erant.
1359 2226 1538 2284 Hippias

155 2245 392 2329 {eroeaeus
417 2293 615 2342 praeerat.
680 2284 858 2325 Delecta
887 2284 1041 2326 deinde
1073 2294 1115 2326 et
1139 2285 1294 2326 viribus
1321 2293 1363 2326 et
1390 2285 1536 2326 robore

155 2343 314 2394 aetatis,
347 2358 400 2385 ex
431 2343 545 2384 omni
582 2351 857 2384 caetratorum
892 2357 1080 2392 numero,
1117 2345 1201 2384 duo
1234 2342 1362 2384 millia
1393 2352 1534 2384 erant:

205 2482 223 2514 5
247 2475 392 2514 Freqisse
416 2475 498 2512 sese]
540 2473 663 2504 Vocem
690 2485 755 2505 sese
781 2483 825 2504 re-
871 2477 1055 2514 corruptum
1079 2484 1147 2504 esse
1167 2473 1347 2506 Crevierius
1368 2473 1543 2507 existimat.

157 2517 301 2548 dundare
325 2522 431 2548 censet
447 2516 585 2549 Crevier.
603 2517 658 2547 sed
680 2516 826 2547 Drakon·
873 2516 1156 2547 Drakenborchius
1171 2515 1311 2553 coniicit,
1327 2517 1372 2547 ita
1389 2517 1466 2547 bello
1481 2528 1539 2557 pn-

157 2559 307 2591 borchius
322 2560 410 2590 illam
435 2571 454 2590 a
479 2559 742 2599 praecedentibus
766 2559 826 2589 hoe
870 2570 933 2590 cem
946 2560 1120 2599 praeferri.

157 2603 254 2634 modo
271 2603 420 2643 pendere,
432 2613 474 2633 sc.
488 2603 652 2633 Romanos
663 2602 751 2638 scire,
761 2612 828 2632 sese
914 2602 932 2631 8
956 2603 1157 2640 Alcidemon]
1184 2602 1235 2632 Ita
1251 2602 1420 2632 Turnebus
1435 2612 1541 2633 emen-

157 2656 237 2686 opes
246 2645 556 2685 Carthaginiensium
568 2645 694 2683 fregisse
707 2649 826 2675 monet.
873 2644 959 2675 davit
977 2655 1032 2685 pro
1046 2645 1128 2683 vulg.
1140 2646 1290 2676 Alcidem.
1330 2645 1402 2675 Vox
1417 2645 1541 2675 Graeca

201 2687 222 2719 6
238 2690 324 2720 Dum
340 2690 486 2728 irateqrae
501 2700 551 2719 res
565 2688 657 2725 stim,
668 2689 824 2725 ualuere]
873 2693 930 2723 est,
946 2699 1028 2727 quae
1051 2689 1148 2718 robur
1168 2689 1281 2728 populi
1305 2688 1354 2718 vel
1378 2688 1442 2718 tale
1465 2689 1540 2727 quid

159 2733 249 2763 Dum
269 2733 414 2771 inteyme
429 2755 535 2762 .....
554 2731 668 2761 lacuna
691 2741 753 2761 non
778 2741 830 2760 ex-
875 2730 1042 2769 significat.

161 2775 261 2814 pleni,
277 2774 383 2804 scribit
404 2774 580 2805 nokkerus.
626 2773 831 2804 Drakenbor-
918 2784 938 2814 9
954 2774 1234 2813 I’nrpuratorum]
1253 2774 1291 2804 cf.
1300 2774 1392 2813 Supr.
1406 2784 1479 2804 xxx.
1493 2783 1541 2810 42.

161 2816 253 2848 chius
265 2817 340 2847 dum
357 2818 501 2857 iuteyrae
519 2828 569 2848 νει
590 2821 678 2853 sunt,
692 2821 832 2846 securiore
924 2825 934 2846 1
961 2818 1001 2847 ln
1017 2828 1126 2856 campo
1140 2818 1275 2854 serunt]
1300 2816 1481 2847 Gronovius
1497 2818 1543 2844 in-

163 2860 287 2899 probat,
304 2870 406 2900 neque
430 2859 667 2890 nubium-tivum
687 2861 752 2889 sint
774 2859 834 2889 hoc
877 2861 996 2889 servarit
1018 2860 1151 2896 mavult,
1166 2860 1220 2889 sed
1236 2865 1359 2890 struere
1375 2861 1470 2889 aciem
1491 2868 1545 2896 pru

166 2902 235 2931 loco
251 2901 365 2941 requiri
384 2908 484 2942 putat.
879 2903 1145 2941 instrucrffinupr.
1162 2901 1223 2932 viii.
1241 2904 1270 2933 8.
1293 2902 1333 2932 ix.
1353 2911 1401 2939 3¹.
1417 2901 1545 2931 udhilw«

210 2952 226 2982 7
251 2945 301 2974 lea
317 2945 394 2976 bello
409 2951 439 2976 et
453 2957 532 2985 panc
547 2946 677 2985 φατον-ι’]
712 2944 833 2975 Locum
880 2949 939 2975 tur.

225 2998 320 3026 VOL.
346 3000 401 3027 lv.
1293 3000 1318 3024 (ἦ
