1888 3194
660 232 952 270 INDEX.

111 310 148 342 L.
180 310 366 342 Postumius
409 308 613 348 Tempsanus
656 310 781 338 creatur

152 358 281 394 praetor
298 361 350 394 39,
367 360 415 391 23.
440 354 595 391 pastores,
608 349 642 379 in
659 349 782 388 Apulia

153 395 220 427 vias
249 403 431 436 pascuaque
464 392 580 423 infesta
615 391 782 428 habentes,

152 438 348 469 condemnat
361 445 410 477 29.
434 439 466 466 et
476 433 626 475 reliquias
636 433 780 465 Baccha-

151 479 273 511 nalium
289 477 486 519 quaestionis
500 477 685 517 exsequitur
699 486 752 516 41.

110 522 150 554 L.
178 522 364 553 Postumius
393 521 597 561 Tympanus,
622 523 781 560 quaestor,

152 564 311 596 occiditur
325 575 343 595 a
360 563 450 595 Boiis
467 573 518 604 34,
533 571 584 603 47.

109 607 159 640 Μ.
176 606 363 639 Postumius
386 606 569 647 Pyrgensis,
590 605 783 646 publicanus

154 658 205 690 25,
228 659 258 690 3.
284 649 352 681 eius
374 649 509 680 avaritia
532 652 564 680 et
586 649 683 687 fraus,
704 648 782 679 ibid.

152 696 323 724 accusatur
364 693 451 733 apud
494 692 664 732 populum,
705 690 781 722 ibid.

152 739 240 767 creat
262 735 452 773 tumultum,
472 734 547 766 ibid.
571 734 617 765 rei
636 733 784 774 capitalis

153 778 222 809 dies
236 778 265 810 ei
287 778 404 810 dicitur
424 790 453 817 4.
476 777 544 809 abit
566 777 598 808 in
622 776 783 814 exsilium,

151 820 230 852 ibid.

110 863 160 896 M.
177 863 376 901 Postumius,
399 863 472 895 trib.
501 862 596 894 milit.
624 861 782 893 consulari

153 910 313 947 potestate
348 919 379 946 4,
410 915 460 945 31.
498 906 611 936 decem
640 904 784 935 millibus

151 949 234 980 aeris
248 949 352 989 gravis
367 949 540 980 damnatur
555 958 606 987 41.

110 991 161 1023 Μ.
179 992 366 1023 Postumius
401 992 549 1029 Albinus,
579 991 651 1022 trib.
686 989 781 1021 milit.

154 1033 238 1075 (sive
254 1035 362 1075 potius
377 1032 504 1075 censor)
523 1043 552 1073 5,
573 1043 597 1064 1.

110 1076 159 1108 M.
174 1077 360 1109 Postumius
379 1076 584 1118 Regillensis,
599 1075 671 1107 trib.
688 1075 781 1106 milit.

155 1130 218 1151 cos.
229 1124 296 1160 pot.
306 1132 338 1159 4,
348 1130 398 1162 49.
422 1120 518 1150 homo
529 1130 646 1160 pravae
655 1118 782 1155 mentis,

152 1162 230 1194 ibid.
247 1163 280 1193 in
296 1173 370 1194 eum
380 1162 543 1193 invehitur
557 1161 698 1193 Sextius.
710 1160 782 1192 trib.

153 1205 199 1245 pl.
219 1205 297 1236 ibid.
320 1206 361 1236 ab
380 1205 524 1236 exercitu
542 1214 600 1235 suo
622 1203 784 1244 lapidibus

153 1247 299 1278 obruitur
314 1255 364 1287 50.

111 1289 150 1322 P.
169 1289 354 1321 Postumius
372 1300 435 1322 cos.
457 1292 583 1321 creatur
605 1298 634 1327 2,
657 1287 704 1320 16.
728 1287 781 1319 tri-

155 1333 294 1374 umphat
309 1334 349 1365 de
364 1333 501 1371 Sabinis,
517 1331 592 1364 ibid.

109 1375 167 1416 Sp.
182 1376 381 1415 Postumius,
397 1386 460 1407 cos.
477 1385 508 1415 3,
521 1385 548 1407 2.
572 1375 696 1415 legatus
710 1373 782 1405 mit-

153 1418 234 1450 titur
247 1419 394 1450 Athenas
415 1419 521 1459 legum
543 1428 640 1449 causa
656 1427 706 1457 31.
730 1417 782 1448 de-

154 1461 275 1493 cemvir
288 1465 416 1493 creatur
433 1470 484 1502 33.
508 1461 643 1501 legatus,
659 1464 783 1500 praeest

153 1504 281 1536 mediae
295 1504 376 1535 aciei
394 1511 442 1543 70.

112 1546 168 1587 Sp.
184 1547 370 1578 Postumius
385 1547 500 1584 Albus,
515 1545 587 1578 trib.
600 1545 694 1577 milit.
711 1556 784 1576 con-

155 1590 251 1620 sulari
269 1594 427 1630 potestate
443 1601 473 1628 4,
492 1597 541 1628 25.
566 1589 689 1629 legatus
708 1597 756 1627 27.

111 1631 168 1673 Sp.
187 1632 384 1670 Postumius,
408 1633 480 1663 trib.
505 1631 598 1662 milit.
626 1631 784 1662 consulari

156 1679 316 1716 potestate
340 1684 370 1714 5,
395 1674 444 1706 26.
474 1675 515 1705 ab
539 1674 660 1714 Aequis
683 1674 786 1715 primo

156 1718 280 1759 pulsus,
295 1728 371 1748 mox
387 1718 517 1749 eosdem
535 1717 633 1748 vincit
652 1717 700 1749 28.

110 1760 171 1801 Sp.
195 1761 380 1792 Postumius
413 1771 476 1792 cos.
513 1764 640 1791 creatur
673 1760 705 1798 8,
739 1758 784 1791 16.

156 1814 268 1835 censor
292 1812 338 1843 17.
362 1803 513 1843 magister
532 1803 631 1843 equit.
656 1812 704 1842 23.
728 1803 785 1834 ite-

156 1857 226 1877 rum
251 1851 378 1877 creatur
400 1857 462 1878 cos.
483 1856 514 1888 9,
540 1855 565 1877 1.
596 1847 654 1877 sub
677 1846 784 1886 iugum

155 1889 296 1920 mittitur
321 1888 351 1921 6.
382 1889 451 1920 eius
474 1889 575 1920 oratio
601 1893 632 1920 et
657 1899 784 1929 magna-

155 1932 244 1964 nima
256 1932 415 1963 sententia
431 1933 459 1963 8.
485 1942 541 1972 per
555 1932 681 1962 fetiales
696 1932 785 1963 Sam-

156 1975 277 2006 nitibus
291 1975 430 2012 deditus,
445 1985 509 2006 non
525 1974 683 2015 accipitur
702 1984 750 2006 10.

112 2018 169 2059 Sp.
188 2018 372 2049 Postumius
395 2018 533 2049 Albinus
551 2022 676 2048 creatur
697 2028 784 2057 prae-

155 2064 207 2092 tor
229 2069 282 2100 37,
302 2070 353 2101 47.
383 2060 514 2091 sortitur
535 2060 784 2091 iurisdictionem

156 2104 311 2135 urbanam
343 2108 375 2134 et
406 2103 488 2134 inter
523 2103 704 2143 peregrinos
735 2113 784 2142 5ο.

156 2157 220 2179 cos.
238 2156 290 2188 39,
305 2145 335 2178 6.
360 2147 389 2177 ei
407 2147 564 2177 Aebutius
579 2146 682 2185 aperit
700 2145 784 2186 flagi-

155 2189 213 2228 tia,
231 2199 315 2230 quae
339 2189 371 2220 in
398 2189 658 2220 Bacchanalibus
682 2195 785 2229 patra-

156 2236 266 2264 rentur
290 2242 336 2263 11.
364 2242 430 2263 rem
454 2232 495 2263 ad
516 2236 662 2262 senatum
685 2232 785 2263 defert

161 2284 208 2314 14.
232 2274 301 2306 eius
320 2275 422 2306 oratio
441 2285 538 2315 super
557 2285 595 2305 ea
616 2285 648 2305 re
668 2275 708 2304 ad
731 2285 785 2315 po-

157 2318 271 2359 pulum
293 2326 328 2358 15
345 2323 377 2349 et
397 2316 444 2350 16.
466 2328 568 2358 augur
584 2317 718 2348 moritur
734 2327 786 2356 40,

158 2370 208 2399 42.

115 2404 170 2445 Sp.
186 2404 274 2435 Post.
292 2402 440 2440 Albinus,
454 2406 581 2443 praetor
595 2403 725 2435 sortitur
740 2403 785 2435 Si·

158 2446 265 2478 ciliam
285 2456 336 2487 39,
352 2455 402 2484 45.
419 2456 481 2476 cos.
499 2455 550 2484 41,
569 2445 616 2477 26.

116 2489 172 2530 Sp.
189 2489 386 2525 Postumius,
403 2489 526 2528 legatus
542 2498 594 2526 42,
610 2498 659 2528 45.

115 2533 172 2573 Sp.
187 2532 373 2563 Postumius
390 2531 584 2571 Regillensis
597 2541 708 2562 censor
723 2541 786 2562 cre-

158 2579 231 2606 atur
245 2574 277 2613 6,
295 2584 343 2615 ²7·

118 2617 281 2657 Potentia,
296 2617 327 2648 in
352 2617 472 2649 Piceno
493 2627 579 2658 agro,
595 2616 720 2648 colonia
736 2626 788 2659 39,

159 2671 211 2700 44·
235 2670 287 2699 4Ῐ9
303 2669 353 2700 3²·

119 2702 302 2741 Potidania,
318 2704 392 2734 urbs
408 2704 597 2735 Aetolorum
616 2704 666 2739 28,
683 2703 711 2734 8.

119 2745 244 2783 Potitii,
267 2746 309 2776 ab
336 2745 487 2778 Evandro
511 2746 628 2784 edocti,
651 2745 787 2778 ministri

160 2797 321 2819 sacrorum
345 2789 499 2820 Herculis
520 2799 576 2829 per
596 2789 716 2820 multas
736 2800 785 2820 ae-

160 2835 245 2862 tates
270 2830 358 2862 fuere
390 2840 416 2867 1,
443 2840 470 2871 7.
507 2842 613 2862 servos
643 2832 790 2872 publicos

160 2873 320 2904 sollennia
334 2873 449 2905 horum
471 2884 645 2911 sacrorum,
660 2881 791 2906 auctore

162 2917 225 2956 Ap.
249 2916 388 2948 Claudio
423 2926 564 2953 censore,
593 2917 729 2948 edocent
759 2927 791 2958 9,

165 2968 212 3000 29.
236 2958 406 2989 duodecim
424 2968 532 2990 corum
550 2959 692 2990 familiae
709 2960 790 2991 intra

866 317 986 337 annum
1003 307 1192 342 exstinctae,
1207 306 1283 337 ibid.

827 348 949 379 Praeco
959 350 1000 380 ad
1012 350 1176 380 tribunum
1187 349 1338 380 Celerum
1358 350 1495 381 Brutum

867 391 1025 431 populum
1045 393 1182 423 advocat
1209 401 1236 428 1,
1258 400 1306 433 59.
1332 392 1444 424 Patres
1464 392 1497 423 in

868 433 987 464 curiam
1008 435 1049 465 ad
1070 434 1268 465 decemviros
1286 438 1378 464 vocat
1398 444 1429 474 3,
1444 435 1494 474 38.

868 475 901 507 in
916 476 1054 507 concilio
1075 477 1278 507 Achaeorum
1295 487 1353 516 per
1368 487 1495 516 praeco-

867 529 955 557 nem,
970 518 1139 556 suadendi,
1154 519 1179 549 si
1195 519 1266 558 quis
1282 519 1391 557 vellet,
1408 523 1495 559 pote-

868 565 933 592 stas
957 561 993 592 fit
1013 572 1032 593 a
1051 561 1289 601 magistratibus
1310 570 1362 600 32,
1386 571 1433 593 20.
1464 562 1496 592 in

870 604 1080 636 Isthmiorum
1108 604 1230 635 ludicro
1256 614 1371 645 praeco
1397 604 1495 635 Grae-

869 647 938 678 ciae
959 647 1140 678 libertatem
1166 647 1349 687 promulgat
1373 656 1425 687 33,
1446 655 1495 686 32.

869 700 1043 730 praecones
1058 701 1115 730 per
1131 689 1215 721 vicos
1230 689 1350 721 dimissi
1366 690 1407 720 ad
1423 700 1496 720 con-

869 733 992 764 cionem
1010 733 1232 764 advocandam
1249 745 1280 772 4,
1296 742 1346 772 32.

828 775 955 807 Praeda
969 775 1001 806 in
1023 786 1138 816 campo
1154 775 1274 806 Martio
1289 774 1447 816 exposita,
1462 778 1498 806 ut

869 829 927 849 sua
952 819 1087 859 quisque
1111 818 1238 859 cognita
1263 819 1438 849 abduceret
1467 827 1499 857 3,

874 871 920 893 10.
940 862 980 892 de
994 861 1114 902 Aequis
1126 866 1232 902 capta,
1243 865 1374 902 propter
1385 861 1498 892 aerarii

869 904 1024 944 inopiam,
1044 904 1193 935 venditur
1214 914 1244 943 3,
1265 913 1315 943 31.
1338 904 1379 935 ad
1402 913 1498 943 quae-

868 951 969 978 stores
989 948 1118 978 redacta
1141 956 1170 987 5,
1188 946 1237 978 26.
1262 946 1313 984 26,
1329 955 1380 987 47.
1404 946 1500 977 militi

868 1000 1019 1032 concessa
1041 989 1072 1028 6,
1093 1001 1123 1028 4,
1143 999 1190 1029 13.
1217 998 1245 1029 7,
1271 989 1319 1029 16,
1337 1000 1387 1029 24,
1405 999 1443 1029 ²7
1465 994 1498 1020 et

870 1041 920 1072 37.
945 1033 976 1071 8,
997 1031 1047 1072 36.
1071 1042 1102 1075 9,
1125 1042 1162 1072 23
1185 1037 1217 1063 et
1237 1042 1288 1072 31.
1316 1043 1363 1070 ιο,
1384 1042 1437 1073 3ο,
1457 1041 1493 1071 31

869 1079 902 1106 et
923 1085 973 1116 45.
999 1085 1050 1115 23,
1075 1084 1110 1116 15
1133 1080 1165 1106 et
1187 1084 1236 1116 37.
1262 1085 1312 1114 24,
1336 1075 1374 1108 16
1394 1080 1426 1107 et
1446 1085 1497 1114 40.

871 1126 922 1158 27,
953 1128 986 1166 ¹·.
1005 1128 1056 1166 39,
1084 1127 1110 1158 7·
1135 1127 1188 1157 31,
1215 1127 1264 1157 27-
1291 1121 1417 1158 41515·
1445 1129 1497 1159 45,

871 1171 920 1201 34.
943 1162 1038 1191 militi
1055 1161 1141 1199 data,
1156 1165 1294 1201 excepto
1309 1172 1387 1193 auro
1403 1167 1435 1193 et
1449 1174 1497 1193 ar-

868 1207 964 1244 gento
979 1213 1011 1245 9,
1027 1211 1077 1243 37.
1101 1204 1245 1244 exceptis
1266 1205 1372 1236 liberis
1387 1216 1496 1246 corpo-

868 1246 955 1277 ribus
975 1256 1023 1284 10,
1039 1255 1088 1285 3¹·
1112 1247 1154 1278 ad
1174 1247 1327 1287 praedam
1345 1248 1498 1280 Veienta-

868 1299 944 1319 nam
975 1289 1116 1329 populus
1150 1300 1190 1320 ex
1221 1290 1299 1320 urbe
1333 1290 1366 1321 in
1397 1296 1500 1322 castra

868 1331 984 1362 missus
1005 1342 1035 1372 5,
1059 1341 1108 1363 20.
1138 1332 1338 1372 iniquissima
1358 1338 1442 1364 sorte
1464 1335 1499 1365 fit

869 1384 992 1412 eorum,
1004 1373 1058 1414 qui
1071 1384 1199 1415 pugnae
1210 1385 1274 1406 non
1287 1375 1500 1408 interfuerunt

871 1417 923 1457 38,
951 1426 999 1457 23.
1038 1417 1252 1448 Macedonica
1279 1418 1419 1450 Romam
1447 1420 1500 1450 de-

870 1464 964 1491 vecta
984 1468 1036 1499 45,
1055 1469 1104 1499 33.
1134 1461 1273 1500 praedae
1295 1461 1498 1494 Veientanae

871 1503 997 1534 decima
1019 1503 1165 1543 Apollini
1186 1503 1262 1534 data
1284 1514 1314 1544 5,
1337 1513 1385 1543 23.
1424 1516 1500 1545 quo-

871 1546 968 1576 modo
989 1546 1094 1577 soluta
1115 1555 1164 1585 25.
1188 1547 1326 1586 praedae
1347 1547 1501 1579 aviditate

871 1588 988 1619 amissa
1013 1588 1137 1619 occasio
1164 1588 1208 1620 rei
1235 1590 1316 1620 bene
1341 1591 1500 1630 gerendae

873 1641 924 1668 21,
955 1631 1006 1670 48.
1037 1631 1190 1671 praedam
1216 1633 1354 1664 vendere
1378 1634 1501 1673 cogitur

872 1674 965 1705 miles
985 1683 1032 1712 10,
1047 1682 1083 1714 17
1099 1677 1132 1705 et
1144 1683 1192 1706 20.
1217 1675 1327 1706 vendit
1339 1680 1500 1715 quaestor,

872 1720 905 1748 et
934 1716 1104 1757 pecuniam
1136 1716 1250 1748 dividit
1274 1718 1357 1749 inter
1382 1718 1502 1750 milites

873 1768 925 1799 35,
945 1769 969 1791 1.
994 1760 1113 1800 praeda
1131 1760 1311 1800 partienda,
1327 1765 1359 1792 et
1382 1761 1500 1801 stipen-

872 1803 926 1833 dio
950 1813 1024 1833 cum
1055 1803 1119 1833 fide
1149 1804 1356 1841 exsolvendo,
1382 1805 1502 1836 milites

873 1845 930 1876 sibi
949 1845 1090 1876 maxime
1102 1845 1253 1876 conciliat
1271 1847 1437 1878 Hannibal
1451 1857 1501 1885 21,

873 1896 902 1928 5.
926 1898 964 1919 ex
979 1888 1097 1928 praeda
1107 1888 1264 1920 militibus
1275 1890 1351 1920 data
1361 1890 1503 1930 praemia

877 1941 925 1969 10,
942 1940 990 1970 30.
1015 1935 1047 1962 et
1064 1931 1179 1972 passim
1197 1931 1229 1962 in
1245 1932 1426 1972 triumphis.

832 1973 1040 2005 Praediorum
1087 1974 1275 2005 rusticorum
1327 1975 1502 2007 locationes

872 2017 959 2057 apud
984 2017 1181 2047 Macedonas
1207 2018 1355 2049 sublatae
1376 2027 1428 2058 45,
1455 2020 1500 2051 18.

873 2059 1012 2100 praediis
1042 2060 1276 2100 praedibusque
1304 2062 1426 2101 populo
1451 2072 1500 2093 ca—

873 2103 1025 2140 vendum,
1061 2102 1086 2133 si
1124 2113 1163 2134 ex
1205 2103 1327 2134 aerario
1365 2105 1501 2145 pecunia

873 2151 987 2176 mutua
1002 2146 1096 2176 detur
1114 2155 1163 2182 22,
1178 2145 1228 2177 60.

833 2188 1016 2220 Praedones
1044 2193 1207 2220 terrestres
1233 2194 1265 2220 et
1290 2190 1442 2221 maritimi
1472 2199 1502 2231 7,

874 2240 925 2271 25.

831 2274 989 2306 Praefecti
1017 2275 1065 2307 Ca
1091 2285 1151 2306 uae
1179 2275 1316 2315 primum
1348 2276 1444 2307 creati
1470 2287 1501 2318 9,

874 2327 923 2349 20.
941 2318 980 2349 cf.
993 2322 1025 2348 et
1041 2327 1055 2348 2
1081 2342 1090 2353 ,
1106 2317 1151 2349 16.
1176 2318 1329 2358 praefecti
1342 2319 1500 2350 sociorum

874 2359 905 2392 in
922 2361 1065 2392 exercitu
1082 2362 1113 2398 8,
1130 2359 1179 2400 36.
1206 2370 1256 2400 23,
1274 2370 1300 2400 7.
1326 2370 1377 2400 34,
1393 2371 1442 2402 47.

833 2403 1007 2435 Praeneste
1029 2402 1060 2441 6,
1079 2413 1126 2445 29.
1153 2412 1182 2443 7,
1205 2413 1250 2435 12.
1277 2405 1327 2441 28,
1345 2414 1374 2446 9.
1400 2414 1451 2443 43,
1476 2415 1500 2437 2.

876 2447 1049 2478 Praeneste
1072 2446 1219 2478 desciscit
1245 2447 1286 2477 ab
1314 2447 1438 2478 Latinis
1460 2449 1499 2478 ad

874 2489 1042 2521 Romanos
1058 2499 1088 2526 2,
1104 2499 1149 2531 19.
1174 2489 1326 2530 recipitur
1343 2501 1399 2531 per
1413 2490 1500 2521 dedi-

873 2532 994 2563 tionem
1010 2543 1030 2563 ιι
1045 2532 1084 2563 T.
1099 2532 1256 2569 Quinctio
1272 2532 1303 2570 6,
1321 2543 1368 2581 29.

832 2574 1195 2606 Praenestinideiiciunt
1213 2574 1244 2612 6,
1259 2585 1306 2607 21.
1331 2576 1367 2606 iis
1380 2576 1500 2606 bellum

874 2617 1030 2649 indictum
1046 2628 1095 2649 22.
1121 2618 1288 2649 etillntum
1304 2627 1351 2658 27.
1377 2623 1502 2649 vastant

874 2671 983 2700 ngnun
1013 2661 1110 2693 Rom.
1133 2661 1188 2692 sed
1216 2661 1384 2692 vincuntur
1409 2663 1447 2691 28
1471 2666 1500 2691 et

878 2712 926 2745 29.
966 2703 1247 2735 Praenestinorum
1279 2708 1352 2735 octo
1381 2703 1500 2743 oppidu

874 2750 982 2787 capta,
1011 2746 1087 2778 ibid.
1128 2747 1299 2777 Praeneste
1330 2747 1498 2777 devectum

876 2788 964 2820 Iovis
983 2789 1190 2830 Imperatoris
1210 2789 1334 2829 signum
1357 2789 1388 2818 in
1405 2788 1500 2827 Capi-

877 2831 991 2863 tolium
1009 2831 1123 2869 latum,
1139 2831 1214 2862 ibid.
1242 2830 1438 2862 Praenestini
1456 2841 1500 2860 re-

877 2874 1000 2905 bellant
1017 2884 1066 2914 30.
1091 2878 1222 2905 tuentur
1245 2874 1390 2904 Pedanos
1404 2874 1435 2908 8,
1457 2882 1501 2904 12.

878 2917 1059 2948 multantur
1094 2927 1168 2956 agro
1211 2925 1255 2954 14.
1304 2915 1501 2947 Praenestini

878 2959 1042 3000 quingenti
1077 2969 1150 2989 cum
1190 2957 1342 2989 Peniainn
1373 2957 1503 2989 cohorte

1203 3001 1272 3040 'n
