1888 3194
172 295 216 325 U.
234 295 271 325 C.
296 295 366 334 581.

171 338 211 368 A.
233 338 271 368 C.
298 346 366 375 171.

170 380 298 409 eisc-itui
313 379 346 410 in

171 423 322 453 Macedo-

170 465 267 496 niam.

234 1792 301 1844 502

172 1846 308 1876 Perseus

171 1889 339 1919 consilium

170 1931 278 1963 habet.

381 200 436 237 80
883 194 1031 237 ΤΙΤΙ
1073 195 1250 237 LIVII

379 287 602 344 praecipue
643 296 783 329 tamen
822 302 928 328 conv
931 287 1029 328 ertit
1068 287 1209 328 oculos
1244 287 1502 344 animosque,
1539 303 1671 344 quum
1710 288 1792 330 ad

380 360 578 401 magnum
599 345 880 401 nobilemque,
903 354 976 386 aut
995 345 1147 386 virtute
1169 354 1240 386 aut
1260 345 1438 395 fortuna,
1460 346 1637 397 hostem,
1659 360 1764 387 eun-

379 412 465 444 tem
496 402 708 444 consulem
739 411 1060 467 prosequuntur.
1125 402 1349 444 Contrahit
1380 403 1493 444 enim
1523 419 1610 444 non
1638 403 1794 445 officii2

379 460 504 502 modo
525 475 634 510 cura,
652 460 727 501 sed
747 460 872 501 etiam
893 460 1078 501 studium
1100 460 1336 516 spectaculi,
1354 470 1401 501 ut
1420 461 1591 501 videant
1611 461 1763 502 ducem

378 533 513 567 suum,
550 518 667 559 0111113
706 517 881 582 imperio
921 517 1178 573 consilioque
1218 532 1422 559 summam
1461 518 1793 574 rempublicam3

378 575 577 617 tuendam
618 575 907 640 permiserunt..
973 575 1093 616 Subit
1132 575 1285 617 deinde
1326 576 1522 631 cogitatio
1561 575 1762 625 animum,

379 633 452 689 qui
473 633 570 674 belli
592 648 722 681 casus,
745 648 871 697 quam
895 633 1074 673 incertus
1093 632 1283 674 fortunae
1305 648 1354 674 ev
1358 643 1492 682 entus,
1510 632 1764 674 communis-

379 706 461 746 que
488 690 604 731 ]Mars
631 690 729 731 belli
759 690 833 731 sit:
877 690 956 730 adv
946 705 1059 739 ersa,
1089 690 1284 739 secunda,
1311 705 1503 746 quaeque
1532 690 1697 731 inscitia
1721 699 1764 732 et

381 748 616 789 temeritate
657 747 809 788 ducum
852 747 989 788 clades
1029 762 1151 802 saepe
1187 747 1439 796 accideiint3
1483 763 1589 803 quae
1619 756 1764 790 contra

378 806 488 846 bona
507 805 731 869 prudentia
752 814 794 845 et
814 804 944 844 virtus
965 804 1159 845 attulerit.
1225 803 1364 852 Quem
1386 805 1489 845 scire
1511 805 1762 854 mortalium,

378 863 511 903 utrius
532 862 696 910 mentis,
719 862 851 902 utrius
871 861 1060 902 fortunae
1082 861 1295 902 consulem
1317 861 1370 903 ad
1390 861 1546 902 bellum
1567 862 1763 906 mittant?

378 919 761 975 triumphantemne
788 934 885 959 mox
910 934 1005 960 cum
1028 919 1213 960 exercitu
1239 919 1394 960 victore
1419 919 1728 961 scandentem
1718 935 1763 961 ln

382 976 640 1033 Capitolium
667 976 720 1017 ad
745 977 913 1017 eosdem
943 976 1055 1026 deos,
1079 991 1103 1017 a
1127 977 1278 1032 quibus
1301 977 1598 1033 proficiscatur,
1620 977 1760 1028 visuri,

378 1050 431 1076 an
465 1034 652 1076 hostibus
687 1049 777 1075 eam
815 1034 1042 1090 praebituri
1077 1033 1278 1075 laetitiam
1311 1034 1423 1075 sint?
1472 1034 1590 1076 Persi
1622 1043 1762 1076 autem

378 1092 479 1148 regi,
502 1092 696 1133 adversus
725 1107 849 1147 quem
876 1092 1025 1141 ibatur,
1047 1092 1198 1132 famam
1227 1100 1269 1132 et
1293 1092 1402 1133 bello
1427 1091 1536 1133 clara
1560 1091 1763 1134 Macedo--

377 1165 481 1190 num
511 1165 625 1205 gens,
652 1158 695 1190 et
722 1149 944 1206 Philippus
973 1158 1103 1205 pater,
1133 1149 1243 1190 inter
1271 1149 1402 1190 multa
1427 1164 1622 1206 prospere
1646 1158 1764 1206 gesta

380 1207 574 1249 Romano
614 1207 739 1248 etiam
775 1207 1017 1248 nobilitatus
1058 1206 1179 1256 bello,
1215 1207 1464 1271 praebebat3
1508 1216 1598 1248 tum
1632 1207 1763 1264 ipsius

379 1265 519 1306 Persei
542 1280 771 1320 nunquam,
795 1281 848 1305 ex
876 1280 959 1321 quo
987 1279 1163 1320 regnum
1189 1265 1426 1320 accepisset,
1455 1264 1635 1305 desitum
1662 1264 1762 1306 belli

379 1323 690 1379 exspectatione
731 1322 929 1364 celebraii
967 1337 1133 1363 nomen.
1199 1321 1310 1363 Cum
1343 1322 1407 1363 his
1442 1322 1763 1378 cogitationibus

379 1395 567 1422 omnium
591 1380 785 1421 ordinum
811 1380 1000 1421 homines
1021 1379 1354 1436 proficiscentem
1379 1379 1594 1421 consulem
1621 1395 1763 1446 prose-

378 1438 464 1479 cuti
489 1448 596 1479 sunt.
659 1438 759 1479 Duo
787 1437 1022 1479 consulares
1049 1437 1205 1479 tribuni
1234 1437 1413 1478 militum
1441 1451 1537 1478 cum
1564 1452 1614 1478 eo
1635 1438 1762 1488 missi,

381 1495 431 1537 C.
451 1495 667 1545 Claudius,
694 1495 746 1543 Q.
767 1495 965 1544 Mucius3
998 1504 1040 1536 et
1066 1504 1147 1536 tres
1174 1494 1388 1536 illustres
1378 1510 1561 1544 luvenes,
1583 1495 1631 1536 P.
1649 1495 1763 1536 Len-

377 1553 502 1602 tulus,
534 1563 576 1594 et
611 1553 696 1594 duo
738 1553 891 1594 Manlii
924 1552 1118 1594 Acidini:
1161 1552 1265 1593 alter
1295 1552 1357 1593 M.
1381 1552 1546 1602 Manlii,
1578 1552 1681 1594 alter
1709 1553 1794 1596 L.4

380 1610 531 1651 Manlii
553 1610 661 1651 filius
691 1620 789 1651 erat.
855 1610 998 1651 Cum
988 1610 1037 1651 113
1059 1609 1203 1651 consul
1232 1609 1505 1650 Brundisium
1530 1609 1583 1650 ad
1603 1610 1764 1652 exerci-

379 1677 482 1717 tum,
505 1678 630 1724 atque
648 1668 759 1717 inde,
783 1684 878 1709 cum
900 1668 1041 1709 omnib
1027 1683 1092 1708 us
1114 1667 1243 1732 copiis
1264 1676 1532 1718 transvectus,
1550 1667 1603 1708 ad
1624 1667 1764 1726 Nym-

378 1725 592 1781 phaeum
582 1741 625 1766 111
647 1725 980 1781 Apolloniatium
1002 1740 1099 1782 agro
1120 1725 1260 1781 posuit
1279 1735 1422 1766 castra.

437 1783 599 1824 Paucos
620 1793 715 1824 ante
737 1783 825 1824 dies
851 1783 1040 1832 Perseus,
1061 1793 1282 1848 postquam
1302 1782 1441 1839 legati,
1463 1783 1514 1824 ab
1540 1782 1679 1824 Roma
1697 1798 1764 1825 re-

379 1841 519 1897 gressi,
541 1840 831 1897 praeciderant
850 1856 967 1897 spem
991 1841 1117 1896 pacis,
1141 1839 1360 1881 consilium
1384 1840 1542 1881 habuit.
1603 1840 1669 1882 Ibi
1689 1840 1764 1882 ali-

380 1899 582 1954 quamdiu
615 1898 786 1939 diversis
816 1898 1034 1939 sententiis
1068 1905 1271 1938 certatum
1301 1905 1373 1938 est.
1436 1897 1579 1947 Erant,
1611 1898 1763 1953 quibus

379 1956 446 1997 vel
472 1955 728 2011 stipendium
753 1955 1039 2011 pendendum,
1061 1955 1094 1995 si
1120 1954 1422 2009 iniungeretur,
1443 1953 1510 1995 vel
1537 1954 1624 2009 agri
1644 1964 1761 2011 parte

380 2012 630 2061 cedendum,
663 2012 698 2052 si
737 2012 986 2060 multarent3
1028 2011 1231 2067 quicquid
1270 2011 1455 2067 denique
1496 2011 1611 2053 aliud
1649 2012 1762 2068 pacis

379 2085 503 2110 causa
517 2069 763 2125 patiendum
780 2077 898 2118 esset,
917 2084 1002 2109 non
1023 2068 1299 2109 recusandum
1315 2068 1539 2118 videretur,
1556 2084 1635 2110 nec
1648 2085 1762 2111 com-

379 2126 645 2174 mittendum,
672 2135 718 2167 ut
748 2126 792 2166 in
822 2126 955 2167 aleam
986 2126 1090 2167 tanti
1121 2141 1237 2167 casus
1267 2141 1309 2166 se
1339 2141 1600 2182 regnumque
1630 2127 1759 2170 daret.

381 2183 453 2225 ‘Si
492 2184 692 2240 possessio
725 2183 838 2224 haud
874 2183 1068 2239 ambigua
1099 2183 1217 2239 regni
1253 2193 1451 2233 maneret,
1483 2184 1614 2226 multa
1648 2185 1761 2227 diem

381 2247 653 2297 ‘tempusque
676 2241 820 2282 afferre
842 2256 979 2305 posse,
986 2218 1170 2305 ’quibusffi
1168 2256 1253 2281 non
1275 2241 1423 2282 amissa
1442 2241 1568 2283 modo
1587 2257 1762 2299 recupe-

381 2305 392 2322 ‘
405 2314 508 2348 rare,
527 2299 599 2340 sed
614 2299 824 2339 timendus
841 2298 979 2340 ultr'o
970 2298 1019 2339 113
1040 2313 1139 2347 9339,
1155 2313 1259 2353 quos
1272 2314 1384 2339 nunc
1402 2299 1580 2350 timeret,
1597 2301 1761 2357 posset.⁹

383 2356 584 2398 Ceterum
631 2356 763 2396 multo
810 2356 941 2397 maior
986 2371 1078 2412 pars
1123 2355 1335 2397 ferocioris
1375 2357 1606 2399 sententiae
1647 2367 1757 2400 erat·

381 2420 392 2437 ‘
412 2413 627 2469 Quicquid
644 2414 841 2463 cessisset,
857 2429 952 2454 cum
973 2429 1024 2454 9ο
1037 2412 1159 2453 31111111
1180 2428 1309 2468 regno
1323 2414 1512 2470 protinus
1525 2415 1760 2457 cedendum

382 2471 520 2521 ‘esse,'
550 2471 817 2512 affirmabant.
881 2470 1059 2527 ‘Neque
1090 2470 1202 2511 enim
1241 2471 1452 2513 Romanos
1480 2473 1661 2528 pecunia
1689 2483 1762 2515 aut

424 2613 441 2633 2
466 2604 587 2642 Officii]
616 2603 755 2634 Privati:
782 2607 817 2634 ut
839 2603 952 2643 cuique
976 2613 1048 2634 cum
1094 2606 1180 2633 creto
1211 2608 1339 2634 cautum
1369 2615 1448 2642 esse,
1477 2615 1517 2636 ne
1547 2605 1618 2645 quis
1646 2605 1762 2638 deinde

381 2656 418 2677 eo
434 2646 488 2685 qui
511 2646 722 2685 proficiscitur
737 2646 885 2685 privatim
901 2650 956 2676 aut
973 2646 1049 2676 ami-
1093 2647 1144 2676 M.
1165 2648 1315 2677 sslanlz'us
1337 2651 1511 2678 vocaretur.
1566 2649 1683 2688 Itaque
1708 2649 1762 2680 hic

381 2689 467 2725 citia‚
493 2692 549 2718 aut
575 2688 732 2727 cognatio,
762 2693 818 2718 aut
848 2688 912 2719 alia
941 2688 1049 2728 aliqua
1094 2688 1204 2718 vitium
1218 2693 1264 2719 est
1279 2689 1311 2719 in
1329 2690 1544 2728 praenomine.
1559 2691 1665 2722 Cnssv.
1698 2692 1762 2722 Pro

381 2731 582 2762 necessitudo
599 2735 654 2761 est.
679 2731 784 2762 Cuma
1094 2732 1144 2761 M.
1167 2731 1368 2761 scribendum
1392 2733 1450 2762 Cn.
1478 2732 1764 2764 Drakenborchius

426 2784 443 2813 3
465 2775 624 2804 Summam
642 2774 884 2813 rempublicam]
927 2773 970 2805 Et
986 2773 1050 2810 hic,
1095 2777 1213 2811 censet,
1229 2773 1303 2812 quia
1323 2778 1418 2804 notae
1439 2774 1567 2804 illorum
1584 2776 1761 2814 praenomi-

382 2817 653 2856 quemadmodum
677 2826 761 2855 supr.
782 2825 831 2854 33.
856 2816 998 2846 inversae
1021 2827 1051 2846 0-
1096 2825 1173 2845 1111111
1215 2816 1398 2855 saepissime
1439 2820 1688 2856 commutantur,
1725 2823 1762 2849 ut

382 2863 453 2890 rant
469 2858 580 2889 literae
595 2860 635 2888 P.
653 2859 693 2889 R.
709 2868 766 2898 pro
782 2860 821 2889 R.
838 2860 878 2889 I’.
903 2859 1008 2889 CREv.
1095 2868 1179 2898 supr.
1208 2858 1259 2889 vii.
1291 2868 1337 2889 12.
1363 2858 1418 2888 ubi
1451 2860 1680 2899 compendium
1709 2862 1762 2892 M.

426 2913 444 2940 4
467 2903 516 2932 M.
530 2902 669 2939 Manlii]
712 2901 810 2939 Atqui
833 2911 917 2940 supr.
938 2900 977 2931 vi.
1001 2911 1049 2931 πο.
1096 2911 1261 2940 perperam
1292 2911 1349 2940 pro
1377 2902 1434 2932 Cn.
1461 2901 1493 2932 in
1520 2902 1666 2941 pluribus
1690 2904 1762 2934 cod.

383 2943 569 2974 memoravit
587 2943 697 2974 Livius
716 2944 819 2982 gentis
838 2943 982 2974 Manliae
998 2944 1050 2973 de·
1095 2943 1248 2982 scriptum
1266 2947 1378 2974 exstat.
