1888 3194
371 204 426 242 84
887 199 1035 241 ΤΙΤῙ
1076 199 1256 246 LIVII

168 308 213 339 U.
235 308 273 339 C.
292 307 362 347 581.
377 298 557 349 ‘petere,
579 308 634 334 ne
662 308 735 334 rex
756 292 917 334 vicinus
942 292 1117 348 imperio
1138 293 1191 334 sit
1220 292 1427 342 Romano,
1449 307 1504 333 ne
1531 307 1634 348 gens
1654 292 1764 334 bello

166 352 207 382 A·
232 352 270 382 C.
293 358 365 389 571-
379 356 389 374 ί
402 350 553 392 nobilis
570 365 683 391 arma
702 351 864 392 habeat.
928 349 1047 391 Haec
1069 351 1182 391 enim
1204 350 1406 391 tradenda
1427 350 1614 406 superbis
1630 349 1766 390 domi-

380 408 472 449 ‘nis
499 423 586 449 esse
612 423 708 449 cum
732 423 829 464 rege
860 423 1089 464 regnoque,
1118 408 1152 449 si
1183 408 1378 449 absistere
1406 408 1530 457 bello,
1557 416 1599 448 et
1627 407 1764 449 facere

381 471 393 490 ‘
408 466 610 522 imperata
630 465 785 506 velint?

232 531 300 569 53,
441 523 586 572 Quum
607 539 681 579 per
702 538 870 564 omnem
892 523 1121 564 orationem
1142 507 1238 564 satis
1258 523 1467 579 frequenti
1484 537 1652 564 assensu
1673 537 1767 563 suc-

380 581 603 623 clamatum
631 589 763 630 esset3
797 589 887 622 tum
914 596 1012 621 vero
1040 596 1089 622 ea
1115 581 1369 631 vociferatio,
1392 581 1515 622 simul
1542 580 1766 636 indignan-

380 639 485 680 tium
521 639 903 694 minitantiumque,
936 639 1086 694 partim
1119 638 1354 679 iubentium
1385 639 1543 680 bonum
1579 638 1767 679 animum

169 706 323 737 Macedo-
379 697 531 738 habere
559 711 714 752 regem,
737 704 882 737 exorta
908 704 982 745 est,
1005 705 1052 736 ut
1080 695 1207 735 finem
1235 696 1403 736 dicendi
1424 696 1588 737 faceret.
1652 695 1767 736 Tan-

169 749 242 779 niae
259 749 333 779 civi-

169 795 251 822 tates
270 802 365 831 pecu-

168 834 256 864 niam
274 835 348 865 offe-

168 881 253 908 runt.

381 764 469 796 tum
496 754 616 794 iussis
606 730 690 794 t>ad
717 754 796 794 iter
822 768 979 809 paraie,
1003 753 1103 807 (13111
1127 753 1240 793 enim
1261 753 1343 794 dici
1369 768 1534 794 movere
1561 761 1694 794 castra
1714 753 1796 797 ab3

380 811 633 876 Nymphaeo
656 811 889 862 Romanos)
910 810 1112 851 concione
1134 810 1313 859 dimissa,
1332 810 1385 851 ad
1406 810 1634 851 audiendas
1655 810 1765 866 lega-

380 869 514 910 tiones
530 868 759 909 civitatium
783 867 1059 909 Macedoniae
1077 883 1119 908 se
1137 867 1324 908 contulit.
1388 866 1606 909 Venerant
1626 876 1766 908 autem

378 926 432 967 ad
459 925 668 982 pecunias,
697 940 773 981 pio
800 924 1067 966 facultatibus
1096 940 1288 981 quaeque
1318 925 1413 975 31113,
1441 934 1483 966 01
1508 924 1766 966 frumentum

377 983 662 1040 pollicendum
685 983 738 1024 ad
758 982 927 1024 bellum.
992 982 1200 1024 Omnibus
1221 983 1376 1039 gratiae
1398 991 1526 1032 actae,
1548 983 1767 1024 remissum

378 1041 589 1090 omnibus3
623 1041 719 1082 satis
739 1041 874 1096 regios
891 1050 1111 1097 apparatus
1133 1040 1185 1081 ad
1207 1056 1256 1082 ea
1276 1040 1435 1082 dictum
1456 1040 1662 1082 sufficere:
1695 1055 1766 1081 ve-

377 1098 519 1140 hicula
540 1108 701 1140 tantum
725 1098 938 1154 imperata,
961 1107 1008 1139 ut
1025 1106 1243 1148 tormenta,
1263 1098 1524 1154 telorumque
1547 1097 1765 1139 miSsilium

377 1157 593 1212 ingentem
606 1156 689 1198 vim
704 1164 1002 1212 praeparatam,
1018 1155 1298 1212 bellicumque
1313 1156 1427 1197 aliud
1440 1156 1766 1197 instrumentum

376 1215 588 1256 veherent.

435 1271 653 1314 Profectus
682 1272 781 1313 inde
807 1280 895 1313 toto
927 1271 1126 1321 exercitu,
1151 1271 1385 1313 Eordaeam
1413 1280 1573 1328 petens,
1600 1271 1654 1312 ad
1682 1270 1766 1312 Be·-

376 1330 588 1385 gorritem,
612 1345 738 1386 quem
759 1338 922 1379 vocant,
945 1329 1081 1370 lacum
1102 1329 1246 1386 positis
1268 1330 1422 1379 0331113,
1445 1338 1609 1386 postero
1630 1328 1731 1370 die
1719 1344 1765 1369 111

379 1387 584 1429 Elimeam
606 1387 659 1428 ad
683 1387 958 1428 Haliacmona
985 1387 1158 1428 fiuvium
1186 1387 1397 1443 processit.
1460 1386 1629 1428 Deinde
1657 1386 1766 1427 saltu

376 1454 552 1502 angusto
583 1446 786 1501 supeiatis
818 1445 1042 1495 montibus,
1071 1461 1175 1501 quos
1209 1445 1468 1486 Cambunios
1498 1453 1661 1493 vocant,
1691 1444 1765 1485 de-

376 1503 540 1545 scendit
564 1503 616 1544 ad
642 1502 869 1559 (T1ipolim
899 1502 1070 1558 vocant)
1099 1503 1297 1553 Azmum,
1328 1503 1543 1559 Pythium,
1568 1511 1611 1543 et
1643 1493 1796 1565 Ι)011-5

376 1560 485 1602 chen
525 1560 767 1602 incolentes.
831 1560 950 1601 Haec
985 1561 1064 1601 tria
1103 1560 1256 1616 oppida
1296 1560 1522 1616 paullisper
1556 1535 1795 1608 cunctata,5

375 1619 474 1675 quia
514 1618 677 1659 obsides
718 1618 943 1659 Larissaeis
979 1618 1194 1667 dederant,
1231 1618 1340 1659 victa
1380 1628 1520 1659 tamen
1556 1617 1764 1674 praesenti

375 1686 504 1725 metu,
523 1676 567 1716 in
588 1676 846 1717 deditionem
868 1685 1172 1717 concesserunt.
1236 1675 1427 1731 Benigne
1449 1675 1513 1715 his
1534 1674 1762 1731 appellatis,

375 1733 490 1774 haud
505 1733 658 1775 dubius
678 1733 937 1774 Perrhaebos
954 1748 1122 1789 quoque
1140 1733 1251 1774 idem
1272 1733 1464 1782 facturos,
1483 1733 1641 1782 urbem,
1658 1732 1764 1774 nihil
1776 1731 1797 1763 6

376 1791 593 1841 cunctatis,
617 1791 688 1847 qui
710 1790 961 1856 incolebant,
983 1791 1118 1847 primo
1143 1791 1328 1832 adventu
1347 1791 1506 1847 recipit.
1571 1789 1764 1847 Cyretias
1778 1796 1794 1827 7

376 1864 618 1905 oppugnare
640 1857 819 1898 coactus,
837 1849 972 1905 primo
989 1849 1115 1889 etiam
1136 1848 1204 1889 die
1222 1849 1306 1890 aeri
1326 1863 1531 1889 concursu
1551 1848 1605 1889 ad
1624 1856 1764 1904 portas

376 1916 629 1948 armatorum
645 1915 707 1947 est
719 1906 925 1962 repulsus:
958 1915 1125 1961 postero
1139 1906 1207 1946 die
1225 1906 1418 1946 omnibus
1433 1905 1563 1961 copiis
1579 1905 1761 1955 adortus,

375 1965 420 2004 in
441 1964 700 2004 deditionem
722 1978 866 2004 omnes
893 1972 990 2003 ante
1018 1971 1186 2004 noctem
1207 1963 1377 2018 accepit.
1441 1961 1600 2018 Mylae,
1621 1962 1763 2018 proxi-

375 2035 491 2061 mum
513 2021 728 2077 oppidum,
751 2020 809 2061 ita
829 2020 1051 2069 munitum,
1075 2029 1122 2060 111
1143 2019 1488 2075 inexsuperabilis
1509 2020 1762 2062 munimenti

375 2093 468 2134 spes
489 2078 644 2119 incolas
656 2077 875 2118 ferociores
895 2077 1060 2127 faceret,
1078 2092 1164 2118 non
1186 2085 1324 2133 portas
1340 2076 1533 2118 claudere
1555 2077 1644 2134 regi
1664 2078 1761 2119 satis

374 2135 624 2185 habuerunt,
659 2135 732 2176 sed
771 2134 931 2190 probris
963 2149 1131 2190 quoque
1165 2135 1210 2174 in
1245 2135 1379 2190 ipsum
1417 2134 1758 2192 Macedonasque
1772 2138 1791 2168 8

168 1393 201 1422 It
216 1392 248 1423 in
264 1393 364 1426 Thes-

166 1436 289 1468 saliam.

230 1966 296 2005 54.

417 2253 433 2283 3
457 2245 513 2274 Ad
533 2245 594 2275 iter
613 2244 752 2283 parare]
794 2243 869 2274 Sub.
889 2253 966 2279 sese,
987 2242 1043 2272 sed
1088 2241 1132 2272 tio
1156 2243 1324 2282 plerosque
1339 2243 1442 2273 editos
1458 2242 1637 2283 occupavit.
1683 2243 1759 2275 Per-

374 2286 521 2326 Sigonius
533 2288 649 2326 parari
667 2286 813 2325 praefert.

417 2341 436 2367 4
452 2331 506 2360 Ad
514 2328 686 2370 (Tripolim
697 2326 826 2368 vocant)
838 2329 984 2358 Azorum
995 2351 1001 2357 .
1015 2351 1022 2357 .
1034 2350 1042 2358 .

372 2373 559 2410 incolentes]
606 2372 657 2402 Ad
687 2370 863 2401 incolentes
892 2370 1042 2407 Azorum,

376 2414 543 2454 Pythium,
559 2418 590 2445 et
612 2413 785 2450 Dolichen,
801 2423 897 2452 quam
913 2412 1042 2451 quidem

373 2457 535 2497 regionem
556 2456 714 2496 Tripolim
738 2459 861 2487 vocant.
908 2456 1044 2495 Tripolis

376 2510 436 2530 vox
454 2500 578 2530 Graeca
593 2503 651 2536 est,
667 2499 810 2529 indicans
825 2498 1042 2537 regiunculam

374 2542 475 2573 tribus
490 2542 616 2582 oppidis
630 2541 818 2572 habitatam.
842 2541 947 2572 CREV.

419 2593 435 2623 5
451 2584 621 2624 Pythium]
649 2584 756 2623 Vulgo
768 2584 935 2622 Pythoum.
968 2582 1042 2613 Mu-

373 2627 454 2658 tavit
467 2628 614 2666 Sigonius
629 2637 667 2657 ex
680 2626 855 2656 Plutarcho
870 2626 903 2656 in
915 2625 1042 2662 Paullo,

375 2674 407 2700 et
423 2670 596 2709 Stephano.
622 2670 727 2700 CnEv.

418 2711 437 2743 6
464 2714 590 2750 Urbem,
614 2712 699 2742 nihil
726 2713 898 2750 cunctatis]
939 2711 1042 2742 Recte

374 2759 485 2785 monet
511 2754 701 2791 CrevieriuS,
728 2754 882 2784 excidisse
912 2754 963 2783 hic
988 2764 1042 2783 no—

372 2808 449 2828 men
464 2798 560 2835 urbis,
577 2807 671 2837 quam
691 2796 794 2836 primo
809 2797 950 2826 adventu
968 2797 1043 2826 Per-

372 2851 446 2871 seus
461 2840 590 2880 recepit.
618 2840 731 2870 DRAK.

419 2891 434 2922 7
460 2883 603 2922 Cyretias
619 2893 806 2922 oppia-(mare
822 2882 963 2919 coactus]
992 2881 1043 2912 Sic

373 2926 487 2962 habuit
503 2929 593 2956 vetus
609 2925 783 2964 exemplar.
819 2924 967 2964 Sigonius
983 2925 1043 2954 ius-

373 2969 412 2998 sit
430 2968 490 3008 legi
507 2973 649 3005 conatus,
666 2977 747 3007 quae
766 2967 877 2997 infelix
894 2968 1042 2997 ernenda-

1088 2285 1233 2324 spicuum
1251 2289 1359 2316 tamen
1374 2290 1422 2316 est
1438 2286 1540 2325 primo
1555 2286 1637 2316 nihil
1653 2286 1759 2318 minus

1088 2328 1256 2358 convenire
1286 2328 1362 2359 huic
1393 2329 1475 2366 1000,
1502 2339 1598 2368 quam
1625 2330 1757 2360 verbum

1086 2376 1227 2401 conatus.
1267 2371 1343 2401 Non
1359 2371 1445 2401 enim
1461 2371 1607 2411 Cyretias
1623 2372 1759 2403 Perseus

1088 2423 1273 2452 oppugnare
1305 2417 1438 2444 conatus
1467 2418 1525 2452 est,
1554 2414 1610 2444 sed
1640 2418 1672 2444 et
1701 2425 1757 2455 op-

1088 2456 1241 2495 pugnavit
1270 2466 1389 2494 revera,
1418 2460 1450 2487 et
1479 2457 1574 2497 cepit.
1627 2456 1758 2488 Deinde

1087 2508 1151 2528 non
1166 2498 1272 2529 minus
1284 2499 1405 2529 clarum
1418 2503 1477 2537 est,
1487 2501 1618 2530 verbum
1630 2505 1757 2531 coactus

1087 2540 1139 2570 hic
1168 2541 1315 2580 apprime
1343 2542 1507 2580 quadrare.
1566 2542 1690 2573 Urbem
1722 2543 1756 2573 in

1088 2583 1277 2614 Perrhaebis
1307 2585 1443 2615 Perseus
1478 2584 1582 2624 primo
1614 2586 1756 2616 adventu

1086 2630 1259 2665 receperat.
1305 2628 1348 2657 At
1374 2637 1438 2657 non
1463 2628 1574 2657 eadem
1600 2627 1756 2658 facilitate

1087 2669 1224 2708 Cyretiis
1247 2669 1367 2708 potitus
1386 2673 1442 2700 est.
1489 2669 1555 2700 Eas
1569 2680 1756 2710 oppugnare

1087 2716 1133 2741 est
1158 2716 1295 2749 coactus,
1321 2716 1418 2751 atque
1445 2712 1541 2742 etiam
1571 2713 1676 2752 primo
1703 2712 1756 2743 die

1086 2755 1232 2792 repulsus
1247 2758 1302 2784 est.
1328 2754 1432 2785 CRssv.

1135 2797 1153 2826 8
1176 2798 1309 2827 Probrz's
1331 2807 1453 2836 quoque
1474 2820 1481 2827 .
1505 2820 1512 2827 .
1537 2820 1544 2827 .
1569 2821 1576 2827 .
1599 2798 1751 2835 iaculati]

1087 2840 1213 2869 Probra
1250 2839 1421 2878 legendum
1459 2839 1528 2869 vult
1562 2839 1754 2877 Gronovius,

1089 2892 1186 2920 quum
1222 2883 1348 2921 probris
1382 2882 1416 2911 in
1446 2882 1583 2922 aliquem
1613 2883 1754 2913 iaculari

1088 2924 1267 2954 inusitatior
1290 2923 1483 2954 constructio
1505 2925 1555 2955 sit.
1605 2925 1752 2955 Draken-

1088 2967 1237 2998 borchius
1262 2971 1317 2997 aut
1348 2967 1617 3006 praepositionem
1640 2969 1676 2997 in
1700 2967 1752 2997 de-
