1888 3194
334 175 700 221 SYLLABUS
745 169 1172 216 EDITIONUM
1213 172 1404 214 LIVII.
1481 177 1565 215 443

289 269 410 310 natm·
441 281 494 308 ac
524 266 603 307 toti
631 264 862 307 Ecclesiae
890 263 1037 313 charo,
1064 263 1138 319 qui
1151 262 1250 317 fuit
1267 263 1567 318 pietate‚fide‚

291 324 429 367 literis
455 323 655 379 insignis,
677 322 729 363 de
747 321 917 377 patria,
932 319 1208 376 parentibus,
1232 319 1399 368 amicis,
1421 325 1461 360 et
1486 334 1569 360 om-

289 382 413 423 nibus
430 380 532 422 bene
552 379 742 429 meritus,
762 377 946 420 Iacobus
952 377 1109 432 frater
1124 390 1356 433 germanus
1368 376 1568 431 pientiss.

289 438 378 480 vix.
402 452 500 479 ann.
524 436 634 477 LII.
662 450 791 477 mens.
825 435 896 476 VI.
920 436 1013 476 dies
1040 434 1109 476 II.
1136 433 1243 475 obiit
1270 447 1381 473 anno
1408 433 1570 474 Iubilei

289 492 737 537 MCCCCLXXV.
752 493 874 548 prid.
897 492 1011 533 Non.
1034 491 1162 532 Febr.
1203 490 1364 531 Contra
1384 489 1571 530 Ioannes

291 551 496 594 Andreas
521 558 695 591 vocatur
724 548 838 605 apud
865 547 1150 604 Pomponium
1183 546 1496 588 Infortunatum
1526 545 1571 585 in

292 608 378 649 vita
399 607 576 656 Lucani,
599 621 727 662 quam
757 621 811 647 ex
838 605 1003 648 Lucani
1031 605 1218 646 editione
1249 603 1444 644 Romana
1472 602 1572 643 anni

293 664 677 708 MCCCCLXIX.
696 663 741 705 in
757 679 831 705 sua
846 663 1017 719 repetiit
1035 661 1206 704 Clariss.
1225 660 1570 716 Oudendorpius.

297 721 498 764 Similiter
524 721 638 778 apud
666 721 806 778 Raph.
830 720 1037 762 Volaterr.
1065 719 1136 761 lib.
1165 719 1294 762 XXI.
1327 717 1570 760 Comment.

296 779 458 822 Urban.
477 778 548 820 fol.
567 782 665 821 246.
683 793 815 828 verso,
833 786 876 819 et
897 777 1011 834 apud
1026 777 1141 819 Petr.
1162 775 1383 834 Cyrneum
1401 774 1474 818 lib.
1493 773 1570 816 IV.

295 836 348 878 de
376 836 485 878 Reb.
511 835 670 878 Corsie.
697 836 845 892 (quem
873 835 1008 877 edidit
1039 834 1246 876 Murator.
1270 842 1370 875 tom.
1396 832 1573 875 XXIV.

298 893 400 936 Rer.
424 893 519 935 Ital.
546 892 718 950 Script.)
742 909 784 949 p.
806 896 904 934 490.
968 891 1049 934 His
1078 891 1336 949 synchronis,
1359 898 1432 931 aut
1462 897 1574 930 certe

297 959 432 993 aetate
463 951 678 1006 proximis,
711 949 981 1006 scriptoribus
1011 949 1282 990 consentiunt
1312 947 1347 990 I.
1371 947 1437 990 Fr.
1466 946 1576 988 Gro-

296 1008 447 1049 novius
481 1008 526 1048 in
561 1007 741 1049 Praefat.
777 1007 968 1056 Liviana,
1006 1015 1054 1048 etv
1084 1005 1300 1047 Maittaire
1337 1005 1382 1046 in
1418 1003 1573 1046 Annal.

297 1064 487 1122 Typogr.
513 1073 613 1106 tom.
637 1063 671 1105 I.
696 1079 736 1120 p.
759 1067 830 1105 43.
862 1072 905 1105 et
933 1072 1033 1104 tom.
1059 1062 1137 1106 IV.
1160 1078 1201 1119 p.
1229 1066 1324 1105 112.
1397 1061 1578 1117 Insuper

296 1131 410 1164 tomo
432 1120 516 1163 III.
538 1120 936 1162 commentariorum
962 1120 1122 1176 Lyrani
1152 1120 1197 1160 in
1229 1119 1305 1161 SS.
1330 1118 1481 1168 Biblia,
1504 1118 1578 1174 qui

296 1180 348 1222 ab
381 1180 472 1236 ipso
501 1178 713 1220 Aleriensi
741 1193 852 1219 anno
886 1177 1299 1219 MCCCCLXXII.
1329 1175 1434 1217 editi
1466 1184 1577 1224 sunt,

296 1237 523 1294 praemissa
542 1244 605 1277 est
630 1236 720 1276 eius
747 1234 923 1291 epistola
949 1234 1030 1276 hoc
1059 1233 1207 1275 titulo:
1241 1234 1293 1274 In
1317 1234 1488 1274 tertium
1510 1247 1580 1273 vo·

299 1296 435 1336 lumen
456 1295 637 1335 Nicola'z'
664 1294 716 1334 de
737 1293 862 1348 Lyra
883 1293 949 1334 Io.
969 1292 1144 1339 Amlree
1165 1290 1342 1332 Alerieiz
1364 1290 1582 1345 Episcopi

300 1351 575 1394 Sanctissimi
601 1351 664 1392 D.
682 1349 743 1392 N.
767 1350 923 1405 Papae
944 1348 1280 1391 Bibliotheearii
1302 1348 1363 1388 ad
1380 1348 1579 1401 Xystum.

302 1409 426 1450 IIII.
450 1409 577 1450 Pont.
601 1407 845 1449 Maximum
866 1406 1089 1462 Epistola.
1154 1404 1378 1453 Quaenam
1399 1404 1583 1444 virorum

302 1465 523 1506 doctorum
555 1464 777 1513 sententia,
810 1463 927 1512 haec,
962 1478 1015 1504 an
1048 1462 1132 1512 illa,
1163 1462 1300 1503 verior
1330 1461 1395 1511 sit,
1429 1461 1584 1502 certius

303 1522 507 1564 affirmare
535 1530 746 1577 poterunt,
775 1521 929 1576 quibus
957 1520 1176 1561 memorati
1210 1518 1428 1575 Epitaphii
1456 1518 1586 1574 inspi-

305 1579 450 1621 ciundi
476 1579 596 1635 copia
621 1579 714 1620 erit.
776 1577 888 1619 Mihi
916 1577 1180 1618 verisimilius
1207 1576 1386 1626 videtur,
1409 1576 1453 1616 in
1483 1574 1586 1631 Epi·-

306 1636 450 1692 taphio
499 1651 575 1692 per
624 1634 923 1691 compendium
973 1635 1174 1690 scriptum
1219 1633 1344 1674 fuisse
1391 1634 1457 1674 Io.
1500 1632 1586 1675 An.

306 1696 533 1750 Episcopo
562 1694 790 1742 Aleriensi,
828 1691 1186 1748 quemadmodum
1223 1705 1379 1732 nomen
1417 1690 1506 1730 eius
1543 1689 1588 1731 in

306 1751 449 1792 multis
481 1750 681 1806 epistolis,
713 1765 817 1806 quas
848 1749 963 1790 libris
995 1764 1019 1790 a
1051 1764 1093 1790 se
1130 1748 1254 1790 editis
1290 1748 1377 1804 ipse
1410 1746 1587 1797 addidit,

308 1816 482 1850 exarata
500 1807 736 1857 moeeurrit,
755 1816 802 1848 ut
822 1807 933 1847 inter
950 1806 1050 1847 alias
1066 1807 1110 1847 in
1127 1805 1204 1855 his,
1222 1820 1326 1861 quas
1343 1805 1480 1854 Livio,
1499 1813 1589 1846 tum

310 1875 423 1907 tomo
460 1863 493 1906 I.
530 1864 944 1905 Commentariorum
984 1863 1129 1905 Lirani
1165 1863 1207 1903 in
1247 1862 1323 1904 SS.
1360 1862 1511 1911 Biblia,
1548 1870 1591 1904 et

309 1922 399 1964 aliis
426 1922 666 1977 praemisit:
701 1921 818 1962 illum
841 1936 952 1970 vero,
976 1921 1049 1976 qui
1072 1920 1347 1976 Epitaphium
1377 1935 1429 1961 ex
1450 1919 1591 1975 lapide

309 1979 540 2035 descripsit,
568 1979 653 2020 sive
690 1978 911 2035 Ughellus,
941 1978 1026 2018 sive
1060 1978 1156 2034 quis
1187 1977 1292 2018 alius
1324 1977 1463 2025 fuerit,
1492 1976 1591 2018 inde

309 2052 362 2094 pe
416 2051 530 2077 eram
552 2037 708 2077 Ioanni
730 2037 917 2077 Antonio
941 2036 1165 2093 Episcopo
1189 2036 1404 2077 lileriensi
1431 2034 1591 2076 secisse.

197 2097 319 2138 1470.
354 2052 548 2135 Quouis
575 2108 651 2149 per
670 2092 949 2134 Vindelinum
981 2092 1236 2149 Spirensem‚
1261 2092 1345 2132 sive
1374 2091 1427 2132 de
1460 2090 1593 2147 Spira,

255 2153 300 2194 in
319 2151 452 2194 forma
473 2151 630 2192 maiori.

371 2208 424 2250 In
455 2208 532 2250 hac
563 2208 749 2249 editione
783 2208 925 2249 denuo
953 2222 1152 2264 apparere
1181 2206 1399 2263 epistolam
1426 2205 1596 2247 Ioannis

316 2266 513 2308 Andreae
538 2265 736 2322 Episcopi
760 2265 1003 2314 Aleriensis,
1027 2280 1134 2320 quac
1158 2265 1239 2305 iam
1262 2265 1304 2305 in
1326 2263 1596 2320 praecedenti

317 2324 511 2366 Romana
531 2323 629 2364 data
649 2332 750 2372 erat,
769 2323 933 2364 monuit
952 2322 1122 2364 Clariss.
1143 2321 1357 2363 Maittairc
1380 2321 1422 2361 in
1441 2320 1594 2361 Annal.

316 2381 587 2438 Typograph.
623 2389 721 2421 tom.
758 2382 788 2422 1.
822 2396 861 2436 p.
896 2383 963 2421 69.
997 2389 1039 2421 et
1067 2389 1166 2420 tom.
1195 2380 1274 2421 IV.
1298 2395 1337 2435 p.
1362 2382 1459 2421 289.
1525 2377 1597 2419 Ad

315 2439 444 2480 finem
469 2438 592 2479 huius
613 2438 810 2479 editionis
831 2438 1051 2479 ascribitur
1067 2452 1202 2478 annus
1219 2437 1267 2478 M
1280 2436 1433 2478 CCCC
1448 2436 1594 2477 LXX.

316 2505 360 2538 et
394 2496 675 2537 subiiciuntur
710 2510 782 2536 sex
824 2504 866 2536 et
906 2495 1186 2551 quadraginta
1225 2508 1380 2541 versus,
1417 2507 1598 2549 quorum

319 2553 510 2595 laudatus
543 2552 756 2593 Maittaire
789 2552 915 2608 priori
945 2552 1036 2593 loco
1064 2567 1151 2601 sex,
1180 2551 1399 2608 posteriori
1428 2550 1598 2592 cosdem

318 2626 391 2652 sex
420 2620 463 2652 et
492 2611 661 2666 insuper
688 2609 835 2651 decem
865 2609 966 2651 alios
994 2609 1198 2650 exhibuit.
1264 2608 1347 2649 Eos
1372 2623 1517 2648 omnes
1546 2620 1600 2648 ex

320 2683 411 2709 raro
442 2668 564 2709 obvia
595 2667 782 2709 editione
817 2667 907 2717 hac,
937 2682 1044 2723 quae
1078 2667 1246 2723 Lipsiae
1275 2666 1317 2706 in
1346 2665 1601 2706 bibliotheca

324 2725 540 2767 Senatoria
562 2735 711 2775 exstat,
730 2725 833 2766 mihi
856 2724 1076 2781 descripsit
1101 2723 1368 2766 Clarissimus
1393 2722 1599 2769 Saelenus,

321 2798 426 2837 quos
447 2782 581 2880 libelns
603 2782 750 2824 lubens
771 2798 868 2824 cum
894 2782 1048 2825 lectore
1070 2781 1404 2825 communicabo.
1470 2779 1602 2821 Erant

324 2848 463 2881 autem
486 2848 527 2881 ta
544 2854 587 2881 es
603 2856 612 2880 :
