1888 3194
344 170 428 207 230
854 165 1224 211 EPITOMAE

345 271 387 296 se
416 263 460 296 et
486 254 658 296 classem
683 254 940 311 Carthagine
964 255 1305 312 deprehendisse,
1326 257 1537 313 perrogari
1565 265 1734 300 senten-

345 313 422 353 tias
447 312 615 369 placuit.
680 311 846 354 Catone
879 321 922 354 et
955 312 1046 354 aliis
1074 313 1333 369 principibus
1363 314 1527 355 senatui
1553 314 1734 357 suaden-

346 370 468 419 tibus,
502 378 550 411 ut
581 370 626 410 in
659 369 848 411 Africam
880 370 1100 411 confestim
1132 379 1481 427 transportaretur
1510 371 1732 423 exercitus,

346 427 461 483 quod
495 427 543 468 P.
570 426 793 468 Cornelius
830 426 985 468 Nasica
1024 427 1202 477 dicebat,
1239 428 1429 469 nondum
1464 428 1543 470 sibi
1581 428 1734 471 iustam

345 499 511 525 causam
531 484 631 525 belli
651 483 796 534 videri,
818 484 987 540 placuit,
1010 492 1057 525 ut
1076 485 1186 526 bello
1207 485 1475 535 abstinerent,
1498 485 1533 527 si
1555 485 1738 528 Cartha-

343 541 555 597 ginienses
594 540 766 582 classem
806 542 1072 588 exussissent,
1105 550 1149 583 et
1183 542 1416 583 exercitum
1451 543 1735 585 dimisissent:

344 599 409 639 sin
449 599 601 648 minus,
637 598 819 654 proximi
858 598 1049 639 consules
1084 598 1137 639 de
1173 599 1337 640 Punico
1371 599 1483 641 bello
1517 600 1731 642 referrent.

349 655 495 703 Quum
529 655 711 696 locatum
746 670 771 696 a
805 655 1045 696 censoribus
1081 655 1290 696 theatrum
1325 665 1634 707 exstrueretur3
1682 658 1731 700 P.

348 712 547 754 Cornelio
584 711 740 752 Nasica
774 720 957 761 auctore,
995 720 1195 767 tanquam
1231 712 1380 753 inutile
1416 722 1460 754 et
1493 715 1733 756 nociturum

344 769 523 825 publicis
555 769 753 818 moribus,
783 783 837 809 ex
869 768 1230 810 senatusconsulto
1263 769 1522 811 destructum
1551 779 1627 821 est,
1657 787 1735 828 po-

344 825 552 881 pulusque
588 825 849 880 aliquamdiu
883 833 996 866 stans
1029 824 1151 866 ludos
1186 826 1400 882 spectavit.
1466 825 1736 884 Carthagini-

343 897 463 923 enses
484 897 616 938 quum
643 881 839 923 adversus
858 882 1006 923 foedus
1033 882 1191 924 bellum
1212 882 1459 925 Masinissae
1481 883 1733 936 intulissent,

342 939 442 981 victi
469 939 521 980 ab
542 955 605 988 eo,
628 954 759 980 annos
789 939 969 981 habente
1000 940 1231 996 nonaginta
1256 940 1374 990 duos,
1397 949 1439 982 et
1465 941 1554 983 sine
1586 941 1733 999 pulpa-

345 997 457 1038 mine
494 996 692 1038 mandere
728 1006 771 1038 et
804 1006 971 1052 gustare
1007 1012 1160 1053 panem
1201 1006 1366 1039 tantum
1396 998 1531 1049 solito,
1563 999 1735 1056 insuper

345 1054 586 1096 Romanum
605 1053 762 1096 bellum
784 1063 1039 1096 meruerunt.

952 1340 1119 1381 XLIX.

345 1454 560 1496 TERTII
581 1454 734 1495 Punici
754 1454 853 1496 belli
880 1454 1047 1496 initium
1069 1454 1198 1496 altero
1227 1462 1269 1496 et
1297 1456 1601 1497 sexcentesimo
1621 1471 1733 1498 anno

343 1513 395 1553 ab
416 1513 518 1553 urbe
540 1511 722 1560 condita,
741 1512 850 1552 intra
865 1512 1062 1567 quintum
1083 1527 1254 1561 annum,
1272 1527 1398 1567 quam
1414 1522 1502 1553 erat
1522 1521 1732 1569 coeptum,

343 1569 631 1610 consummati.
696 1568 813 1609 Inter
845 1568 908 1610 M.
931 1569 1128 1610 Porcium
1167 1568 1375 1610 Catonem
1412 1579 1455 1610 et
1493 1569 1733 1626 Scipionem

345 1627 555 1676 Nasicam,
579 1641 760 1682 quorum
786 1626 891 1667 alter
916 1626 1243 1682 sapientissimus
1264 1626 1327 1667 vir
1346 1627 1391 1667 in
1416 1626 1583 1668 civitate
1605 1627 1734 1669 habe-

342 1685 477 1733 batur,
499 1683 603 1724 alter
634 1683 760 1724 etiam
786 1683 849 1724 vir
875 1683 1057 1739 optimus
1085 1698 1109 1724 a
1136 1691 1283 1724 senatu
1310 1683 1518 1725 iudicatus
1545 1693 1646 1734 erat,
1669 1684 1734 1725 di-

342 1741 469 1782 versis
490 1749 696 1782 certatum
717 1740 936 1781 sententiis
957 1748 1045 1789 est3
1082 1739 1246 1781 Catone
1273 1740 1475 1782 suadente
1496 1740 1668 1792 bellum,
1690 1749 1735 1783 et

342 1807 390 1840 ut
423 1798 638 1839 tolleretur
672 1797 966 1854 delereturque
1003 1797 1228 1853 Carthago,
1263 1797 1419 1839 Nasica
1449 1798 1730 1840 dissuadente.

342 1856 509 1897 Placuit
538 1864 696 1905 tamen,
722 1855 838 1910 quod
867 1863 1013 1896 contra
1041 1854 1189 1896 foedus
1219 1870 1346 1896 naves
1376 1855 1592 1905 haberent,
1618 1855 1733 1911 quod

343 1913 575 1955 exercitum
597 1920 714 1953 extra
733 1912 839 1953 fines
859 1912 1090 1960 duxissent,
1113 1911 1228 1966 quod
1249 1912 1360 1953 socio
1380 1912 1526 1968 populi
1548 1912 1732 1953 Romani

342 1980 385 2011 et
425 1970 559 2010 amico
595 1968 841 2010 Masinissae
883 1983 997 2009 arma
1035 1968 1286 2017 intulissent,
1324 1969 1439 2024 quod
1473 1968 1606 2009 filium
1643 1968 1733 2010 eius

345 2026 585 2075 Gulussam,
608 2025 682 2081 qui
702 2040 798 2066 cum
819 2025 966 2081 legatis
988 2024 1191 2066 Romanis
1219 2033 1319 2074 erat,
1341 2026 1386 2065 in
1413 2025 1618 2081 oppidum
1645 2041 1732 2067 non

342 2083 608 2139 recepissent,
631 2081 788 2123 bellum
816 2082 866 2123 iis
893 2081 1034 2123 indici.
1098 2081 1350 2138 Priusquam
1379 2082 1487 2123 ullae
1516 2082 1660 2139 copiae
1686 2083 1731 2124 in

342 2155 468 2182 naves
489 2140 817 2196 imponerentur,
841 2139 1064 2180 Uticenses
1091 2138 1219 2195 legati
1243 2139 1422 2180 Romam
1444 2148 1665 2190 venerunt,
1687 2155 1731 2181 se

342 2213 499 2253 suaque
532 2196 674 2238 omnia
704 2196 918 2238 dedentes.
983 2195 1046 2237 Ea
1077 2195 1244 2252 legatio,
1278 2196 1409 2237 veluti
1442 2211 1580 2246 omen,
1613 2206 1733 2252 grata

343 2255 552 2304 Patribus,
575 2254 725 2295 acerba
748 2253 1166 2309 Carthaginiensibus
1185 2253 1276 2294 fuit.
1325 2253 1417 2294 Diti
1438 2254 1545 2309 patri
1567 2253 1657 2296 ludi
1677 2254 1732 2296 ad

342 2313 589 2361 Terentum,
613 2326 667 2351 ex
688 2319 910 2366 praecepto
938 2310 1139 2351 librorum
1164 2309 1476 2366 Sibyllinorum,
1498 2310 1622 2352 facti:
1656 2311 1731 2367 qui

340 2378 435 2411 ante
473 2384 631 2409 annum
667 2368 955 2417 centesimum,
991 2367 1127 2423 primo
1163 2367 1327 2409 Punico
1361 2367 1484 2417 bello,
1521 2367 1731 2424 quingen-

342 2427 489 2467 tesimo
510 2434 552 2466 et
573 2425 702 2466 altero
723 2441 834 2467 anno
859 2425 910 2466 ab
931 2425 1033 2465 urbe
1062 2423 1244 2474 condita,
1267 2424 1364 2465 facti
1385 2432 1515 2465 erant.
1577 2423 1730 2480 Legati

341 2483 512 2538 triginta
534 2483 714 2523 Romam
735 2490 955 2531 venerunt,
977 2497 1052 2538 per
1073 2496 1177 2537 quos
1199 2496 1241 2522 se
1266 2480 1635 2536 Carthaginienses
1655 2481 1729 2522 de-

340 2540 506 2581 debant.
572 2539 747 2580 Catonis
772 2539 981 2580 sententia
1005 2538 1192 2594 pervicit,
1223 2547 1270 2579 ut
1297 2538 1341 2578 in
1372 2537 1541 2578 decreto
1570 2546 1729 2593 persta-

340 2605 466 2645 retur,
489 2604 532 2636 et
559 2604 606 2636 ut
633 2595 824 2637 consules
849 2610 975 2651 quam
1009 2595 1189 2650 primurn
1224 2594 1277 2635 ad
1309 2593 1465 2635 bellum
1491 2594 1729 2650 proficisce-

340 2662 494 2694 rentur.
561 2652 647 2699 Qui
684 2653 756 2693 ubi
792 2653 834 2692 in
871 2652 1057 2693 Africam
1094 2651 1358 2700 transierunt,
1395 2651 1588 2706 acceptis,
1623 2667 1728 2707 quos

339 2712 657 2766 imperaverant,
680 2709 876 2749 trecentis
897 2708 1122 2756 obsidibus,
1140 2716 1183 2748 et
1203 2708 1339 2756 armis,
1362 2707 1641 2764 omnibusque
1662 2709 1728 2750 in-

339 2766 580 2808 strumentis
612 2765 782 2814 bellicis,
808 2765 841 2805 si
875 2780 958 2820 qua
989 2763 1245 2820 Carthagine
1279 2772 1423 2813 erant3
1458 2774 1572 2815 tunc,
1595 2781 1727 2821 quum

339 2840 391 2866 ex
418 2823 661 2865 auctoritate
684 2822 856 2864 Patrum
887 2822 1092 2871 iuberent,
1115 2830 1161 2862 ut
1186 2821 1229 2862 in
1255 2821 1382 2862 alium
1405 2821 1557 2872 locum,
1580 2822 1682 2864 dum
1703 2838 1728 2865 a

338 2881 440 2923 mari
462 2881 609 2922 decern
635 2879 763 2921 millia
788 2894 997 2935 passuum,
1020 2894 1073 2919 ne
1103 2878 1254 2928 minus,
1277 2887 1499 2929 remotum,
1521 2879 1726 2936 oppidum
