1888 3194
382 205 468 246 270
895 200 1268 244 EPITOMAE

382 299 553 333 exortus
585 291 629 331 in
664 289 802 332 Gallia
834 299 935 340 erat,
969 292 1250 348 compositus,
1288 306 1356 332 ara
1391 291 1558 333 Caesari
1591 292 1645 334 ad
1677 307 1777 334 con-

382 349 585 390 fluentem
608 347 754 389 Araris
784 356 826 389 et
854 348 1053 390 Rhodani
1084 348 1289 399 dedicata,
1313 348 1527 391 sacerdote
1559 357 1699 391 creato
1727 350 1774 391 C.

384 402 493 447 Iulio
516 404 778 447 Vercundari
799 404 944 446 Dubio
966 405 1131 447 Aeduo.

922 620 1235 666 CXXXVIII.

386 740 682 786 THRACES
703 740 853 782 domiti
874 755 898 781 a
919 739 968 780 L.
985 739 1165 789 Pisone;
1198 740 1300 781 item
1323 740 1539 791 Cherusci,
1562 741 1777 792 Tencteri,

385 800 542 850 Chatti,
564 798 754 854 aliaeque
785 796 1096 838 Germanorum
1126 805 1239 838 trans
1268 796 1471 838 Rhenum
1503 807 1650 854 gentes
1680 800 1779 841 sub-

384 866 499 899 actae
517 871 541 897 a
557 855 698 896 Druso
714 854 964 896 referuntur.
1010 853 1199 904 Octavia,
1218 869 1333 896 soror
1350 854 1548 911 Augusti,
1565 855 1777 906 defuncta,

383 922 508 955 antea
519 913 669 954 amisso
683 912 769 953 filio
784 911 1011 953 Marcello:
1036 912 1155 953 cuius
1168 920 1442 954 monumenta
1455 920 1553 954 sunt
1567 912 1777 955 theatrum

383 979 426 1012 et
446 971 643 1028 porticuS,
666 970 836 1012 nomine
858 969 948 1011 eius
969 969 1172 1011 dedicata.

947 1189 1215 1231 CXXXIX.

383 1305 643 1348 BELLUM
665 1305 862 1347 adversus
879 1305 1223 1347 Transrhenanas
1243 1314 1392 1363 gentes
1408 1321 1432 1347 a
1448 1305 1590 1347 Druso
1611 1313 1778 1362 gestum

380 1365 579 1406 refertur:
613 1364 657 1404 in
683 1378 768 1419 quo
798 1363 908 1404 inter
936 1363 1141 1419 primores
1165 1371 1460 1420 pugnaverunt
1491 1362 1710 1406 Seneetius
1735 1372 1778 1406 et

381 1421 589 1464 Aneetius
630 1420 800 1470 tribuni,
842 1435 895 1461 ex
936 1421 1103 1462 civitate
1146 1420 1411 1462 Nerviorum.
1475 1420 1694 1462 Dalmatas
1734 1429 1778 1463 et

381 1479 627 1521 Pannonios
653 1477 784 1527 Nero,
806 1478 932 1519 frater
953 1477 1097 1528 Drusi,
1119 1478 1295 1534 subegit.
1360 1478 1452 1519 Pax
1483 1492 1581 1519 cum
1608 1478 1777 1519 Parthis

380 1535 488 1578 facta
518 1544 593 1586 est,
621 1535 750 1592 signis
778 1550 802 1576 a
828 1549 926 1591 rege
954 1549 1114 1584 eorum,
1137 1550 1244 1591 quae
1275 1535 1351 1576 sub
1375 1535 1538 1584 Crasso,
1564 1542 1607 1576 et
1633 1542 1778 1591 postea

380 1594 457 1635 sub
479 1592 670 1635 Antonio
691 1600 813 1648 capta
835 1600 967 1642 erant,
990 1592 1175 1633 redditis.

1009 1811 1149 1852 CXL.

382 1928 643 1971 BELLUM
664 1928 861 1970 adversus
880 1927 1191 1968 Germanorum
1214 1934 1327 1968 trans
1350 1926 1552 1967 Rhenum
1573 1926 1774 1976 civitates,

380 1996 543 2044 gestum
574 2001 598 2027 a
626 1985 781 2034 Druso,
812 1985 1001 2025 refertur.
1065 1983 1160 2039 Ipse
1198 1998 1252 2024 ex
1284 1983 1476 2032 fractura,
1509 1998 1619 2038 equo
1651 1997 1777 2039 super

381 2059 475 2085 crus
524 2043 614 2084 eius
663 2042 857 2097 collapso,
901 2041 1110 2082 tricesimo
1159 2040 1242 2089 die,
1284 2055 1411 2096 quam
1456 2039 1501 2080 id
1551 2039 1774 2091 acciderat,

381 2108 570 2142 mortuus
603 2106 676 2140 est.
741 2099 904 2154 Corpus
937 2113 960 2138 a
994 2096 1167 2139 Nerone
1199 2097 1337 2147 fratre,
1367 2096 1454 2153 qui,
1483 2096 1634 2138 nuntio
1664 2097 1776 2139 vale-

381 2157 542 2198 tudinis
570 2164 778 2205 evocatus,
800 2155 953 2211 raptim
982 2163 1228 2204 accurrerat,
1252 2153 1433 2195 Romam
1454 2162 1710 2210 pervectum,
1733 2163 1776 2196 et

383 2215 427 2255 in
469 2214 515 2255 C.
540 2212 639 2254 Iulii
680 2212 843 2254 tumulo
884 2212 1112 2253 conditum.
1176 2211 1392 2253 Laudatus
1433 2220 1496 2252 est
1534 2226 1559 2252 a
1595 2211 1774 2253 Caesare

382 2272 578 2327 Augusto
598 2270 759 2321 vitrico,
781 2278 823 2310 et
843 2269 1047 2325 supremis
1069 2269 1157 2310 eius
1177 2269 1317 2325 plures
1338 2269 1519 2310 honores
1540 2268 1684 2310 additi.
