1888 3194
914 213 1205 252 INDEX.

416 287 496 319 tifex
515 290 685 328 cooptatur
700 286 750 326 46.
774 287 959 328 pestilentia
975 298 1043 319 mo-

416 331 497 361 ritur
512 341 564 369 41,
581 329 630 362 26.

375 373 412 404 P.
429 373 647 413 Sempronius,
661 373 841 413 praefectus
855 372 976 404 socium
992 382 1044 413 34,

378 459 416 490 P.
439 458 646 499 Sempronius
675 458 814 499 Sophus,
843 459 913 489 tn'b.
942 458 1046 498 plebis

419 511 451 543 9,
472 511 522 541 33.
550 501 618 532 eius
640 502 673 532 in
694 503 757 542 Ap.
774 502 948 533 Claudium
974 512 1044 532 cen-

418 555 520 575 sorem
548 545 648 575 oratio
675 553 724 584 34.
760 544 873 585 prendi
900 544 1044 583 Appium

418 587 518 625 iubet,
535 590 566 618 et
586 587 619 617 in
636 587 766 618 vincula
781 587 867 624 duci,
882 586 957 617 ibid.
982 596 1044 616 cos.

419 639 469 669 45.
492 629 682 669 triumphat,
698 630 774 660 ibid.
799 629 944 669 pontifex
961 639 1045 659 crea-

417 676 480 710 tur,
496 682 569 702 cum
586 672 725 711 primum
742 671 859 711 plebeii
879 671 1046 710 pontifices

417 715 494 745 facti
510 718 584 744 sunt
604 724 651 751 10,
668 724 697 755 9.
720 724 842 751 censor,
857 713 933 744 ibid.
956 723 1044 753 prae-

418 762 468 787 tor
485 767 533 788 21.

377 799 415 831 P.
432 799 640 839 Sempronius
655 798 848 836 Tuditanus,
864 798 935 829 trib.
951 798 1047 828 milit.

417 843 459 881 ad
475 842 605 873 Cannas
621 851 672 877 22,
688 851 738 880 50.
762 841 830 872 eius
845 840 954 878 virtus,
970 841 1045 872 ibid.

418 878 450 915 et
470 883 520 915 60.
548 894 588 914 ex
609 884 774 915 aedilitate
795 884 898 914 curuli
921 888 1047 923 praetor

418 933 544 957 creatur
566 936 617 965 24,
639 937 689 966 43.
713 927 843 957 sortitur
864 927 1046 957 Ariminum

418 982 468 1009 44.
499 969 566 1000 eius
591 979 641 1000 res
666 974 773 1009 gestae
798 977 848 1009 47.
875 969 1047 1009 imperium

418 1012 447 1043 ei
470 1016 657 1052 prorogatur
676 1020 726 1051 25,
748 1021 776 1051 3.
804 1013 921 1042 iterum
944 1011 994 1049 26,
1020 1022 1044 1043 1.

418 1065 530 1086 censor
553 1063 604 1094 27,
628 1065 674 1086 11.
702 1056 838 1085 lustrum
862 1055 972 1085 condit
995 1056 1044 1093 38.

418 1102 544 1128 creatur
560 1108 621 1128 cos.
639 1108 712 1128 cum
731 1098 929 1137 provinciam
947 1097 1044 1128 Grae-

418 1140 500 1171 ciam
528 1141 660 1171 haberet
686 1150 737 1182 29,
760 1150 805 1171 11.
834 1151 947 1180 pacem
972 1150 1045 1170 cum

420 1183 577 1223 Philippo
593 1183 670 1214 facit
690 1193 736 1214 12.
760 1183 889 1213 sortitur
902 1183 1046 1213 Bruttios

422 1235 468 1265 13.
500 1237 563 1257 cos.
589 1226 801 1256 tumultuario
826 1226 948 1265 proelio
972 1236 1044 1256 con-

418 1268 499 1308 fligit
519 1279 592 1299 cum
614 1269 802 1299 Hannibale
824 1267 874 1307 36.
899 1268 1045 1305 vincitur,

416 1311 493 1342 ibid.
517 1311 592 1342 dein
608 1315 640 1341 et
658 1311 878 1341 Hannibalem
895 1312 963 1341 acie
981 1311 1045 1341 vin-

417 1354 472 1392 cit,
497 1354 574 1384 ibid.
604 1355 717 1384 aedem
744 1354 906 1384 Fortunae
932 1353 1045 1384 Primi-

415 1396 528 1436 geniae
543 1400 649 1433 vovet,
665 1396 741 1427 ibid.
758 1396 796 1427 cf.
813 1400 845 1426 et
861 1405 912 1435 34,
929 1405 978 1436 53.
1002 1397 1045 1427 le-

415 1443 507 1479 gatus
522 1440 563 1469 ad
581 1438 802 1469 Ptolemaeum
821 1448 872 1478 31,
889 1449 917 1470 2.

375 1480 413 1512 P.
431 1481 639 1521 Sempronius
667 1481 814 1519 Blaesus,
840 1481 911 1512 trib.
936 1481 981 1520 pl.
1007 1481 1044 1512 P.

416 1524 568 1555 Cornelio
594 1524 747 1563 Scipioni,
769 1524 969 1563 triumphum
992 1534 1044 1563 pe-

415 1566 509 1604 tenti,
536 1566 659 1597 obsistit
690 1565 742 1605 36,
769 1575 820 1608 39.
853 1567 1045 1597 auctoritate

416 1613 545 1640 senatus
574 1609 781 1648 compellitur
808 1609 971 1640 remittere
997 1609 1043 1639 in-

416 1651 639 1683 tercessionem
656 1661 707 1689 40.

374 1694 412 1726 P.
434 1694 642 1735 Sempronius
681 1694 859 1732 Gracchus,
893 1694 964 1725 trib.
999 1695 1044 1734 pl.

417 1737 502 1768 diem
518 1737 597 1768 dicit
612 1738 671 1768 M'.
684 1738 790 1768 Acilio
808 1737 976 1768 Glabrioni
993 1745 1044 1777 37,

418 1788 467 1820 57-

373 1822 411 1854 P.
428 1823 636 1863 Sempronius
657 1823 787 1863 Longus
809 1826 937 1863 praetor
960 1833 1043 1854 crea-

416 1870 468 1896 tur
489 1876 541 1908 39,
557 1875 607 1905 32.
631 1866 761 1897 sortitur
780 1866 974 1906 Hispaniam
995 1867 1042 1897 ul-

416 1909 564 1940 teriorem
581 1909 651 1947 38.

375 1951 426 1983 Ti.
449 1952 658 1992 Sempronius
688 1952 865 1989 Gracchus,
893 1951 1044 1991 magister

416 1994 561 2034 equitum
579 2004 629 2032 22,
643 2002 692 2034 57.
716 1995 825 2025 castris
841 1995 936 2025 Rom.
954 2004 1043 2034 prae-

416 2038 529 2075 fectus,
540 2038 672 2068 absente
685 2037 850 2075 dictatore,
863 2037 1043 2068 Casilinum

416 2080 517 2111 mittit
531 2080 727 2111 frumentum
747 2089 798 2119 23,
817 2090 863 2121 19.
888 2091 960 2110 eum
976 2090 1043 2110 mae

415 2123 511 2162 gister
526 2123 671 2163 equitum
687 2127 719 2153 et
735 2123 848 2154 aedilis
863 2123 983 2153 curulis
998 2133 1043 2154 es-

415 2169 474 2203 set,
487 2176 549 2196 cos.
563 2169 687 2196 creatur
700 2176 748 2205 24.
772 2169 919 2196 senatum
935 2165 1043 2203 habet,

416 2209 599 2239 consolatur
628 2209 749 2245 Patres,
780 2219 897 2248 eosque
929 2208 1043 2239 adhor-

414 2254 512 2289 tatur,
523 2261 564 2281 ne
580 2251 818 2282 calamitatibus
832 2252 1044 2281 succumbant

416 2301 466 2332 25.
486 2293 546 2324 init
559 2294 762 2324 consulatum
776 2303 825 2331 30.
847 2293 876 2323 ei
889 2293 1042 2323 volonum

415 2335 574 2366 exercitus
596 2340 680 2366 sorte
699 2336 806 2366 evenit
826 2344 875 2382 32.
904 2335 972 2365 eius
992 2345 1042 2365 res

414 2381 527 2425 gestae
544 2386 595 2417 35,
616 2376 656 2416 36
677 2381 709 2407 et
730 2385 779 2416 37.
807 2377 836 2407 ei
853 2380 1042 2424 prorogatur

413 2418 586 2460 imperium
618 2429 745 2457 24,10.
777 2419 875 2449 vincit
906 2419 1040 2450 Hanno-

414 2472 488 2493 nem
512 2462 658 2493 Poenum
685 2471 721 2500 14
742 2464 774 2492 et
796 2470 842 2501 15
874 2461 1040 2492 volonibus

414 2505 471 2535 dat
494 2505 675 2536 libertatem
703 2503 749 2534 16.
776 2504 951 2534 seeundum
977 2515 1038 2536 cOS.

413 2548 528 2578 absens
539 2551 663 2578 creatur
672 2555 722 2585 43.
738 2546 771 2576 111
786 2546 924 2577 Lucanis
936 2547 1039 2578 multa

414 2591 536 2630 proelia
556 2600 665 2630 parva,
680 2589 767 2620 haud
787 2589 891 2619 ullum
907 2589 1037 2629 dignum

412 2637 603 2670 memoratu,
615 2632 692 2663 facit
705 2639 755 2670 25,
771 2641 796 2662 1.
817 2631 959 2671 aliquot
951 2643 1037 2672 igno

413 2675 491 2705 bilia
502 2676 622 2724 oppida
633 2675 837 2706 Lucanorum
850 2675 948 2714 capit,
960 2675 1036 2707 ibid.

413 2718 442 2748 ei
462 2717 633 2766 imperium
655 2720 841 2757 prorogatur
856 2725 884 2755 3.
912 2728 951 2748 ex
973 2718 1036 2748 Lu-

413 2760 500 2791 canis
522 2770 596 2790 cum
620 2760 766 2799 equitatu
789 2770 827 2790 ac
849 2760 912 2790 levi
935 2770 1037 2791 arma-

413 2806 486 2833 tura
515 2803 738 2834 Beneventum
768 2802 875 2833 'venire
910 2802 1038 2833 iubetur

416 2853 463 2884 15.
494 2845 584 2876 triste
611 2844 791 2885 prodigium
815 2844 963 2875 Graccho
989 2855 1036 2876 sa-

412 2888 568 2919 crificanti
604 2888 725 2918 factum
766 2886 813 2919 16.
858 2887 1036 2927 proditione

412 2930 670 2969 circumvenitur,
698 2929 775 2963 ibid.
809 2930 964 2962 exanimis
994 2931 1034 2961 ad

1131 288 1352 319 Hannibalem
1385 287 1535 324 mittitur,
1563 287 1756 327 poniturque

1131 342 1204 362 cum
1227 331 1329 371 captis
1350 332 1444 362 simul
1460 331 1598 362 fascibus
1612 333 1687 360 ante
1702 329 1757 359 tri-

1129 375 1229 405 bunal
1259 374 1471 414 imperatoris,
1501 373 1578 404 ibid.
1616 373 1656 403 de
1689 371 1758 402 eius

1130 417 1220 447 obitu
1242 418 1328 448 varia
1347 417 1432 447 fama
1457 424 1505 455 17.
1526 416 1605 446 item
1626 415 1666 445 de
1688 415 1757 445 eius

1130 459 1252 496 funere,
1268 460 1342 491 ibid.

1090 501 1140 533 Ti.
1157 502 1364 541 Sempronius
1385 501 1563 539 Gracchus,
1580 499 1757 531 admodum

1131 545 1326 582 adolescens,
1342 555 1441 584 augur
1457 548 1580 575 creatur
1597 543 1630 573 in
1649 543 1756 573 locum

1132 587 1180 617 M.
1214 587 1383 626 Pomponii
1420 586 1587 618 Mathonis
1620 595 1671 627 29,
1705 585 1756 624 38.

1132 629 1265 659 moritur
1281 639 1332 666 41,
1349 628 1398 660 26.

1088 670 1140 702 Ti.
1158 671 1365 711 Sempronius
1381 671 1559 708 Gracchus,
1577 671 1757 710 praefectus

1131 713 1264 751 socium,
1281 714 1366 744 cadit
1385 713 1418 744 in
1440 713 1560 753 proelio
1577 722 1651 743 cum
1668 712 1757 753 Boiis

1091 799 1129 829 T.
1153 780 1360 840 Sempronius
1395 798 1573 836 Gracchus,
1605 808 1678 829 acer
1710 797 1757 828 iu-

1133 842 1231 880 venis,
1258 843 1382 883 legatus
1407 841 1546 872 mittitur
1568 841 1610 871 ad
1636 840 1758 880 Philip-

1132 895 1210 924 pum
1242 893 1293 924 37,
1323 893 1349 925 7.
1383 886 1423 915 ab
1451 895 1489 915 eo
1516 883 1649 914 comiter
1676 882 1758 914 acci-

1133 928 1230 967 pitur,
1245 928 1321 958 ibid.
1345 928 1492 958 tribunus
1507 926 1620 967 plebis,
1635 925 1757 956 auxilio

1133 974 1181 1000 est
1205 970 1348 1010 Scipioni
1374 970 1538 1008 Africano,
1563 980 1604 999 ne
1628 978 1757 999 causam

1133 1013 1219 1043 dicat
1236 1013 1286 1052 38,
1303 1022 1351 1052 52.
1376 1014 1404 1044 ei
1420 1013 1540 1053 gratiae
1554 1014 1656 1049 actae,
1672 1011 1758 1050 quod

1131 1056 1365 1095 rempublicam
1389 1055 1520 1095 privatis
1542 1054 1758 1085 simultatibus

1132 1099 1289 1138 potiorem
1319 1098 1481 1129 habuisset
1510 1105 1558 1137 53.
1597 1097 1625 1128 ei
1655 1099 1759 1136 nupta

1131 1141 1236 1171 minor
1265 1152 1282 1172 e
1313 1142 1437 1172 duabus
1461 1139 1604 1172 Africani
1631 1139 1758 1170 filiabus

1133 1191 1182 1223 57.
1206 1184 1348 1214 eiusdem
1370 1184 1459 1214 aliud
1479 1184 1643 1214 decretum
1662 1182 1702 1212 de
1718 1181 1756 1212 L.

1132 1226 1282 1266 Scipione
1309 1226 1452 1257 Africani
1481 1226 1577 1256 fratre
1606 1224 1656 1256 60.
1691 1224 1758 1255 eius

1132 1269 1232 1299 oratio
1259 1269 1299 1299 ad
1327 1269 1494 1309 collegam,
1518 1267 1682 1308 triumpho
1706 1267 1756 1297 M.

1131 1311 1239 1342 Fulvii
1272 1321 1394 1342 moram
1428 1311 1613 1342 afferentem
1645 1319 1697 1351 39,
1728 1317 1756 1349 5.

1132 1358 1258 1384 creatur
1271 1354 1418 1384 triumvir
1438 1353 1583 1384 coloniae
1598 1353 1757 1383 deducen-

1133 1397 1193 1427 dae
1215 1404 1263 1436 55.
1288 1400 1484 1427 memoratur
1505 1395 1618 1426 aedilis
1638 1405 1690 1433 40,
1705 1406 1757 1434 44.

1130 1444 1258 1478 praetor
1277 1439 1455 1470 citeriorem
1477 1437 1672 1478 Hispaniam
1695 1447 1757 1468 sor-

1131 1481 1209 1512 titur
1239 1489 1288 1521 35.
1321 1482 1408 1522 capit
1435 1481 1596 1511 Mundam
1622 1483 1654 1510 et
1681 1480 1756 1511 Cer-

1131 1524 1244 1555 timam
1266 1525 1359 1555 urbes
1373 1531 1423 1563 47.
1448 1523 1547 1554 vincit
1567 1522 1757 1561 Celtiberos,

1132 1577 1248 1606 eosque
1264 1567 1380 1607 subigit
1393 1567 1445 1606 48,
1457 1576 1498 1608 49
1511 1570 1543 1597 et
1559 1573 1607 1605 50.
1626 1575 1758 1605 magnas

1130 1613 1162 1640 et
1184 1620 1269 1640 anno
1292 1613 1446 1649 sequente
1468 1609 1501 1639 in
1526 1608 1686 1649 Hispania
1707 1618 1757 1638 res

1129 1652 1210 1692 gerit
1233 1663 1285 1692 41,
1307 1663 1334 1692 3.
1362 1652 1521 1693 egregium
1544 1662 1577 1682 se
1599 1651 1688 1691 pacis
1709 1661 1756 1681 ar-

1130 1695 1249 1726 bitrum
1283 1700 1315 1726 et
1345 1696 1579 1726 moderatorem
1613 1694 1756 1734 praebet,

1130 1737 1206 1769 ibid.
1245 1738 1456 1769 Gracchurim
1489 1738 1601 1768 urbem
1635 1735 1757 1774 condit,

1130 1780 1206 1812 ibid.
1237 1781 1417 1821 triumphat
1443 1781 1483 1812 de
1509 1779 1680 1812 Celtiberis
1707 1788 1755 1810 11.

1131 1828 1257 1854 creatur
1288 1834 1350 1855 cos.
1384 1833 1430 1855 12.
1468 1823 1579 1854 multis
1608 1821 1757 1853 secundis

1129 1867 1259 1906 proeliis
1288 1867 1456 1907 perdomat
1485 1865 1603 1897 Sardos
1632 1874 1681 1896 21.
1716 1865 1756 1895 de

1130 1909 1237 1940 Sardis
1256 1910 1435 1949 triumphat
1457 1907 1505 1940 26.
1528 1918 1634 1939 rerum
1655 1908 1696 1938 ab
1717 1917 1756 1938 eo

1129 1952 1162 1982 111
1189 1952 1335 1983 Sardinia
1359 1956 1519 1992 gestarum
1545 1961 1618 1991 ergo
1643 1951 1757 1981 tabula

1129 1995 1162 2025 in
1182 1996 1261 2025 aede
1277 1995 1394 2026 Matris
1409 1995 1559 2026 Matutae
1579 1993 1684 2034 posita
1705 2001 1754 2032 33.

1131 2042 1255 2068 creatur
1267 2048 1378 2068 censor
1390 2046 1441 2076 43,
1458 2036 1504 2068 16.
1524 2037 1593 2067 eius
1604 2045 1754 2067 censurae

1129 2085 1212 2118 acta,
1228 2081 1304 2111 ibid.
1321 2084 1353 2111 et
1373 2087 1420 2119 17.
1444 2079 1664 2110 contentiones
1679 2087 1754 2108 curn

1129 2104 1256 2154 tribiino
1279 2123 1383 2163 plebis
1405 2123 1441 2154 P.
1459 2121 1585 2152 Rutilio
1611 2121 1658 2151 18.
1685 2119 1755 2151 eius

1129 2166 1214 2196 bona
1235 2168 1460 2196 consecrantur
1480 2175 1500 2195 a
1521 2164 1661 2200 tribuno,
1675 2162 1753 2194 ibid.

1131 2208 1160 2238 ei
1183 2212 1215 2238 et
1241 2209 1381 2247 collegae
1404 2207 1471 2238 dies
1493 2206 1609 2236 dicitur
1631 2206 1673 2236 ad
1697 2215 1753 2253 po-

1129 2251 1255 2289 pulum,
1278 2250 1354 2281 ibid.
1387 2250 1544 2289 collegam
1568 2252 1683 2286 servat,
1705 2247 1753 2278 iu-

1127 2293 1228 2322 rando
1252 2302 1285 2322 se
1309 2292 1338 2323 ei
1363 2292 1514 2323 comitem
1539 2290 1643 2322 exsilii
1666 2291 1752 2322 futu-

1127 2344 1209 2372 rum,
1247 2334 1322 2366 ibid.
1366 2334 1531 2365 basilicam
1570 2333 1752 2364 faciendam

1128 2380 1228 2414 curat,
1255 2387 1338 2416 quae
1369 2377 1559 2417 Sempronia
1588 2376 1675 2407 dicta
1703 2379 1752 2407 est

1127 2430 1179 2458 44,
1197 2418 1244 2450 16.
1268 2420 1433 2451 libertinos
1455 2420 1489 2450 in
1511 2429 1616 2451 unam.
1632 2418 1751 2449 tribum

1127 2461 1329 2501 Esquilinam
1346 2462 1476 2494 coniicit
1491 2470 1543 2501 45,
1562 2469 1608 2501 15.

1084 2503 1134 2535 Ti.
1146 2505 1353 2545 Sempronius
1369 2505 1508 2545 Longus,
1524 2514 1586 2536 cos,
1603 2502 1693 2542 21,6.
1716 2503 1751 2534 in

1125 2547 1267 2579 Siciliam
1277 2548 1415 2578 mittitur
1431 2558 1443 2578 1
1451 2555 1478 2587 7.
1501 2547 1587 2586 capit
1599 2545 1750 2576 Melitam

1126 2599 1175 2628 51.
1199 2594 1366 2621 revocatur
1385 2590 1419 2621 in
1439 2589 1581 2627 Italiam,
1596 2588 1675 2619 ibid.
1698 2599 1749 2619 ve-

1123 2632 1172 2662 nit
1190 2633 1231 2663 ad
1253 2634 1422 2673 collegam,
1440 2632 1516 2663 ibid.
1548 2641 1675 2671 pugnae
1694 2631 1750 2662 ad-

1123 2684 1230 2705 versus
1267 2675 1487 2705 Hannibalem
1525 2673 1661 2713 cupidus
1698 2681 1749 2712 53.

1122 2717 1230 2748 educit
1246 2718 1354 2757 copias
1369 2725 1417 2756 54.
1442 2716 1578 2747 vincitur
1594 2724 1632 2756 55
1649 2719 1681 2746 et
1697 2715 1748 2755 56.

1122 2760 1187 2790 alia
1215 2770 1324 2799 pugna
1351 2759 1435 2790 inter
1460 2759 1686 2799 Sempronium
1715 2762 1749 2789 et

1123 2802 1343 2833 Hannibalem
1374 2812 1423 2843 59.
1454 2812 1604 2842 prospere
1626 2804 1748 2841 pugnat

1123 2855 1196 2875 cum
1214 2844 1378 2875 Hannone
1395 2846 1506 2876 Poeno
1523 2854 1573 2884 23,
1590 2852 1639 2884 37.

1080 2887 1131 2919 1.
1142 2887 1349 2927 Sempronius
1372 2887 1513 2928 Longus,
1532 2887 1604 2919 trib.
1625 2886 1670 2934 pl.
1694 2894 1746 2933 31,

1122 2939 1170 2962 20
1194 2930 1307 2962 aedilis
1327 2930 1446 2962 curulis
1461 2940 1512 2970 32,
1530 2937 1578 2969 27.
1601 2927 1748 2960 triumvir
