<?xml version="1.0" encoding="UTF-8"?>
<!DOCTYPE html PUBLIC "-//W3C//DTD XHTML 1.0 Transitional//EN"
    "http://www.w3.org/TR/xhtml1/DTD/xhtml1-transitional.dtd">
<html xmlns="http://www.w3.org/1999/xhtml" xml:lang="en" lang="en">
 <head>
  <title>
</title>
<meta http-equiv="Content-Type" content="text/html;charset=utf-8" />
  <meta name='ocr-system' content='tesseract 3.04.00' />
  <meta name='ocr-capabilities' content='ocr_page ocr_carea ocr_par ocr_line ocrx_word'/>
</head>
<body>
  <div class='ocr_page' id='page_1' title='image "./historiarumli04livyuoft/historiarumli04livyuoft_0281.png"; bbox 0 0 1888 3194; ppageno 0'>
   <div class='ocr_carea' id='block_1_1' title="bbox 363 483 1314 538">
    <p class='ocr_par' dir='ltr' id='par_1_1' title="bbox 363 483 1314 538">
     <span class='ocr_line' id='line_1_1' title="bbox 363 483 1314 538; baseline 0.002 -2"><span class='ocrx_word' id='word_1_1' title='bbox 363 483 428 536; x_wconf 91' lang='lat' dir='ltr'>T.</span> <span class='ocrx_word' id='word_1_2' title='bbox 495 483 759 537; x_wconf 92' lang='lat' dir='ltr'><strong><em>LIVII</em></strong></span> <span class='ocrx_word' id='word_1_3' title='bbox 830 484 1314 538; x_wconf 88' lang='lat' dir='ltr'>PATIVINI</span> 
     </span>
    </p>
   </div>
   <div class='ocr_carea' id='block_1_2' title="bbox 174 668 1497 726">
    <p class='ocr_par' dir='ltr' id='par_1_2' title="bbox 174 668 1497 726">
     <span class='ocr_line' id='line_1_2' title="bbox 174 668 1497 726; baseline 0 -3"><span class='ocrx_word' id='word_1_4' title='bbox 174 668 832 724; x_wconf 72' lang='lat' dir='ltr'>HISTORIARUM</span> <span class='ocrx_word' id='word_1_5' title='bbox 906 670 1497 726; x_wconf 83' lang='lat' dir='ltr'><strong>FRAGMENTA.</strong></span> 
     </span>
    </p>
   </div>
   <div class='ocr_carea' id='block_1_3' title="bbox 695 861 871 883">
    <p class='ocr_par' dir='ltr' id='par_1_3' title="bbox 695 861 871 883">
     <span class='ocr_line' id='line_1_3' title="bbox 695 861 871 883; baseline 0.006 -10"><span class='ocrx_word' id='word_1_6' title='bbox 695 861 871 883; x_wconf 47' lang='grc'>--,..</span> 
     </span>
    </p>
   </div>
   <div class='ocr_carea' id='block_1_4' title="bbox 139 1013 1546 1239">
    <p class='ocr_par' dir='ltr' id='par_1_4' title="bbox 139 1013 1546 1239">
     <span class='ocr_line' id='line_1_4' title="bbox 139 1013 1546 1069; baseline 0.003 -17"><span class='ocrx_word' id='word_1_7' title='bbox 139 1013 409 1068; x_wconf 74' lang='lat' dir='ltr'>Fraymentis,</span> <span class='ocrx_word' id='word_1_8' title='bbox 432 1027 535 1067; x_wconf 80' lang='lat' dir='ltr'>quae</span> <span class='ocrx_word' id='word_1_9' title='bbox 555 1013 760 1067; x_wconf 79' lang='lat' dir='ltr'><em>probabili</em></span> <span class='ocrx_word' id='word_1_10' title='bbox 786 1015 1011 1054; x_wconf 72' lang='lat' dir='ltr'>coniectura</span> <span class='ocrx_word' id='word_1_11' title='bbox 1044 1015 1102 1054; x_wconf 80' lang='lat' dir='ltr'>ad</span> <span class='ocrx_word' id='word_1_12' title='bbox 1129 1029 1220 1055; x_wconf 79' lang='lat' dir='ltr'>snos</span> <span class='ocrx_word' id='word_1_13' title='bbox 1251 1015 1370 1055; x_wconf 81' lang='lat' dir='ltr'>libros</span> <span class='ocrx_word' id='word_1_14' title='bbox 1400 1016 1546 1069; x_wconf 60' lang='lat' dir='ltr'>referri</span> 
     </span>
     <span class='ocr_line' id='line_1_5' title="bbox 190 1071 1542 1127; baseline 0.002 -17"><span class='ocrx_word' id='word_1_15' title='bbox 190 1077 373 1125; x_wconf 81' lang='lat' dir='ltr'><strong><em>possunt,</em></strong></span> <span class='ocrx_word' id='word_1_16' title='bbox 398 1072 614 1110; x_wconf 78' lang='lat' dir='ltr'>asteriscus</span> <span class='ocrx_word' id='word_1_17' title='bbox 645 1077 701 1110; x_wconf 81' lang='lat' dir='ltr'>est</span> <span class='ocrx_word' id='word_1_18' title='bbox 724 1071 938 1124; x_wconf 64' lang='lat' dir='ltr'>praqfizus</span> <span class='ocrx_word' id='word_1_19' title='bbox 953 1088 966 1112; x_wconf 92' lang='grc'>.·</span> <span class='ocrx_word' id='word_1_20' title='bbox 1000 1078 1142 1121; x_wconf 83' lang='lat' dir='ltr'>cetera,</span> <span class='ocrx_word' id='word_1_21' title='bbox 1169 1073 1311 1127; x_wconf 80' lang='lat' dir='ltr'>quibus</span> <span class='ocrx_word' id='word_1_22' title='bbox 1342 1074 1470 1113; x_wconf 80' lang='lat' dir='ltr'><em>locum</em></span> <span class='ocrx_word' id='word_1_23' title='bbox 1500 1075 1542 1113; x_wconf 79' lang='lat' dir='ltr'>in</span> 
     </span>
     <span class='ocr_line' id='line_1_6' title="bbox 196 1127 1544 1185; baseline 0.002 -18"><span class='ocrx_word' id='word_1_24' title='bbox 196 1127 310 1168; x_wconf 78' lang='lat' dir='ltr'>Livii</span> <span class='ocrx_word' id='word_1_25' title='bbox 329 1128 440 1167; x_wconf 79' lang='lat' dir='ltr'>libris</span> <span class='ocrx_word' id='word_1_26' title='bbox 460 1129 670 1181; x_wconf 72' lang='lat' dir='ltr'>assiynare</span> <span class='ocrx_word' id='word_1_27' title='bbox 690 1142 768 1167; x_wconf 81' lang='lat' dir='ltr'>non</span> <span class='ocrx_word' id='word_1_28' title='bbox 790 1128 890 1176; x_wconf 81' lang='lat' dir='ltr'>licet,</span> <span class='ocrx_word' id='word_1_29' title='bbox 909 1143 998 1168; x_wconf 79' lang='lat' dir='ltr'>cum</span> <span class='ocrx_word' id='word_1_30' title='bbox 1019 1130 1206 1183; x_wconf 80' lang='lat' dir='ltr'>epistolae</span> <span class='ocrx_word' id='word_1_31' title='bbox 1211 1131 1310 1183; x_wconf 79' lang='lat' dir='ltr'>filio</span> <span class='ocrx_word' id='word_1_32' title='bbox 1326 1132 1544 1185; x_wconf 77' lang='lat' dir='ltr'><em>inscriptae</em></span> 
     </span>
     <span class='ocr_line' id='line_1_7' title="bbox 195 1185 878 1239; baseline 0 -15"><span class='ocrx_word' id='word_1_33' title='bbox 195 1185 374 1239; x_wconf 75' lang='lat' dir='ltr'>reliquiis</span> <span class='ocrx_word' id='word_1_34' title='bbox 394 1185 576 1238; x_wconf 79' lang='lat' dir='ltr'><em>deinceps</em></span> <span class='ocrx_word' id='word_1_35' title='bbox 596 1185 753 1224; x_wconf 82' lang='lat' dir='ltr'>adiecta</span> <span class='ocrx_word' id='word_1_36' title='bbox 775 1191 878 1224; x_wconf 80' lang='lat' dir='ltr'>sunt.</span> 
     </span>
    </p>
   </div>
   <div class='ocr_carea' id='block_1_5' title="bbox 142 1439 1545 1626">
    <p class='ocr_par' dir='ltr' id='par_1_5' title="bbox 142 1439 1545 1626">
     <span class='ocr_line' id='line_1_8' title="bbox 674 1439 1006 1481; baseline 0.006 -2"><span class='ocrx_word' id='word_1_37' title='bbox 674 1439 697 1460; x_wconf 75' lang='lat'><em>*</em></span> <span class='ocrx_word' id='word_1_38' title='bbox 710 1439 782 1480; x_wconf 67' lang='lat' dir='ltr'>Ea.-</span> <span class='ocrx_word' id='word_1_39' title='bbox 804 1440 870 1480; x_wconf 72' lang='lat' dir='ltr'>lib.</span> <span class='ocrx_word' id='word_1_40' title='bbox 895 1440 1006 1481; x_wconf 90' lang='lat' dir='ltr'><em>XII.</em></span> 
     </span>
     <span class='ocr_line' id='line_1_9' title="bbox 142 1518 1545 1626; baseline 0.001 -65"><span class='ocrx_word' id='word_1_41' title='bbox 142 1518 507 1626; x_wconf 85' lang='lat' dir='ltr'>PYRRHUS</span> <span class='ocrx_word' id='word_1_42' title='bbox 558 1519 709 1561; x_wconf 88' lang='lat' dir='ltr'>unicus</span> <span class='ocrx_word' id='word_1_43' title='bbox 754 1518 974 1575; x_wconf 83' lang='lat' dir='ltr'>pugnandi</span> <span class='ocrx_word' id='word_1_44' title='bbox 1025 1518 1188 1569; x_wconf 85' lang='lat' dir='ltr'>artifex,</span> <span class='ocrx_word' id='word_1_45' title='bbox 1231 1519 1449 1578; x_wconf 86' lang='lat' dir='ltr'>magisque</span> <span class='ocrx_word' id='word_1_46' title='bbox 1501 1520 1545 1561; x_wconf 89' lang='lat' dir='ltr'>in</span> 
     </span>
    </p>
   </div>
   <div class='ocr_carea' id='block_1_6' title="bbox 140 1575 1543 1677">
    <p class='ocr_par' dir='ltr' id='par_1_6' title="bbox 140 1575 1543 1677">
     <span class='ocr_line' id='line_1_10' title="bbox 140 1575 1543 1677; baseline 0.002 -59"><span class='ocrx_word' id='word_1_47' title='bbox 140 1635 169 1676; x_wconf 78' lang='grc' dir='ltr'><em>Ι</em></span> <span class='ocrx_word' id='word_1_48' title='bbox 201 1577 448 1677; x_wconf 58' lang='grc' dir='ltr'>45ἐποεὶἱο,</span> <span class='ocrx_word' id='word_1_49' title='bbox 483 1592 611 1633; x_wconf 86' lang='lat' dir='ltr'>quam</span> <span class='ocrx_word' id='word_1_50' title='bbox 646 1575 772 1627; x_wconf 89' lang='lat' dir='ltr'>bello,</span> <span class='ocrx_word' id='word_1_51' title='bbox 807 1577 954 1618; x_wconf 87' lang='lat' dir='ltr'>bonus.</span> <span class='ocrx_word' id='word_1_52' title='bbox 1034 1578 1157 1620; x_wconf 85' lang='lat' dir='ltr'><strong><em>Serv.</em></strong></span> <span class='ocrx_word' id='word_1_53' title='bbox 1192 1579 1254 1620; x_wconf 83' lang='lat' dir='ltr'>ad</span> <span class='ocrx_word' id='word_1_54' title='bbox 1288 1579 1408 1635; x_wconf 84' lang='lat' dir='ltr'><em>Virg.</em></span> <span class='ocrx_word' id='word_1_55' title='bbox 1434 1578 1543 1621; x_wconf 85' lang='lat' dir='ltr'>Aen.</span> 
     </span>
    </p>
   </div>
   <div class='ocr_carea' id='block_1_7' title="bbox 659 1782 1019 1822">
    <p class='ocr_par' dir='ltr' id='par_1_7' title="bbox 659 1782 1019 1822">
     <span class='ocr_line' id='line_1_11' title="bbox 659 1782 1019 1822; baseline 0 0"><span class='ocrx_word' id='word_1_56' title='bbox 659 1782 681 1802; x_wconf 72' lang='lat'>⁴*</span> <span class='ocrx_word' id='word_1_57' title='bbox 697 1782 767 1822; x_wconf 72' lang='lat' dir='ltr'>Ex</span> <span class='ocrx_word' id='word_1_58' title='bbox 790 1783 854 1822; x_wconf 84' lang='lat' dir='ltr'>lib.</span> <span class='ocrx_word' id='word_1_59' title='bbox 882 1782 1019 1822; x_wconf 84' lang='lat' dir='ltr'><strong><em>XIII.</em></strong></span> 
     </span>
    </p>
   </div>
   <div class='ocr_carea' id='block_1_8' title="bbox 201 1858 1545 1910">
    <p class='ocr_par' dir='ltr' id='par_1_8' title="bbox 201 1858 1545 1910">
     <span class='ocr_line' id='line_1_12' title="bbox 201 1858 1545 1910; baseline -0.001 -8"><span class='ocrx_word' id='word_1_60' title='bbox 201 1860 406 1902; x_wconf 84' lang='lat' dir='ltr'>Curribus</span> <span class='ocrx_word' id='word_1_61' title='bbox 426 1859 586 1901; x_wconf 86' lang='lat' dir='ltr'>falcatis</span> <span class='ocrx_word' id='word_1_62' title='bbox 603 1874 700 1901; x_wconf 86' lang='lat' dir='ltr'>usos</span> <span class='ocrx_word' id='word_1_63' title='bbox 713 1875 801 1901; x_wconf 88' lang='lat' dir='ltr'>esse</span> <span class='ocrx_word' id='word_1_64' title='bbox 819 1861 1010 1910; x_wconf 86' lang='lat' dir='ltr'>maiores,</span> <span class='ocrx_word' id='word_1_65' title='bbox 1029 1868 1071 1900; x_wconf 84' lang='lat' dir='ltr'>et</span> <span class='ocrx_word' id='word_1_66' title='bbox 1089 1858 1236 1900; x_wconf 87' lang='lat' dir='ltr'>Livius</span> <span class='ocrx_word' id='word_1_67' title='bbox 1257 1868 1300 1901; x_wconf 85' lang='lat' dir='ltr'>et</span> <span class='ocrx_word' id='word_1_68' title='bbox 1324 1858 1545 1901; x_wconf 82' lang='lat' dir='ltr'><strong>Sallustius</strong></span> 
     </span>
    </p>
   </div>
   <div class='ocr_carea' id='block_1_9' title="bbox 141 1918 1544 2032">
    <p class='ocr_par' dir='ltr' id='par_1_9' title="bbox 141 1918 1544 2032">
     <span class='ocr_line' id='line_1_13' title="bbox 141 1918 1544 1974; baseline -0.001 -13"><span class='ocrx_word' id='word_1_69' title='bbox 141 1919 309 1960; x_wconf 80' lang='lat' dir='ltr'>docent.</span> <span class='ocrx_word' id='word_1_70' title='bbox 374 1918 495 1959; x_wconf 77' lang='lat' dir='ltr'><strong><em>Serv.</em></strong></span> <span class='ocrx_word' id='word_1_71' title='bbox 528 1919 588 1958; x_wconf 79' lang='lat' dir='ltr'>ad</span> <span class='ocrx_word' id='word_1_72' title='bbox 623 1918 775 1974; x_wconf 61' lang='lat' dir='ltr'>Vir-gil.</span> <span class='ocrx_word' id='word_1_73' title='bbox 801 1919 908 1960; x_wconf 82' lang='lat' dir='ltr'>Aen.</span> <span class='ocrx_word' id='word_1_74' title='bbox 943 1919 982 1959; x_wconf 94' lang='grc' dir='ltr'>Ι.</span> <span class='ocrx_word' id='word_1_75' title='bbox 1015 1918 1114 1960; x_wconf 90' lang='grc'><strong>476.</strong></span> <span class='ocrx_word' id='word_1_76' title='bbox 1183 1918 1252 1973; x_wconf 75' lang='lat' dir='ltr'>Cf.</span> <span class='ocrx_word' id='word_1_77' title='bbox 1277 1919 1544 1960; x_wconf 79' lang='lat' dir='ltr'>Freinshem.</span> 
     </span>
     <span class='ocr_line' id='line_1_14' title="bbox 141 1976 574 2032; baseline -0.009 -14"><span class='ocrx_word' id='word_1_78' title='bbox 141 1976 361 2032; x_wconf 80' lang='lat' dir='ltr'>Supplem.</span> <span class='ocrx_word' id='word_1_79' title='bbox 385 1990 482 2030; x_wconf 80' lang='lat' dir='ltr'><strong><em>cap.</em></strong></span> <span class='ocrx_word' id='word_1_80' title='bbox 507 1976 574 2015; x_wconf 89' lang='lat'>38.</span> 
     </span>
    </p>
   </div>
   <div class='ocr_carea' id='block_1_10' title="bbox 670 2124 1017 2165">
    <p class='ocr_par' dir='ltr' id='par_1_10' title="bbox 670 2124 1017 2165">
     <span class='ocr_line' id='line_1_15' title="bbox 670 2124 1017 2165; baseline 0.003 -1"><span class='ocrx_word' id='word_1_81' title='bbox 670 2124 692 2145; x_wconf 77' lang='lat'><em>*</em></span> <span class='ocrx_word' id='word_1_82' title='bbox 707 2124 778 2164; x_wconf 69' lang='lat' dir='ltr'>Ex</span> <span class='ocrx_word' id='word_1_83' title='bbox 799 2125 864 2165; x_wconf 85' lang='lat' dir='ltr'>lib.</span> <span class='ocrx_word' id='word_1_84' title='bbox 886 2124 962 2164; x_wconf 87' lang='lat' dir='ltr'>XI</span> <span class='ocrx_word' id='word_1_85' title='bbox 973 2124 1017 2165; x_wconf 87' lang='lat' dir='ltr'>V.</span> 
     </span>
    </p>
   </div>
   <div class='ocr_carea' id='block_1_11' title="bbox 140 2203 1542 2318">
    <p class='ocr_par' dir='ltr' id='par_1_11' title="bbox 140 2203 1542 2318">
     <span class='ocr_line' id='line_1_16' title="bbox 201 2203 1542 2259; baseline -0.001 -13"><span class='ocrx_word' id='word_1_86' title='bbox 201 2204 373 2247; x_wconf 87' lang='lat' dir='ltr'>Privato</span> <span class='ocrx_word' id='word_1_87' title='bbox 409 2218 484 2246; x_wconf 87' lang='lat' dir='ltr'>nos</span> <span class='ocrx_word' id='word_1_88' title='bbox 522 2203 813 2245; x_wconf 85' lang='lat' dir='ltr'>tenuissemus.</span> <span class='ocrx_word' id='word_1_89' title='bbox 880 2204 1100 2245; x_wconf 81' lang='lat' dir='ltr'>Priscian.</span> <span class='ocrx_word' id='word_1_90' title='bbox 1121 2203 1196 2244; x_wconf 85' lang='lat' dir='ltr'>lib.</span> <span class='ocrx_word' id='word_1_91' title='bbox 1224 2203 1321 2244; x_wconf 90' lang='lat' dir='ltr'>XV.</span> <span class='ocrx_word' id='word_1_92' title='bbox 1343 2218 1392 2259; x_wconf 78' lang='lat' dir='ltr'>p.</span> <span class='ocrx_word' id='word_1_93' title='bbox 1421 2206 1542 2245; x_wconf 90' lang='lat'>1009.</span> 
     </span>
     <span class='ocr_line' id='line_1_17' title="bbox 140 2261 1053 2318; baseline -0.003 -14"><span class='ocrx_word' id='word_1_94' title='bbox 140 2263 206 2305; x_wconf 78' lang='lat' dir='ltr'>ecl.</span> <span class='ocrx_word' id='word_1_95' title='bbox 232 2263 410 2304; x_wconf 70' lang='lat' dir='ltr'>Putseln.</span> <span class='ocrx_word' id='word_1_96' title='bbox 443 2262 531 2304; x_wconf 78' lang='lat' dir='ltr'><em>Vol.</em></span> <span class='ocrx_word' id='word_1_97' title='bbox 556 2263 594 2303; x_wconf 94' lang='lat' dir='ltr'>I.</span> <span class='ocrx_word' id='word_1_98' title='bbox 611 2277 661 2318; x_wconf 79' lang='lat' dir='ltr'>p.</span> <span class='ocrx_word' id='word_1_99' title='bbox 687 2264 784 2303; x_wconf 82' lang='lat'>620.</span> <span class='ocrx_word' id='word_1_100' title='bbox 808 2262 874 2304; x_wconf 83' lang='lat' dir='ltr'>ed.</span> <span class='ocrx_word' id='word_1_101' title='bbox 900 2261 1053 2303; x_wconf 78' lang='lat' dir='ltr'>Krelel.</span> 
     </span>
    </p>
   </div>
   <div class='ocr_carea' id='block_1_12' title="bbox 666 2413 1015 2455">
    <p class='ocr_par' dir='ltr' id='par_1_12' title="bbox 666 2413 1015 2455">
     <span class='ocr_line' id='line_1_18' title="bbox 666 2413 1015 2455; baseline -0.003 -1"><span class='ocrx_word' id='word_1_102' title='bbox 666 2413 688 2435; x_wconf 68' lang='lat'>⁴*</span> <span class='ocrx_word' id='word_1_103' title='bbox 703 2414 773 2454; x_wconf 70' lang='lat' dir='ltr'>Ex</span> <span class='ocrx_word' id='word_1_104' title='bbox 794 2413 859 2455; x_wconf 82' lang='lat' dir='ltr'>lib.</span> <span class='ocrx_word' id='word_1_105' title='bbox 884 2413 1015 2453; x_wconf 90' lang='lat' dir='ltr'><strong><em>XVI.</em></strong></span> 
     </span>
    </p>
   </div>
   <div class='ocr_carea' id='block_1_13' title="bbox 142 2490 1548 3049">
    <p class='ocr_par' dir='ltr' id='par_1_13' title="bbox 142 2490 1548 2723">
     <span class='ocr_line' id='line_1_19' title="bbox 203 2490 1544 2548; baseline -0.001 -13"><span class='ocrx_word' id='word_1_106' title='bbox 203 2493 405 2536; x_wconf 85' lang='lat' dir='ltr'>sichaeus</span> <span class='ocrx_word' id='word_1_107' title='bbox 443 2492 664 2535; x_wconf 82' lang='lat' dir='ltr'>Sicharbas</span> <span class='ocrx_word' id='word_1_108' title='bbox 700 2492 839 2534; x_wconf 89' lang='lat' dir='ltr'>dictus</span> <span class='ocrx_word' id='word_1_109' title='bbox 874 2502 963 2541; x_wconf 84' lang='lat' dir='ltr'>est3</span> <span class='ocrx_word' id='word_1_110' title='bbox 1013 2490 1155 2542; x_wconf 80' lang='lat' dir='ltr'>Belus,</span> <span class='ocrx_word' id='word_1_111' title='bbox 1194 2490 1378 2532; x_wconf 85' lang='lat' dir='ltr'>Didonis</span> <span class='ocrx_word' id='word_1_112' title='bbox 1413 2499 1544 2548; x_wconf 87' lang='lat' dir='ltr'>pater,</span> 
     </span>
     <span class='ocr_line' id='line_1_20' title="bbox 143 2548 1545 2607; baseline -0.002 -14"><span class='ocrx_word' id='word_1_113' title='bbox 143 2551 361 2600; x_wconf 88' lang='lat' dir='ltr'>Methres;</span> <span class='ocrx_word' id='word_1_114' title='bbox 396 2550 608 2607; x_wconf 81' lang='lat' dir='ltr'>Carthago</span> <span class='ocrx_word' id='word_1_115' title='bbox 639 2566 663 2591; x_wconf 85' lang='lat' dir='ltr'>a</span> <span class='ocrx_word' id='word_1_116' title='bbox 695 2549 919 2599; x_wconf 79' lang='lat' dir='ltr'><strong>Carthada,</strong></span> <span class='ocrx_word' id='word_1_117' title='bbox 946 2558 994 2590; x_wconf 88' lang='lat' dir='ltr'>ut</span> <span class='ocrx_word' id='word_1_118' title='bbox 1023 2548 1179 2590; x_wconf 83' lang='lat' dir='ltr'>lectum</span> <span class='ocrx_word' id='word_1_119' title='bbox 1212 2558 1299 2590; x_wconf 87' lang='lat' dir='ltr'>cst:</span> <span class='ocrx_word' id='word_1_120' title='bbox 1334 2549 1450 2605; x_wconf 91' lang='lat' dir='ltr'>quod</span> <span class='ocrx_word' id='word_1_121' title='bbox 1482 2549 1545 2590; x_wconf 91' lang='lat' dir='ltr'>in-</span> 
     </span>
     <span class='ocr_line' id='line_1_21' title="bbox 142 2606 1548 2657; baseline -0.001 -7"><span class='ocrx_word' id='word_1_122' title='bbox 142 2609 309 2651; x_wconf 85' lang='lat' dir='ltr'>venitur</span> <span class='ocrx_word' id='word_1_123' title='bbox 347 2609 391 2650; x_wconf 89' lang='lat' dir='ltr'>in</span> <span class='ocrx_word' id='word_1_124' title='bbox 436 2608 609 2650; x_wconf 75' lang='lat' dir='ltr'>historia</span> <span class='ocrx_word' id='word_1_125' title='bbox 652 2608 908 2657; x_wconf 87' lang='lat' dir='ltr'>Poenorum,</span> <span class='ocrx_word' id='word_1_126' title='bbox 950 2616 992 2648; x_wconf 87' lang='lat' dir='ltr'>et</span> <span class='ocrx_word' id='word_1_127' title='bbox 1038 2607 1080 2647; x_wconf 91' lang='lat' dir='ltr'>in</span> <span class='ocrx_word' id='word_1_128' title='bbox 1123 2606 1257 2648; x_wconf 84' lang='lat' dir='ltr'>Livio.</span> <span class='ocrx_word' id='word_1_129' title='bbox 1322 2608 1442 2649; x_wconf 77' lang='lat' dir='ltr'><strong><em>Serv.</em></strong></span> <span class='ocrx_word' id='word_1_130' title='bbox 1486 2609 1548 2648; x_wconf 78' lang='lat' dir='ltr'>acl</span> 
     </span>
     <span class='ocr_line' id='line_1_22' title="bbox 152 2667 622 2723; baseline -0.006 -14"><span class='ocrx_word' id='word_1_131' title='bbox 152 2667 307 2723; x_wconf 82' lang='lat' dir='ltr'><strong><em>Virgil.</em></strong></span> <span class='ocrx_word' id='word_1_132' title='bbox 331 2667 438 2708; x_wconf 81' lang='lat' dir='ltr'>Aen.</span> <span class='ocrx_word' id='word_1_133' title='bbox 463 2667 501 2708; x_wconf 92' lang='lat' dir='ltr'>I.</span> <span class='ocrx_word' id='word_1_134' title='bbox 525 2669 622 2707; x_wconf 83' lang='lat'><strong>343.</strong></span> 
     </span>
    </p>

    <p class='ocr_par' dir='ltr' id='par_1_14' title="bbox 144 2721 1545 2837">
     <span class='ocr_line' id='line_1_23' title="bbox 202 2721 1545 2781; baseline -0.003 -15"><span class='ocrx_word' id='word_1_135' title='bbox 202 2723 414 2781; x_wconf 81' lang='lat' dir='ltr'>Carthago</span> <span class='ocrx_word' id='word_1_136' title='bbox 446 2733 509 2765; x_wconf 87' lang='lat' dir='ltr'>est</span> <span class='ocrx_word' id='word_1_137' title='bbox 541 2723 687 2780; x_wconf 86' lang='lat' dir='ltr'>lingua</span> <span class='ocrx_word' id='word_1_138' title='bbox 724 2723 965 2764; x_wconf 85' lang='lat' dir='ltr'>Poenorum</span> <span class='ocrx_word' id='word_1_139' title='bbox 1003 2736 1112 2763; x_wconf 88' lang='lat' dir='ltr'>nova</span> <span class='ocrx_word' id='word_1_140' title='bbox 1146 2721 1304 2771; x_wconf 88' lang='lat' dir='ltr'>civitas,</span> <span class='ocrx_word' id='word_1_141' title='bbox 1340 2730 1386 2762; x_wconf 90' lang='lat' dir='ltr'>ut</span> <span class='ocrx_word' id='word_1_142' title='bbox 1421 2721 1545 2763; x_wconf 87' lang='lat' dir='ltr'>docet</span> 
     </span>
     <span class='ocr_line' id='line_1_24' title="bbox 144 2779 1541 2837; baseline -0.001 -15"><span class='ocrx_word' id='word_1_143' title='bbox 144 2779 302 2823; x_wconf 87' lang='lat' dir='ltr'>Livius.</span> <span class='ocrx_word' id='word_1_144' title='bbox 372 2782 493 2824; x_wconf 77' lang='lat' dir='ltr'><strong><em>Serv.</em></strong></span> <span class='ocrx_word' id='word_1_145' title='bbox 530 2783 591 2823; x_wconf 85' lang='lat' dir='ltr'>ad</span> <span class='ocrx_word' id='word_1_146' title='bbox 626 2781 779 2837; x_wconf 73' lang='lat' dir='ltr'>Virgil.</span> <span class='ocrx_word' id='word_1_147' title='bbox 806 2780 911 2822; x_wconf 83' lang='lat' dir='ltr'>Aen.</span> <span class='ocrx_word' id='word_1_148' title='bbox 943 2780 981 2821; x_wconf 90' lang='lat' dir='ltr'>I.</span> <span class='ocrx_word' id='word_1_149' title='bbox 1012 2781 1111 2821; x_wconf 89' lang='lat'><strong>366.</strong></span> <span class='ocrx_word' id='word_1_150' title='bbox 1181 2779 1250 2835; x_wconf 83' lang='lat' dir='ltr'>Cf.</span> <span class='ocrx_word' id='word_1_151' title='bbox 1277 2780 1412 2821; x_wconf 85' lang='lat' dir='ltr'>Solin.</span> <span class='ocrx_word' id='word_1_152' title='bbox 1442 2795 1541 2835; x_wconf 76' lang='lat' dir='ltr'>cap.</span> 
     </span>
    </p>

    <p class='ocr_par' dir='ltr' id='par_1_15' title="bbox 147 2892 1539 3007">
     <span class='ocr_line' id='line_1_25' title="bbox 205 2892 1539 2952; baseline -0.002 -17"><span class='ocrx_word' id='word_1_153' title='bbox 205 2893 338 2936; x_wconf 80' lang='lat' dir='ltr'>Bitias</span> <span class='ocrx_word' id='word_1_154' title='bbox 368 2894 508 2937; x_wconf 82' lang='lat' dir='ltr'>classis</span> <span class='ocrx_word' id='word_1_155' title='bbox 540 2896 728 2938; x_wconf 83' lang='lat' dir='ltr'>Punicae</span> <span class='ocrx_word' id='word_1_156' title='bbox 760 2895 838 2936; x_wconf 82' lang='lat' dir='ltr'>fuit</span> <span class='ocrx_word' id='word_1_157' title='bbox 872 2894 1118 2952; x_wconf 66' lang='lat' dir='ltr'>praefecum,</span> <span class='ocrx_word' id='word_1_158' title='bbox 1148 2903 1194 2935; x_wconf 92' lang='lat' dir='ltr'>ut</span> <span class='ocrx_word' id='word_1_159' title='bbox 1227 2892 1350 2935; x_wconf 85' lang='lat' dir='ltr'>docet</span> <span class='ocrx_word' id='word_1_160' title='bbox 1384 2892 1539 2934; x_wconf 88' lang='lat' dir='ltr'>Livius.</span> 
     </span>
     <span class='ocr_line' id='line_1_26' title="bbox 147 2952 847 3007; baseline 0 -14"><span class='ocrx_word' id='word_1_161' title='bbox 147 2952 267 2994; x_wconf 77' lang='lat' dir='ltr'>Sere.</span> <span class='ocrx_word' id='word_1_162' title='bbox 289 2953 350 2993; x_wconf 79' lang='lat' dir='ltr'>ad</span> <span class='ocrx_word' id='word_1_163' title='bbox 376 2952 532 3007; x_wconf 67' lang='lat' dir='ltr'>Vir-gil.</span> <span class='ocrx_word' id='word_1_164' title='bbox 557 2953 664 2994; x_wconf 81' lang='lat' dir='ltr'>Aen.</span> <span class='ocrx_word' id='word_1_165' title='bbox 691 2954 728 2994; x_wconf 91' lang='grc' dir='ltr'>Ι.</span> <span class='ocrx_word' id='word_1_166' title='bbox 753 2955 847 2994; x_wconf 88' lang='grc'><strong>738.</strong></span> 
     </span>
    </p>

    <p class='ocr_par' dir='ltr' id='par_1_16' title="bbox 207 3019 1310 3049">
     <span class='ocr_line' id='line_1_27' title="bbox 207 3019 1310 3049; baseline -0.003 0"><span class='ocrx_word' id='word_1_167' title='bbox 207 3021 302 3049; x_wconf 70' lang='lat' dir='ltr'>von.</span> <span class='ocrx_word' id='word_1_168' title='bbox 329 3022 384 3048; x_wconf 83' lang='grc' dir='ltr'>ιν.</span> <span class='ocrx_word' id='word_1_169' title='bbox 1284 3019 1310 3046; x_wconf 79' lang='lat' dir='ltr'>‘r</span> 
     </span>
    </p>
   </div>
  </div>
 </body>
</html>
