1888 3194
645 209 936 247 INDEX.

144 291 282 323 vincitur
308 301 329 322 a
357 288 515 322 Romanis
541 298 593 328 24,
619 296 670 328 45.
700 287 769 319 eius

143 334 266 366 familia
287 332 482 365 comburitur
506 332 547 362 ab
570 330 769 369 Hannibale,

144 377 221 408 ibid.

103 419 233 457 Dasius,
248 416 470 455 Brundisinus,
485 416 666 457 praefectus
680 426 769 456 prae-

145 461 227 500 sidii,
246 461 353 501 prodit
373 459 551 491 Hannibali
575 459 768 490 Clastidium

145 504 249 535 vicum
270 513 319 541 21,
335 504 385 541 48.

103 546 234 584 Dasius,
245 546 395 586 Salapiae
408 545 566 586 princeps,
578 545 663 576 favet
680 544 771 575 Han-

145 589 246 620 nibali
273 587 324 625 26,
347 589 396 628 38.
427 598 500 619 eum
529 589 569 619 de
591 588 773 628 proditione

145 632 291 672 appellat
308 631 448 665 Blasius.
463 631 539 662 ibid.

104 675 326 712 Dassarenses,
341 674 455 715 populi
470 682 522 713 45,
540 672 587 704 26.
611 673 720 708 iidem,
737 676 774 703 ut

146 717 282 755 videtur,
302 727 375 748 cum
398 717 600 755 Dassaretiis,
621 716 677 756 qui
696 726 774 746 mox

147 765 332 800 sequuntur.

105 802 296 839 Dassaretii,
308 803 420 844 populi
439 811 489 842 27,
502 811 553 842 32.
576 812 684 833 eorum
696 802 775 832 fines

147 847 322 887 populatur
333 847 369 877 P.
381 846 543 886 Sulpicius
557 854 607 885 31,
619 854 668 884 33.
694 845 774 875 Das-

147 889 334 920 saretiorum
352 888 485 919 Pirustis
499 888 684 919 immunitas
699 888 775 918 data

149 940 202 971 45,
223 930 271 963 26.
297 931 553 962 Dassaretiorum
576 931 635 962 vici
658 939 709 970 27,
725 939 774 969 32.

149 975 281 1005 castella
297 984 349 1013 42,
365 973 415 1013 36.

106 1017 237 1055 Daulis,
252 1018 327 1048 urbs
343 1027 394 1057 32,
414 1017 460 1047 18.

107 1059 343 1092 Decembribus
359 1060 471 1090 Idibus
486 1059 670 1090 consulatus
680 1058 778 1089 initus

150 1113 181 1141 4,
196 1111 246 1142 37.
270 1106 302 1133 et
318 1112 430 1133 census
446 1102 574 1132 habitus
589 1113 641 1140 44,
660 1100 706 1132 16.

108 1144 292 1176 Decemviri
306 1145 429 1185 legibus
440 1144 614 1175 scribendis
626 1144 694 1174 sine
707 1154 777 1184 pro-

152 1187 319 1218 vocatione
341 1187 438 1218 creati
462 1195 493 1225 3,
512 1196 561 1226 32.
596 1187 708 1217 decem
731 1190 777 1217 ta-

150 1230 244 1261 bulas
258 1231 364 1271 legum
383 1231 490 1261 ferunt
506 1238 557 1268 34.
580 1228 653 1260 novi
670 1239 778 1259 crean-

150 1276 203 1304 tur
217 1281 268 1313 35.
313 1273 427 1303 horum
447 1271 640 1312 impotentia
661 1275 694 1302 et
710 1282 778 1302 cru-

150 1316 266 1347 delitas
293 1314 332 1356 36
359 1319 391 1346 et
417 1323 468 1356 37.
498 1315 635 1346 alterum
659 1324 779 1345 annum

151 1358 266 1399 privati
282 1359 453 1398 imperium
466 1358 603 1389 retinent
616 1357 665 1397 38.
689 1367 779 1388 sena-

150 1405 220 1432 tum
242 1411 299 1441 per
318 1411 508 1442 praeconem
527 1401 560 1431 in
585 1400 706 1431 curiam
730 1411 779 1431 vo-

152 1447 228 1475 cant
242 1444 318 1475 ibid.
342 1444 503 1475 delectum
519 1443 639 1474 habent
655 1453 705 1481 41.
729 1453 779 1474 co-

151 1491 270 1528 guntur
291 1497 324 1518 se
347 1486 535 1527 magistratu
557 1486 706 1517 abdicare
730 1495 779 1525 54.

153 1530 292 1562 Claudio
314 1533 347 1560 et
368 1530 476 1570 Oppio
499 1529 532 1559 in
553 1538 678 1560 carcere
698 1539 779 1559 mor-

152 1573 228 1611 tuis,
252 1571 348 1604 ceteri
376 1573 409 1603 in
433 1571 581 1603 exsilium
608 1571 782 1602 mittuntur

153 1625 328 1655 eorumque
338 1616 422 1646 bona
437 1614 644 1655 publicantur
655 1615 704 1653 58.
728 1615 781 1645 de-

153 1658 284 1690 cemviri
299 1668 471 1694 sacrorum,
488 1658 603 1698 partim
620 1667 660 1688 ex
677 1658 782 1697 plebe,

154 1701 271 1742 partim
289 1711 327 1732 ex
351 1701 492 1741 patriciis
507 1699 538 1738 6,
554 1708 593 1740 37
613 1704 645 1731 et
662 1709 711 1738 42.
735 1700 781 1730 in-

154 1754 169 1775 s
194 1744 295 1775 iciunt
311 1744 406 1774 libros
422 1743 595 1783 Sibyllinos
612 1752 640 1782 7,
657 1751 705 1782 27.
731 1752 781 1780 21,

179 1797 206 1818 2.
231 1796 328 1825 22,1,
344 1786 384 1826 36
400 1791 430 1817 et
448 1795 497 1826 57.
524 1795 638 1824 25,12.
663 1794 714 1824 31,
735 1795 780 1816 12.

156 1838 208 1869 34,
233 1838 284 1869 55.
317 1838 369 1868 35,
395 1839 423 1871 9.
457 1839 507 1867 41,
535 1828 581 1860 26.
611 1829 782 1859 maioribus

156 1872 268 1903 hostiis
278 1873 455 1903 sacrificant
468 1881 518 1909 22,
533 1881 556 1902 1.
582 1872 707 1902 Graeco
720 1871 782 1902 ritu

155 1915 496 1954 118011111101111112512.
513 1914 781 1954 supplicationem

155 1957 303 1989 indicunt
333 1968 384 1996 4ο,
415 1965 465 1997 37.
503 1957 644 1988 coronati
675 1957 783 1988 laurea

156 2001 414 2050 praetextatique
444 2005 620 2040 sequuntur
649 2000 783 2040 xirgines

155 2043 189 2075 in
210 2044 364 2074 sacrificio
387 2043 521 2074 Iunonis
544 2052 593 2082 27,
615 2051 664 2082 37.
689 2044 783 2074 verla

157 2091 312 2127 praeeunt
336 2087 368 2117 in
397 2091 468 2116 voto
484 2086 704 2135 'concipiendo
731 2096 783 2125 41,

158 2128 208 2161 26.
233 2129 415 2160 Decemviri
426 2130 507 2169 agris
524 2129 605 2159 inter
621 2134 784 2159 veteranos

156 2171 275 2204 milites
289 2172 468 2203 dividendis
483 2172 579 2203 creati
597 2181 648 2210 31,
664 2184 692 2211 4.
719 2172 783 2202 De-

158 2215 306 2246 cemviris
328 2215 382 2255 qui
405 2215 576 2252 nocuisset,
597 2215 665 2245 eius
687 2219 785 2254 caput

159 2257 230 2289 Iovi
255 2268 379 2289 sacrum
404 2266 434 2297 3,
458 2267 507 2298 55.
535 2258 566 2288 111
590 2258 786 2288 decemviros

158 2310 247 2332 acres
260 2301 338 2332 dicit
353 2301 527 2332 sententias
542 2305 671 2332 senatus
688 2310 717 2341 3,
732 2309 781 2342 39.

159 2344 199 2374 cf.
216 2348 249 2374 et
265 2352 315 2382 52.

118 2385 302 2418 Decimatio
317 2386 455 2416 militum
473 2396 502 2424 2,
519 2394 568 2428 59.

117 2430 156 2462 C.
171 2428 339 2460 Decimius
363 2429 492 2466 Flavus,
514 2430 585 2460 trib.
610 2429 706 2460 milit.
736 2436 786 2467 27,

164 2481 213 2510 14.
236 2471 306 2502 eius
321 2471 441 2510 insigne
457 2472 589 2509 factum,
604 2471 680 2503 ibid.

119 2515 157 2547 C.
175 2515 342 2546 Decimius
362 2515 492 2551 Flavus,
514 2520 639 2554 przwtor
661 2518 787 2545 creatur

161 2566 213 2599 39,
237 2566 287 2596 32.
310 2557 439 2588 sortitur
464 2557 713 2588 iurisdictionem
737 2568 785 2588 111-

161 2601 276 2631 banam
294 2601 345 2639 38.
369 2600 502 2631 moritur
517 2609 566 2641 39.

119 2642 156 2675 C.
170 2643 348 2682 Decimius,
369 2643 492 2683 legatus
514 2653 566 2682 42,
588 2651 637 2682 35.
663 2648 788 2683 praetor

162 2695 215 2726 43,
233 2695 279 2726 13.
303 2686 435 2717 sortitur
451 2686 700 2717 iurisdictionem
719 2696 785 2726 pcr-

162 2729 302 2769 egi-inam
331 2737 377 2768 17.
406 2730 528 2770 legatus
545 2730 585 2759 ad
608 2729 784 2760 finiendum

163 2770 246 2802 inter
275 2772 469 2803 Antiochum
501 2776 532 2803 et
565 2772 786 2802 Ptolemaeum

163 2822 252 2854 reges
280 2814 401 2845 bellum
434 2814 671 2856 44,19.011111
700 2815 787 2855 apud

165 2855 311 2887 Rhodios
323 2857 500 2888 moderatio
515 2866 567 2896 45,
586 2867 631 2888 ιο.

124 2898 161 2930 1..
181 2897 366 2946 Decimius,
380 2899 503 2940 legatus
528 2909 580 2938 42,
605 2908 654 2939 37.
682 2904 788 2940 captu-

166 2951 235 2972 rum
252 2940 457 2981 pecuniarum
467 2942 509 2972 ab
521 2942 646 2982 regibus
662 2942 787 2982 lllyrio-

854 298 926 319 rum
942 289 1123 330 suspicione
1137 289 1266 322 infamis
1282 298 1332 330 45.

813 331 862 363 M.
877 331 1056 370 Decimius,
1072 334 1197 374 legatus
1212 342 1264 371 42,
1283 342 1330 374 19.

814 374 915 405 Num.
942 374 1083 406 Decimii
1120 375 1274 407 Samnitis
1304 376 1486 407 interventu

856 417 1038 448 restitutum
1057 419 1214 457 proelium
1233 427 1286 456 22,
1304 427 1352 456 24.

814 460 861 491 Μ.
875 460 1008 495 Decius,
1023 460 1095 492 trib.
1113 461 1156 501 pl.
1173 471 1204 503 9,
1221 470 1274 500 30.

815 502 852 534 Ρ.
867 503 987 534 Decius
1006 503 1093 541 Mus,
1105 503 1295 543 quinquevir
1310 502 1486 534 mensarius

859 550 984 576 creatus
998 554 1088 586 7,21.
1112 547 1184 578 trib.
1195 546 1288 577 milit.
1303 555 1352 585 34.
1377 546 1489 576 eximit

858 588 978 629 ingenti
995 589 1137 629 periculo
1154 590 1320 620 Romanas
1336 589 1489 629 legiones,

858 631 934 663 ibid.
965 636 997 662 et
1024 639 1075 671 35,
1102 631 1153 672 36.
1182 631 1274 663 donis
1296 631 1490 662 militaribus

860 678 990 705 ornatus
1008 684 1028 706 a
1046 675 1177 706 consule
1198 683 1247 714 37.
1272 675 1352 705 duas
1372 684 1391 705 a
1406 674 1488 705 mili-

858 717 944 748 tibus
970 727 1102 749 coronas
1124 717 1338 749 obsidionales
1359 717 1490 757 accipit,

860 760 935 791 ibid.
960 771 1022 791 cos.
1042 761 1072 798 8,
1089 770 1117 800 3.
1141 761 1209 792 eius
1230 760 1389 791 somnium
1407 759 1436 791 6.
1460 760 1490 791 ei

860 803 1040 834 immolanti
1061 813 1173 843 parum
1195 805 1281 834 laeta
1301 807 1377 834 exta
1391 813 1490 843 appa-

860 850 931 876 rent
946 856 976 888 9.
1000 856 1033 877 se
1056 847 1192 877 devovet
1211 856 1268 886 pro
1286 846 1407 886 populo
1425 846 1491 876 Ro-

860 899 956 919 mano
968 889 1224 929 Quiritibusque,
1234 889 1311 920 ibid.
1335 889 1367 919 in
1378 888 1494 919 mediis

861 931 1005 963 hostibus
1025 932 1169 969 moritur,
1184 931 1261 963 ibid.
1287 931 1355 962 eius
1378 941 1493 971 corpus

862 979 990 1014 postero
1014 975 1065 1005 die
1088 975 1256 1005 inventum
1281 974 1365 1005 inter
1390 973 1492 1004 maxi-

862 1027 947 1048 mam
972 1017 1110 1048 hos'tium
1135 1021 1285 1057 stragem,
1304 1021 1493 1056 coopertum

861 1060 935 1090 telis
959 1070 1004 1092 10.
1029 1060 1056 1090 ei
1073 1060 1169 1091 funus
1184 1060 1325 1091 celebrat
1345 1060 1384 1090 T.
1398 1059 1492 1090 Man-

863 1103 936 1140 lius,
952 1113 1014 1134 cos.
1031 1103 1106 1133 ibid.

823 1144 860 1175 P.
875 1145 996 1176 Decius
1014 1145 1102 1183 Mus,
1122 1155 1185 1176 cos.
1206 1155 1237 1187 9,
1260 1145 1298 1175 28
1320 1148 1352 1175 et
1375 1145 1493 1193 2919-

863 1192 955 1227 gatus
980 1197 1029 1226 40.
1058 1198 1121 1219 cos.
1147 1187 1263 1218 iterum
1288 1197 1338 1225 41.
1369 1188 1438 1219 eius
1459 1187 1492 1218 in

865 1230 997 1261 Etruria
1018 1240 1066 1261 res
1086 1231 1167 1261 bene
1185 1234 1305 1270 gestae,
1325 1230 1404 1260 ibid.
1427 1240 1494 1261 ma—

864 1273 960 1313 gister
985 1273 1082 1313 equit.
1119 1285 1170 1312 44.
1201 1283 1311 1303 censor
1340 1271 1391 1311 46.
1427 1273 1496 1304 eius

865 1316 966 1347 oratio
982 1325 1040 1356 pro
1056 1316 1126 1356 lege
1142 1316 1182 1346 de
1198 1315 1344 1355 augendo
1361 1325 1495 1346 numero

865 1359 1066 1390 sacerdotum
1101 1368 1149 1396 10,
1178 1366 1195 1398 7
1225 1362 1258 1389 et
1287 1358 1316 1388 8.
1348 1358 1496 1406 pontifex

865 1406 991 1433 creatur
1005 1411 1034 1443 9.
1058 1401 1190 1432 tertium
1206 1411 1272 1432 cos.
1292 1410 1341 1440 14.
1364 1400 1433 1432 eius
1447 1411 1497 1432 res

865 1449 985 1485 gestae,
999 1444 1075 1475 1b1d
1099 1448 1132 1475 et
1148 1452 1194 1484 15.
1219 1444 1390 1484 proconsul
1407 1443 1497 1474 Sam-

866 1487 984 1518 nitium
1009 1487 1187 1518 exercitum
1217 1486 1353 1526 expellit
1380 1486 1498 1517 finibus

872 1529 918 1562 16.
942 1535 1005 1561 tres
1025 1531 1117 1561 urbes
1137 1530 1169 1561 in
1191 1529 1323 1561 Samnio
1340 1530 1428 1570 capit
1448 1537 1495 1569 17.

867 1577 1016 1613 quartum
1048 1583 1110 1604 cos.
1143 1582 1192 1603 22.
1235 1572 1304 1603 eius
1333 1573 1497 1603 contentio

867 1626 941 1646 cum
959 1615 1060 1646 Fabio
1077 1615 1201 1655 collega
1211 1615 1251 1645 de
1265 1615 1436 1654 provinciis
1447 1625 1497 1652 24.

868 1669 942 1690 cum
959 1669 996 1690 eo
1016 1659 1057 1689 ad
1073 1658 1195 1689 bellum
1218 1657 1428 1697 proficiscitur
1445 1656 1496 1689 26.

869 1711 925 1741 pro
947 1701 1088 1733 exercitu
1111 1701 1260 1732 Romano
1276 1710 1309 1730 se
1332 1700 1405 1731 Diis
1427 1701 1497 1732 Ma·

867 1745 960 1775 nibus
975 1745 1111 1775 devovet
1129 1744 1177 1774 28.
1201 1753 1319 1783 equum
1335 1742 1368 1773 in
1381 1743 1498 1775 Gallos

868 1787 1043 1824 concitans,
1059 1786 1247 1817 interficitur
1265 1795 1313 1827 29.

827 1830 861 1862 Ρ.
881 1830 1001 1861 Decius
1019 1830 1153 1866 Subulo,
1171 1828 1317 1859 triumvir
1336 1827 1498 1860 deducen-

868 1873 916 1904 dis
932 1873 1115 1912 Aquileiam
1132 1871 1253 1902 colonis
1268 1880 1320 1911 43,
1341 1880 1389 1913 19.

828 1917 864 1948 P.
880 1915 1011 1953 Decius,
1028 1916 1150 1956 legatus
1167 1923 1218 1954 45,
1235 1923 1262 1953 3.

828 1959 995 1991 Decumae
1015 1959 1098 1989 duae
1115 1956 1266 1988 frumenti
1288 1960 1423 1988 exactae
1444 1955 1498 1996 36,

870 2012 897 2033 2.
915 2002 953 2032 cf.
971 2006 1002 2032 et
1019 2010 1070 2041 37,

828 2045 1019 2076 Decumana
1038 2048 1132 2084 porta
1149 2047 1324 2074 castrorum
1346 2052 1377 2082 3,
1393 2050 1422 2082 5.
1451 2052 1499 2082 10,

871 2097 919 2126 32.

829 2129 1002 2168 Decuriae,
1014 2129 1044 2160 in
1056 2129 1201 2161 decurias
1212 2130 1323 2160 decem
1337 2127 1498 2159 distributi

870 2178 999 2204 centum
1032 2174 1143 2203 Patres
1173 2177 1244 2213 post
1274 2171 1396 2203 obitum
1434 2172 1499 2202 Ro-

871 2216 951 2246 muli
973 2226 999 2254 1,
1019 2225 1064 2255 17.

831 2259 1035 2295 Decuriatus,
1061 2258 1126 2289 sive
1153 2257 1324 2298 descriptio
1351 2256 1497 2297 equitum

871 2302 902 2332 in
919 2302 1063 2332 decurias
1081 2310 1131 2338 22,
1148 2302 1196 2339 38.

830 2344 986 2376 Dccursio
1013 2343 1172 2375 exercitus
1200 2342 1250 2381 26,
1281 2351 1330 2382 51.
1367 2352 1418 2384 29,
1450 2351 1500 2374 22.

873 2411 989 2426 .......

832 2430 1005 2462 Dedit-atio
1021 2429 1134 2470 templi
1149 2429 1288 2460 consulis
1302 2431 1361 2465 est,
1371 2431 1427 2459 aut
1443 2428 1500 2458 im-

872 2473 1024 2513 peratoris
1039 2483 1069 2514 9,
1086 2481 1136 2511 45.

832 2515 943 2547 Dediti
970 2515 1158 2555 triumphati
1186 2525 1223 2546 ac
1247 2514 1368 2545 venditi
1398 2522 1426 2553 7,
1452 2522 1500 2554 27.

872 2558 987 2590 deditis
1010 2559 1094 2589 ultro
1127 2558 1206 2589 nihil
1232 2558 1348 2588 hostile
1372 2557 1499 2587 illatum

873 2610 925 2640 302
942 2608 969 2640 7·
994 2610 1044 2641 37,
1061 2610 1110 2640 3²·

833 2644 1016 2675 Deditionis
1030 2645 1168 2675 formula
1187 2653 1214 2682 1,
1231 2653 1280 2684 37.

874 2688 925 2724 28
941 2696 990 2726 34-

832 2729 989 2761 Delectus
1011 2739 1040 2767 2,
1063 2739 1112 2769 55-
1137 2739 1167 2769 3,
1188 2729 1238 2769 67.
1264 2740 1294 2767 4,
1320 2738 1346 2766 1,
1370 2727 1500 2766 31.1111-

875 2772 1003 2812 peditur
1028 2785 1059 2812 4,
1085 2772 1114 2804 6.
1141 2772 1172 2809 6,
1197 2781 1246 2811 32.
1277 2782 1339 2802 11011
1369 2781 1407 2800 cx
1433 2775 1500 2799 toto

875 2816 991 2856 passim
1008 2817 1130 2856 populo
1151 2795 1279 2845 linbitus
1300 2826 1329 2851 4,
1346 2811 1500 2851 461111111-

873 2868 964 2889 orum
985 2869 1005 2889 a
1020 2858 1162 2890 Camillo
1185 2857 1325 2891 habitus,
1341 2857 1384 2886 ita
1404 2858 1437 2884 ut
1455 2864 1499 2882 sc-

875 2901 978 2932 niores
998 2911 1125 2940 quoquo
1147 2900 1178 2930 in
1196 2900 1291 2929 sorba
1310 2909 1367 2928 sua
1384 2896 1503 2926 iuratos

875 2943 1066 2975 centuriaret
1084 2942 1116 2979 6.
1138 2950 1165 2980 7.
1195 2941 1265 2972 nino
1286 2938 1503 2971 uacationibus

1307 2651 1335 2682 7,
1351 2651 1401 2681 31.
1419 2642 1457 2673 cs.
1470 2646 1502 2673 et
