1888 3194
410 208 464 246 58
925 204 1073 246 ΤΙΤΙ
1115 205 1293 247 LIVII

205 304 248 336 U.
266 306 303 337 C.
326 307 398 346 580
413 299 505 336 ‘tur
531 311 627 338 cum
659 297 779 339 sociis
806 297 953 354 populi
981 297 1163 339 Romani
1195 297 1352 339 bellum
1379 313 1534 354 gerere.
1599 296 1718 339 Sed
1706 312 1789 339 lam

203 349 241 380 Α·
266 350 303 381 C·
329 359 341 380 1
350 358 397 390 1²
413 353 545 395 ‘ultra
577 355 814 411 superbiam
847 355 1221 411 crudelitatemque
1257 365 1299 397 et
1334 355 1546 397 avaritiam
1580 355 1669 396 eius
1701 370 1788 396 non

412 412 523 467 ‘pati
551 427 670 468 posse
696 412 1075 468 Carthaginienses.
1137 412 1290 454 Missos
1311 428 1412 463 esse,
1435 413 1508 478 qui
1538 421 1703 454 orarent
1726 428 1820 465 se-9

412 474 594 520 ‘natum,
617 479 663 511 ut
685 470 811 511 trium
837 470 987 511 harum
1006 485 1144 511 rerum
1165 486 1290 512 unam
1312 471 1363 512 ab
1385 485 1427 512 se
1448 470 1659 527 impetrari
1679 470 1789 512 sine-

411 531 553 568 ‘rent2
587 536 634 568 ut
653 526 719 568 vel
739 543 792 568 ex
817 542 952 583 aequo
972 527 1084 584 apud
1104 528 1262 569 socium
1292 527 1506 584 populum,
1528 527 1632 583 quid
1651 527 1789 568 cuius-

412 589 517 640 ⁶que
540 594 659 634 esset,
681 584 985 641 disceptarent:
1018 584 1084 626 vel
1110 586 1402 641 permitterent
1432 584 1788 641 Carthaginiensi-

411 642 524 691 ⁶bus,
546 651 593 683 ut
617 642 695 683 adv
686 657 810 683 ⁷ersus
838 643 990 684 iniusta
1017 657 1130 683 arma
1158 642 1227 708 pio
1254 643 1448 698 iustoque
1479 657 1521 684 se
1553 650 1788 683 tutarentur

411 704 421 722 ⁶
435 699 566 741 bello:
600 700 666 741 vel
686 700 739 740 ad
760 708 1008 749 extremum,
1025 700 1059 740 si
1079 700 1211 756 gratia
1230 699 1335 755 plus,
1354 714 1479 755 quam
1494 700 1657 749 veritas,
1674 699 1788 755 apud

410 761 422 780 ⁶
434 772 504 798 eos
524 757 692 806 valeret,
712 757 840 798 semel
860 766 1102 806 statuerent,
1121 757 1224 812 quid
1244 757 1444 798 donatum
1464 772 1519 798 ex
1539 756 1674 798 alieno
1691 756 1787 798 Ma-

409 814 600 855 ⁶sinissae
622 814 789 855 vellent.
852 814 1090 855 Modestius
1110 823 1220 855 certe
1242 814 1410 855 daturos
1430 829 1513 863 eos,
1535 823 1578 855 et
1598 814 1785 864 scituros,

409 876 421 894 ⁶
434 872 537 927 quid
553 871 791 912 dedissent:
824 871 962 927 ipsum
982 871 1158 920 nullum,
1172 880 1464 927 praeterquam
1484 886 1580 912 suae
1601 870 1787 912 libidinis

409 933 421 951 ⁶
432 929 613 978 arbitrio,
635 929 763 969 finem
791 928 1008 970 facturum.
1070 928 1237 969 Horum
1258 928 1292 969 si
1312 929 1418 970 nihil
1437 929 1721 985 impetrarent,
1743 937 1787 970 et

408 985 603 1042 ‘aliquod
629 1001 750 1027 suum
778 994 872 1043 post
901 986 1041 1027 datam
1068 1001 1092 1027 a
1113 985 1160 1027 P.
1183 985 1377 1042 Scipione
1409 1001 1555 1043 pacem
1585 985 1786 1027 delictum

409 1048 551 1093 ⁶esset,
574 1044 653 1100 ipsi
677 1044 815 1100 potius
835 1044 1214 1090 animadverterent
1243 1044 1288 1085 in
1318 1059 1372 1085 se.
1435 1044 1590 1086 Tutam
1611 1043 1786 1085 servitu-

409 1106 516 1142 ⁶tem
539 1117 581 1143 se
603 1102 679 1143 sub
701 1101 880 1143 dominis
902 1101 1117 1151 Romanis,
1140 1117 1265 1158 quam
1295 1101 1528 1143 libertatem
1553 1101 1786 1166 expositam

408 1159 515 1199 ‘ad
505 1159 674 1200 miurias
695 1158 953 1209 Masinissae,
975 1159 1110 1200 malle.
1173 1159 1315 1200 Perire
1336 1174 1517 1215 namque
1538 1158 1696 1200 semel
1685 1158 1786 1224 ipsis

407 1216 558 1258 ‘satius
586 1232 686 1267 esse,
709 1232 835 1273 quam
863 1218 938 1258 sub
970 1217 1221 1258 acerbissimi
1249 1217 1453 1258 carnificis
1477 1216 1645 1258 arbitrio
1666 1215 1786 1272 spiri-

406 1279 520 1314 ‘tum
541 1274 706 1316 ducere.
711 1275 720 1291 ⁹
782 1274 868 1316 Sub
893 1275 995 1316 haec
1016 1274 1129 1316 dicta
1158 1274 1418 1315 lacrimantes
1446 1275 1782 1353 procubuerunt3

405 1340 463 1372 sti
464 1341 605 1387 atique
631 1332 761 1382 humi,
784 1348 869 1373 non
890 1333 967 1373 sibi
988 1333 1117 1388 magis
1138 1332 1474 1382 misericordiam,
1497 1347 1623 1388 quam
1643 1331 1781 1388 regi&

405 1387 656 1446 Interrogari
682 1389 906 1431 Gulussam
935 1390 1104 1446 placuit,
1128 1390 1231 1446 quid
1251 1390 1304 1430 ad
1324 1405 1373 1430 ea
1392 1389 1676 1445 responderet,
1698 1398 1782 1439 aut,

405 1447 437 1487 si
459 1447 573 1502 prius
569 1425 752 1497 ζ11101101,
775 1457 1050 1503 expromeiet,
1074 1462 1198 1504 super
1218 1462 1301 1502 qua
1320 1463 1364 1488 10
1388 1447 1568 1488 Romam
1588 1447 1781 1488 venisset.

408 1503 602 1554 Gulussa,
622 1511 633 1528 ⁶
648 1504 801 1561 Neque
822 1505 900 1546 sibi
921 1505 1039 1546 facile
1062 1505 1176 1555 esse,’
1196 1504 1316 1554 dixit,
1336 1510 1348 1528 ⁶
1360 1505 1444 1545 (10
1433 1505 1484 1545 115
1504 1505 1626 1545 iebus
1646 1519 1782 1560 agere,

405 1567 418 1585 ⁶
433 1561 485 1603 de
507 1563 658 1618 quibus
678 1563 783 1603 nihil
804 1563 990 1604 mandati
1020 1578 1044 1603 a
1073 1571 1189 1619 patre
1210 1562 1403 1604 habe1·:et
1436 1577 1574 1618 neque
1595 1562 1701 1617 patri
1723 1562 1785 1602 fa-

404 1625 415 1642 ⁶
431 1619 508 1661 0110
529 1620 653 1661 fuisse
675 1620 885 1670 mandare,
904 1635 1034 1676 quum
1059 1620 1439 1675 Carthaginienses,
1461 1635 1540 1661 nec
1561 1619 1613 1660 de
1634 1634 1718 1675 qua
1737 1634 1782 1661 re

404 1683 415 1700 ⁶
432 1678 564 1718 acturi
594 1687 743 1727 essent,
766 1693 843 1719 nec
865 1678 1036 1719 omnino
1057 1678 1186 1719 ituros
1211 1693 1253 1719 se
1277 1677 1470 1727 Romam,
1492 1676 1780 1719 indicaverint.

404 1740 414 1757 ⁶
431 1734 483 1776 In
513 1735 616 1776 aede
642 1735 882 1791 Aesculapii
915 1735 1220 1777 clandestinum
1249 1750 1318 1776 eos
1347 1750 1422 1791 per
1451 1734 1610 1790 aliquot
1639 1743 1783 1776 noctes

404 1797 415 1815 ⁶
431 1792 650 1833 consilium
681 1793 918 1849 principum
943 1792 1147 1843 habuisse,
1170 1792 1282 1833 unde
1304 1801 1519 1849 praeterea
1537 1792 1693 1848 legatos
1712 1807 1812 1834 oc-2

404 1850 552 1891 ‘cultis
583 1866 680 1892 cum
711 1850 916 1891 mandatis
939 1850 1120 1892 Romam
1145 1850 1265 1891 mitti.
1329 1849 1435 1890 Eam
1462 1864 1629 1891 causam
1655 1849 1780 1891 fuisse

403 1908 537 1963 ‘patri
568 1908 763 1949 mittendi
793 1922 835 1948 se
865 1908 1058 1956 Romam,
1081 1907 1155 1963 qui
1175 1907 1470 1962 deprecaretur
1499 1915 1702 1956 senatum,
1725 1921 1779 1948 ne

403 1964 534 2020 ‘quid
569 1965 859 2006 communibus
898 1964 1076 2005 inimicis
1116 1964 1430 2005 criminantibus
1465 1978 1508 2005 se
1547 1963 1779 2014 crederent,

402 2027 556 2077 ‘quem
587 2022 639 2063 ob
671 2021 827 2062 nullam
859 2021 981 2062 aliam
1009 2036 1186 2070 causam,
1213 2021 1293 2061 nisi
1322 2029 1493 2077 propter
1521 2029 1780 2062 constantem

402 2084 413 2102 ⁶
428 2079 557 2120 fidem
578 2094 676 2135 erga
695 2079 898 2135 populum
920 2078 1173 2128 Romanum,
1196 2078 1406 2119 odissent.'
1467 2077 1548 2119 His
1568 2079 1778 2135 utrimque

400 2136 564 2186 auditis,
590 2146 768 2186 senatus,
791 2136 843 2178 de
873 2135 1091 2192 postulatis
1113 2135 1521 2191 Carthaginiensium
1552 2135 1777 2201 consultus,

400 2193 650 2250 respondere
679 2194 738 2234 ita
757 2194 895 2234 iussit:
932 2199 943 2217 ⁶
959 2192 1181 2234 Gulussam
1203 2193 1365 2248 placere
1387 2193 1628 2259 extemplo
1618 2209 1663 2234 1n
1684 2193 1810 2246 Nu-3

401 2257 413 2275 ⁶
428 2251 600 2292 midiam
630 2251 847 2307 proficisci,
877 2260 919 2292 et
948 2250 1140 2291 nuntiare
1172 2251 1291 2306 patri,
1320 2259 1367 2291 ut
1387 2250 1439 2292 de
1467 2252 1529 2301 1is,
1551 2251 1604 2292 de
1625 2251 1778 2307 quibus

401 2315 412 2332 ⁶
431 2308 796 2374 Carthaginienses
818 2317 1058 2364 querantur,
1085 2308 1243 2363 legatos
1264 2323 1389 2364 quam
1420 2309 1602 2364 primum
1632 2308 1686 2350 ad
1715 2323 1779 2350 se—

400 2374 411 2390 ⁶
427 2376 572 2408 natum
594 2366 755 2413 mittat3
787 2366 1091 2422 denuntietque
1112 2365 1540 2422 Carthaginiensibus,
1558 2375 1605 2408 ut
1625 2366 1678 2408 ad
1693 2366 1778 2408 dis-

259 1390 325 1428 24.

196 1445 339 1476 Gulussa

196 1488 339 1519 defendit

195 1536 328 1570 patrem.

193 2087 329 2118 Senatus

192 2139 388 2170 responsum.

440 2504 459 2534 9
482 2495 600 2524 Illissos
623 2495 704 2532 esse]
738 2495 856 2524 Missos
879 2505 944 2525 sese
971 2503 1010 2524 cx
1035 2504 1064 2524 e-

399 2536 607 2566 mendatione
618 2536 758 2567 Gronov.
770 2537 911 2575 reposuit
926 2536 1064 2567 Bekker.

445 2589 456 2608 1
484 2581 586 2615 Quam
602 2581 669 2618 reyi
685 2602 692 2609 .
710 2603 716 2610 .
734 2580 759 2617 .]
792 2579 982 2618 Expleveris
996 2589 1063 2609 sen-

399 2631 480 2659 sum,
491 2622 515 2651 si
528 2632 567 2651 ex
581 2621 700 2660 Sigonii
715 2626 822 2651 niente
838 2622 968 2651 adiicias
983 2623 1063 2652 invi-

398 2666 481 2694 diam
504 2666 716 2701 concitarunt,
733 2669 763 2694 ct
784 2665 896 2695 deinde
918 2670 993 2694 ante
1015 2666 1062 2694 1η-

399 2707 556 2745 ίεννοῃανί
582 2716 727 2745 1011011115,
773 2708 925 2737 Ceterum
955 2717 1064 2736 seusus

399 2748 566 2785 constabit,
581 2753 617 2778 ut
640 2749 922 2779 Drakenborchius
943 2754 1064 2787 monet,

399 2793 424 2822 si
441 2792 555 2822 vocula
568 2792 680 2822 deinde
696 2791 870 2821 omittatur.

443 2844 459 2864 2
488 2835 578 2865 Unde
589 2835 774 2873 praeterea]
802 2833 906 2864 Locus
921 2843 1064 2869 mancus,

398 2888 417 2907 a
432 2877 498 2910 solo
514 2881 622 2907 tamen
638 2876 764 2908 Clerico
781 2877 973 2906 observatus.
1017 2877 1065 2906 Ea

400 2921 523 2950 videtur
545 2929 635 2950 mens
657 2918 750 2949 fuisse
774 2918 868 2954 Livii,
889 2925 925 2948 ut
947 2919 1064 2949 Gulus-

398 2972 463 2993 sam
491 2963 607 2993 111001·οῒ
635 2961 806 2999 dicentem,
834 2961 912 2992 nihil
942 2967 1063 3001 patrem

1109 2504 1200 2523 suum
1218 2505 1257 2524 cx
1277 2494 1314 2525 iis
1330 2505 1411 2534 quae
1431 2500 1504 2527 aeta
1526 2496 1644 2527 fuerint
1664 2497 1698 2528 in
1720 2497 1778 2528 illo

1110 2536 1241 2567 consilio
1271 2537 1374 2575 scisse,
1404 2543 1627 2579 praeterquam
1657 2540 1778 2588 legatos

1109 2579 1248 2609 Romam
1280 2580 1375 2611 mitti.
1422 2581 1529 2611 Verba
1558 2583 1682 2621 assequi
1711 2593 1777 2613 non

1108 2631 1165 2660 pos
1167 2631 1276 2652 sumus
1313 2622 1380 2652 sinc
1418 2623 1513 2654 libris.
1551 2624 1656 2655 Cam.
1716 2625 1777 2655 Vir

1108 2664 1237 2702 quidam
1260 2665 1372 2694 doctus
1392 2666 1433 2695 ad
1456 2666 1629 2705 marginem
1646 2667 1694 2697 ed.
1711 2667 1775 2698 Ou-

1108 2706 1203 2736 rionis
1220 2717 1328 2737 1000111
1348 2708 1475 2746 placuit
1498 2713 1569 2747 post
1590 2710 1672 2739 mitti
1693 2709 1775 2739 inse-

1108 2749 1238 2779 rendam
1268 2749 1421 2788 ascripsit.
1470 2750 1638 2782 Bekkerus
1667 2751 1775 2782 locum

1109 2792 1201 2822 obelo
1217 2792 1350 2822 notavit.

1152 2843 1168 2872 3
1192 2835 1451 2874 Bespondereita
1462 2836 1570 2874 iussit]
1594 2846 1637 2866 sc.
1655 2835 1776 2876 Magis·

1108 2880 1240 2909 tratum.
1255 2888 1274 2906 a
1290 2887 1352 2916 quo
1369 2878 1532 2909 consultus
1548 2882 1627 2917 erat,
1643 2879 1774 2910 fortasse

1110 2923 1297 2959 praetorem.
