1888 3194
324 174 406 213 154
830 169 979 212 ΤΙΤΙ
1017 168 1198 211 LIVII

114 269 161 300 U.
177 269 216 301 C.
238 269 310 309 584
322 259 662 315 munitionesque
685 259 770 300 vim
791 259 940 309 facere,
965 258 1184 300 ‘confeitis
1205 265 1248 299 et
1268 257 1353 298 vim
1373 257 1621 300 facientibus
1647 273 1714 300 re-

113 312 154 344 A.
177 312 216 345 C·
240 311 309 345 ¹⁶8·
325 317 491 358 ‘sistere
521 316 780 358 Macedonas
812 331 899 357 non
933 331 1076 372 posse:
1113 330 1166 356 ex
1197 324 1259 356 tot
1291 315 1467 356 castellis
1497 316 1713 371 aliquanto

325 373 564 415 ‘altioribus
594 389 641 414 ac
672 373 980 422 munitioribus,
1002 388 1110 428 quae
1131 372 1278 413 validis
1299 372 1516 427 praesidiis
1535 372 1713 414 insedis-

325 437 455 480 ‘sent,
496 431 632 486 priore
674 445 784 472 anno
824 430 1020 471 deiectos.
1026 430 1035 446 ’
1095 429 1204 470 Aliis
1244 428 1447 484 placebat,
1487 428 1711 470 Octavium

323 503 418 529 cum
441 487 567 528 classe
585 487 927 528 Thessalonicam
948 494 1105 551 petere,
1123 494 1166 527 et
1186 485 1457 542 populatione
1479 486 1712 527 maritimae

323 560 418 586 orae
440 544 687 600 distringere
709 544 849 599 copias
873 544 1029 599 regias:
1065 552 1123 592 ut,
1146 543 1276 584 altero
1297 543 1348 583 ab
1370 551 1488 598 tergo
1509 557 1552 583 se
1574 550 1714 583 osten-

322 601 449 642 dente
471 601 595 650 bello,
617 601 893 642 circumactus
921 600 975 640 ad
1001 600 1243 640 interiorem
1268 608 1429 655 partem
1450 599 1570 655 regni
1591 608 1714 640 tuen-

322 658 432 707 dam,
454 657 613 698 nudare
636 657 776 712 aliqua
800 665 916 712 parte
939 657 1135 697 transitus
1157 656 1311 711 Enipei
1332 665 1562 711 cogeretur.
1624 655 1712 712 Ipsi
1727 664 1744 697 7

321 724 471 756 natura
491 723 533 755 et
554 714 748 769 operibus
769 712 1117 768 inexsuperabilis
1138 712 1228 767 ripa
1247 712 1487 753 videbatur:
1521 723 1575 762 et,
1592 728 1713 768 prae-

322 780 514 826 terquam
535 770 651 825 quod
679 778 886 810 tormenta
907 770 1063 824 ubique
1090 768 1289 824 disposita
1315 776 1465 818 essent,
1488 769 1713 811 missilibus

322 828 447 869 etiam
484 827 633 867 melius
669 835 711 867 et
743 827 918 867 certiore
955 826 1042 866 ictu
1081 825 1221 866 hostes
1252 825 1314 866 uti
1349 825 1550 867 audierat.
1613 825 1713 867 Alio

321 884 536 940 spectabat
560 898 678 924 mens
700 891 787 924 tota
807 883 948 924 ducis·
982 882 1236 938 dimissoque
1259 882 1432 924 consilio
1453 882 1713 924 Perrhaebos

321 950 582 990 mercatores,
618 939 813 982 Coenum
848 948 891 981 et
926 939 1239 995 Menophilum,
1272 948 1397 981 notae
1432 939 1516 980 iam
1552 939 1631 981 sibi
1669 948 1714 981 et

319 998 420 1039 fidei
437 1006 481 1039 et
500 997 750 1054 prudentiae
772 997 976 1047 homines,
992 997 1206 1038 arcessitos
1223 1005 1381 1038 secreto
1402 1004 1711 1052 percunctatur,

321 1054 465 1120 quales
500 1054 554 1095 ad
586 1054 883 1096 Perrhaebiam
917 1055 1113 1095 transitus
1149 1054 1243 1095 sint.
1307 1053 1463 1118 Quum
1499 1053 1591 1095 loca
1624 1069 1712 1095 non

320 1112 466 1176 iniqua
487 1127 574 1153 esse
596 1111 799 1161 dicerent
821 1111 1038 1176 praesidiis
1059 1119 1199 1152 autem
1230 1111 1354 1166 regiis
1375 1110 1569 1161 obsideri,
1592 1126 1711 1167 spem

320 1170 444 1225 cepit,
467 1169 500 1209 si
520 1177 643 1209 nocte
666 1169 890 1224 improviso
911 1168 1049 1209 valida
1069 1183 1197 1209 manu
1218 1182 1434 1232 aggressus
1454 1168 1712 1232 necopinan-

321 1234 382 1266 tes
399 1235 518 1274 esset,
535 1225 658 1266 deiici
679 1226 886 1281 praesidia
906 1240 1037 1281 posse.
1101 1231 1113 1249 ‘
1126 1225 1267 1266 Iacula
1287 1224 1400 1265 enim
1422 1233 1464 1265 et
1484 1225 1653 1280 sagittas
1669 1233 1713 1266 et

323 1288 488 1324 ‘cetera
517 1282 727 1323 missilia
716 1298 761 1323 m
791 1283 987 1332 teneblis,
1010 1282 1095 1332 ubi,
1119 1282 1222 1338 quid
1243 1289 1422 1338 petatur,
1445 1281 1592 1346 procul
1615 1296 1712 1337 pro-

322 1339 479 1380 ‘videri
499 1348 695 1394 nequeat,
718 1339 881 1380 inutilia
902 1354 1014 1380 esse:
1047 1339 1188 1395 gladio
1210 1339 1400 1380 cominus
1430 1338 1520 1394 geri
1546 1353 1636 1379 rem
1665 1339 1712 1380 in

323 1396 555 1452 ‘permixta
585 1397 717 1445 turba,
751 1411 835 1451 quo
866 1396 986 1436 miles
1019 1395 1236 1437 Romanus
1257 1395 1423 1436 vincat!
1483 1394 1564 1436 His
1592 1395 1712 1436 duci-

319 1453 397 1494 bus
418 1467 578 1501 usurus,
601 1462 834 1508 praetorem
859 1452 1082 1494 Octavium
1104 1453 1357 1502 arcessitum,
1379 1452 1584 1508 exposito,
1607 1451 1712 1508 quid

321 1518 498 1565 pararet,
527 1509 780 1550 Heracleum
812 1525 907 1551 cum
935 1509 1062 1551 classe
1090 1518 1232 1565 petere
1258 1510 1387 1559 iubet,
1419 1519 1462 1550 et
1492 1509 1605 1550 mille
1636 1509 1713 1550 ho-

112 1566 311 1599 Nasicacum
324 1567 505 1607 minibus
525 1567 671 1607 decem
693 1567 855 1607 dierum
882 1574 1000 1608 cocta
1022 1566 1178 1607 cibaria
1206 1566 1373 1607 habere.
1434 1565 1531 1622 Ipse
1553 1565 1601 1607 P.
1622 1565 1712 1608 Sci-

111 1619 308 1682 fiffiffisnss'it
322 1624 492 1679 pionem
520 1623 730 1672 Nasicam,
756 1623 809 1671 Ω.
829 1623 1003 1664 Fabium
1028 1623 1265 1665 Maximum
1296 1622 1431 1664 filium
1461 1638 1583 1664 suum
1613 1628 1743 1665 cum8

111 1694 190 1724 titur
204 1695 246 1725 ad
324 1681 511 1736 quinque
534 1680 707 1721 delectis
738 1680 921 1721 millibus
944 1680 1198 1721 Heiacleum
1229 1680 1370 1730 mittit,
1392 1679 1508 1721 velut
1537 1680 1711 1722 classem

112 1736 279 1777 Pythium.
323 1752 620 1778 conscensuros
650 1737 704 1778 ad
740 1738 989 1778 maritimam
1025 1752 1140 1778 oram
1175 1737 1385 1778 interioris
1417 1737 1709 1788 Macedoniae,

323 1795 438 1850 quod
468 1794 512 1835 in
542 1794 715 1836 consilio
740 1795 941 1851 agitatum
967 1803 1068 1844 erat,
1090 1794 1343 1836 vastandam.
1409 1794 1579 1836 Secreto
1599 1794 1711 1835 indi-

321 1861 474 1901 catum,
497 1851 651 1892 cibaria
680 1851 745 1892 his
775 1861 1018 1908 praeparata
1044 1851 1098 1892 ad
1123 1851 1293 1892 classem
1315 1866 1417 1901 esse,
1439 1866 1493 1892 ne
1515 1851 1619 1907 quid
1639 1866 1710 1892 eos

321 1916 562 1949 moraretur.
624 1908 766 1949 Inde
756 1924 855 1949 IUSSI
877 1909 1004 1949 duces
1034 1908 1194 1949 itineris
1225 1908 1284 1948 ita
1310 1908 1496 1948 dividere
1517 1909 1640 1956 viam,
1662 1917 1709 1949 ut

321 1973 468 2020 quarta
503 1964 644 2019 vigilia
679 1965 802 2005 tertio
838 1965 906 2005 die
940 1965 1143 2020 Pythium
1179 1964 1330 2005 adoriri
1364 1972 1544 2020 possent.
1613 1963 1742 2020 Ipse9

319 2031 488 2077 postero
524 2021 605 2070 die,
642 2029 689 2061 ut
724 2021 931 2062 detineret
965 2036 1106 2085 regem
1146 2020 1197 2061 ab
1229 2020 1534 2076 circumspectu
1569 2036 1709 2062 rerum

320 2077 506 2127 aliarum,
533 2078 667 2133 prima
696 2077 788 2118 luce
822 2077 960 2118 medio
992 2078 1036 2117 in
1063 2077 1180 2118 alveo
1208 2092 1304 2118 cum
1335 2077 1584 2119 stationibus
1613 2078 1710 2120 hos-

114 2135 266 2166 Proelia
257 2146 290 2165 11¹
322 2135 428 2175 tium
457 2134 663 2189 proelium
688 2134 918 2175 commisit.
951 2143 1270 2199 pugnatumque
1296 2134 1507 2190 utrimque
1535 2143 1598 2176 est
1626 2135 1710 2177 levi

112 2178 204 2259 ἶξῑθο
221 2177 298 2209 Eni
321 2198 551 2240 armatura3
593 2206 671 2232 nec
706 2191 963 2246 gravioribus
995 2192 1118 2232 armis
1153 2191 1197 2231 in
1231 2200 1316 2232 tam
1351 2191 1562 2247 inaequali
1591 2191 1710 2234 alveo

320 2248 499 2304 pugnari
518 2256 692 2304 poterat.
738 2248 978 2289 Descensus
998 2248 1111 2304 ripae
1135 2248 1351 2304 utriusque
1373 2248 1417 2288 in
1438 2248 1605 2290 alveum
1626 2257 1710 2291 tre-

321 2313 539 2346 centorum
566 2305 695 2346 ferme
727 2320 922 2361 passuum
944 2314 1054 2347 erat:
1088 2305 1275 2346 medium
1297 2305 1478 2361 spatium
1500 2306 1707 2357 torrentis,

321 2361 418 2402 alibi
446 2361 565 2402 aliter
596 2362 740 2411 cavati,
768 2362 907 2418 paullo
937 2362 1031 2419 plus
1052 2377 1179 2417 quam
1210 2361 1323 2403 mille
1354 2377 1497 2418 passus
1526 2363 1706 2418 patebat.

321 2418 387 2459 Ibi
422 2419 466 2458 in
501 2418 654 2468 medio,
688 2420 972 2475 spectantibus
1004 2420 1216 2476 utrimque
1251 2434 1304 2460 ex
1339 2419 1446 2460 vallo
1480 2427 1708 2461 castrorum

321 2475 420 2516 hinc
440 2490 552 2531 rege,
575 2475 673 2516 hinc
695 2476 864 2517 consule
887 2492 983 2518 cum
1004 2492 1088 2518 suls
1108 2476 1355 2532 legionibus,
1377 2484 1612 2533 pugnatum
1632 2485 1706 2519 est.

322 2601 502 2632 istimamus
532 2602 660 2633 Livium
693 2603 800 2642 potius
833 2603 994 2644 scripsisse

323 2645 498 2675 minoribus
535 2650 626 2675 natu.
693 2646 868 2676 Fervidum
907 2646 993 2676 enim

323 2686 405 2716 illud
436 2686 605 2717 consilium
636 2687 803 2718 faciendae
833 2688 892 2718 sibi
924 2688 993 2718 viae

324 2738 381 2767 per
424 2728 525 2767 ripam
573 2728 690 2767 Enipei
735 2730 993 2770 munitionesque

323 2770 424 2809 magis
438 2771 522 2810 sapit
538 2770 711 2800 iuvenilem
727 2773 885 2810 ardorem,
897 2782 993 2811 quam

322 2813 455 2843 senilem
474 2813 688 2851 prudentiam.
713 2814 818 2844 CREV.

367 2861 383 2893 7
407 2856 494 2894 Ipsi]
523 2854 672 2885 Aemilio.

369 2897 388 2926 8
421 2898 458 2935 Q.
490 2898 629 2928 Fabium
667 2898 853 2929 Affaximum
881 2899 993 2937 filium

1038 2604 1149 2642 suum]
1177 2604 1308 2643 Nempe
1328 2604 1354 2635 is
1373 2605 1548 2644 adoptatus
1566 2605 1671 2636 fuerat
1689 2616 1710 2636 a

1040 2646 1083 2682 Q.
1109 2646 1210 2677 Fabio
1237 2646 1397 2684 Maximo,
1423 2651 1521 2686 atque
1546 2648 1628 2678 adeo
1654 2657 1708 2678 no-

1038 2689 1127 2718 mina
1164 2688 1263 2727 patris
1298 2688 1348 2718 sui
1384 2689 1528 2728 adoptivi
1567 2690 1708 2728 gerebat.

1039 2731 1145 2762 CREv.

1081 2782 1100 2813 9
1124 2773 1295 2811 Pythium]
1336 2772 1513 2812 Templum
1545 2772 1709 2812 Apollinis

1040 2814 1203 2854 Pythii‚et
1213 2815 1381 2845 castellum
1392 2814 1425 2844 in
1435 2824 1562 2844 summo
1573 2815 1708 2855 Olympi

1037 2856 1111 2929 gigo
1127 2857 1278 2896 positum.
1317 2856 1393 2887 Vid.
1409 2857 1498 2887 Plut.
1510 2856 1542 2887 in
1556 2856 1708 2888 Aemilio.

1069 2908 1144 2929 REV.
