1888 3194
499 140 780 183 LIBROR.
828 138 1129 182 DEPERD.
1428 147 1510 186 265

125 231 272 280 Quum
305 231 368 274 M.
387 230 579 273 Antonio
611 230 719 271 vires
750 230 926 271 Asinius
961 243 1131 285 quoque
1165 228 1302 271 Pollio
1336 238 1380 271 et
1413 231 1514 272 Mu-

121 289 261 330 natius
281 287 474 337 Plancus,
497 302 595 328 cum
615 287 870 328 exercitibus
898 286 983 328 suis
1007 285 1210 336 adiuncti,
1231 285 1512 342 ampliassent,

121 354 166 387 et
204 346 260 387 D.
283 343 453 394 Brutus,
490 344 559 385 cui
598 353 780 393 senatus,
817 352 864 385 ut
903 351 1226 400 persequeretur
1260 343 1514 394 Antonium,

121 402 404 451 mandaverat,
435 400 606 442 relictus
636 416 662 442 a
690 400 926 456 legionibus
956 400 1054 450 suis,
1084 399 1362 457 profugisset3
1400 400 1516 441 iussu

122 459 317 508 Antonii,
343 459 387 499 in
418 459 537 499 cuius
567 466 818 514 potestatem
843 466 1028 508 venerat,
1057 472 1082 498 a
1110 458 1284 513 Capeno
1318 456 1516 513 Sequano

120 515 364 557 interfectus
392 524 466 556 est.
529 516 577 556 C.
597 516 752 556 Caesar
777 529 924 570 pacem
953 529 1050 555 cum
1073 514 1265 555 Antonio
1286 523 1329 555 et
1349 514 1517 570 Lepido

121 572 245 614 fecit:
279 573 338 614 ita
367 582 414 614 ut
447 572 609 613 tresviri
642 572 897 628 reipublicae
932 571 1252 613 constituendae
1284 586 1361 627 per
1391 572 1517 628 quin-

121 630 356 686 quennium
378 639 516 671 essent
537 629 638 685 ipse,
662 639 705 670 et
726 629 930 685 Lepidus,
953 638 996 670 et
1016 628 1258 678 Antonius3
1291 637 1333 670 et
1353 637 1401 670 ut
1421 643 1518 670 suos

120 687 299 743 quisque
350 687 542 728 inimicos
591 687 911 742 proscriberent.
985 685 1037 727 In
1083 701 1169 742 qua
1212 685 1517 742 proscriptione

120 743 292 801 plurimi
325 744 489 800 equites
521 743 720 793 Romani,
750 752 921 785 centum
960 743 1132 800 triginta
1167 752 1407 785 senatorum
1443 758 1519 784 no-

121 801 237 843 mina
266 801 450 850 fuerunt,
473 809 517 842 et
548 801 659 842 inter
686 816 757 842 eos
790 800 838 841 L.
858 800 1010 850 Paulli,
1031 800 1168 841 fratris
1200 800 1261 841 M.
1281 799 1452 856 Lepidi,
1475 809 1517 842 et

123 857 173 899 L.
193 859 396 908 Caesaris,
435 858 613 899 Antonii
654 857 864 907 avunculi,
902 866 945 899 et
983 858 1044 898 M.
1070 857 1298 899 Ciceronis.
1361 856 1517 907 Huius,

122 915 247 957 occisi
283 931 307 957 a
343 915 526 971 Popillio
561 915 792 971 legionario
828 915 973 964 milite,
1011 929 1143 970 quum
1179 914 1352 956 haberet
1387 929 1520 956 annos

122 973 340 1028 sexaginta
369 981 463 1022 treS,
486 981 613 1027 caput
634 987 804 1027 quoque
833 986 929 1012 cum
951 972 1101 1012 dextra
1129 986 1255 1012 manu
1284 972 1329 1012 in
1356 971 1520 1013 Rostris

122 1029 304 1085 positum
336 1038 409 1071 est.
472 1029 696 1070 Praeterea
723 1043 787 1070 res
815 1043 837 1069 a
867 1029 928 1070 M.
950 1027 1084 1070 Bruto
1109 1028 1153 1069 in
1177 1027 1357 1069 Graecia
1383 1037 1520 1084 gestas

121 1095 323 1128 continet.

738 1319 906 1361 CXXI.

129 1435 179 1477 C.
198 1434 418 1477 CASSIU
427 1433 468 1484 S,
491 1434 559 1475 cui
585 1434 830 1474 mandatum
853 1448 876 1474 a
897 1440 1046 1473 senatu
1066 1439 1168 1481 erat,
1191 1441 1238 1473 ut
1259 1430 1524 1474 Dolabellam

126 1493 289 1534 hostem
321 1491 551 1532 iudicatum
580 1491 692 1532 bello
720 1498 1055 1547 persequeretur,
1078 1489 1323 1531 auctoritate
1355 1490 1524 1546 reipub-

127 1549 230 1591 licae
252 1548 434 1598 adiutus,
460 1548 621 1604 Syriam
644 1563 740 1588 cum
763 1548 894 1588 tribus
919 1546 1186 1596 exercitibus,
1210 1547 1282 1602 qui
1309 1547 1353 1587 in
1374 1547 1525 1588 eadem

127 1606 343 1672 provincia
363 1616 495 1654 erant,
519 1605 562 1645 in
583 1613 832 1661 potestatem
861 1619 978 1645 suam
1007 1603 1181 1659 redegit.
1246 1603 1523 1653 Dolabellam,

128 1680 173 1705 ln
195 1664 296 1705 urbe
320 1662 530 1704 Laodicea
550 1663 776 1711 obsessum,
799 1661 904 1702 mori
926 1660 1075 1716 coegit.
1132 1662 1192 1702 M.
1209 1675 1379 1716 quoque
1403 1660 1525 1702 Bruti

128 1721 240 1762 iussu
264 1721 312 1762 C.
333 1720 547 1762 Antonius
568 1729 727 1776 captuS‚
751 1718 912 1760 occisus
933 1726 1006 1758 est.

732 2004 926 2046 CXXII.

133 2126 196 2169 M.
221 2125 473 2168 BRUTUS
494 2124 690 2166 adversus
712 2123 900 2164 Thracas
924 2135 1121 2178 prospere
1145 2135 1233 2162 rem
1253 2121 1406 2176 gessit:
1441 2136 1530 2163 om-

131 2185 339 2240 nibusque
373 2181 656 2224 transmarinis
686 2180 912 2237 provinciis
942 2178 1282 2234 exercitibusque
1315 2178 1360 2219 in
1391 2188 1530 2235 potes-

135 2251 262 2283 tatem
288 2241 378 2281 eius
403 2250 445 2281 ct
472 2240 519 2281 C.
540 2238 671 2280 Cassii
698 2237 889 2286 redactis,
912 2236 1104 2277 coierunt
1127 2235 1330 2292 Smyrnae
1352 2245 1530 2292 uterque

134 2298 186 2340 ad
222 2297 455 2339 ordinanda
492 2295 588 2337 belli
626 2296 754 2336 futuri
791 2293 977 2336 consilia.
1042 2294 1102 2335 M.
1129 2292 1350 2334 Messallae
1388 2293 1531 2350 Popli-

134 2355 267 2398 colam
289 2355 456 2397 fratrem
480 2354 635 2394 victum
659 2352 873 2394 communi
896 2350 1069 2393 consilio
1091 2349 1447 2392 condonaverunt.

727 2634 942 2677 CXXIII.

143 2748 271 2790 SEX.
296 2746 628 2796 POMPEHJS,
669 2747 816 2801 Magni
859 2746 980 2794 filius,
1020 2745 1135 2786 lectis
1175 2760 1226 2786 cx
1274 2744 1401 2800 Epiro
1443 2759 1535 2800 pro-

142 2805 304 2861 scriptis
325 2821 371 2846 ac
394 2805 589 2859 fugitivis,
613 2820 708 2845 cum
738 2804 926 2845 exercitu
949 2803 1036 2851 diu,
1059 2803 1148 2843 sinc
1179 2802 1262 2843 ulla
1291 2802 1368 2843 loci
1398 2803 1533 2842 cnius-

143 2877 268 2917 quam
302 2862 570 2917 possessione,
594 2861 817 2916 praedatus
848 2861 890 2902 in
923 2860 1040 2908 mari,
1067 2861 1304 2901 Messanam
1333 2858 1534 2914 oppidum
