<?xml version="1.0" encoding="UTF-8"?>
<!DOCTYPE html PUBLIC "-//W3C//DTD XHTML 1.0 Transitional//EN"
    "http://www.w3.org/TR/xhtml1/DTD/xhtml1-transitional.dtd">
<html xmlns="http://www.w3.org/1999/xhtml" xml:lang="en" lang="en">
 <head>
  <title>
</title>
<meta http-equiv="Content-Type" content="text/html;charset=utf-8" />
  <meta name='ocr-system' content='tesseract 3.04.00' />
  <meta name='ocr-capabilities' content='ocr_page ocr_carea ocr_par ocr_line ocrx_word'/>
</head>
<body>
  <div class='ocr_page' id='page_1' title='image "./historiarumli04livyuoft/historiarumli04livyuoft_0035.png"; bbox 0 0 1888 3194; ppageno 0'>
   <div class='ocr_carea' id='block_1_1' title="bbox 545 215 1522 262">
    <p class='ocr_par' dir='ltr' id='par_1_1' title="bbox 545 215 1522 262">
     <span class='ocr_line' id='line_1_1' title="bbox 545 215 1522 262; baseline 0.002 -3"><span class='ocrx_word' id='word_1_1' title='bbox 545 216 670 259; x_wconf 93' lang='lat' dir='ltr'>LIB.</span> <span class='ocrx_word' id='word_1_2' title='bbox 705 215 824 257; x_wconf 92' lang='lat' dir='ltr'>XLI.</span> <span class='ocrx_word' id='word_1_3' title='bbox 870 215 1015 258; x_wconf 88' lang='lat' dir='ltr'>CAP.</span> <span class='ocrx_word' id='word_1_4' title='bbox 1049 220 1072 257; x_wconf 80' lang='lat'>2</span> <span class='ocrx_word' id='word_1_5' title='bbox 1472 223 1522 262; x_wconf 79' lang='lat'>27</span> 
     </span>
    </p>
   </div>
   <div class='ocr_carea' id='block_1_2' title="bbox 110 307 1735 2732">
    <p class='ocr_par' dir='ltr' id='par_1_2' title="bbox 110 307 1734 2732">
     <span class='ocr_line' id='line_1_2' title="bbox 143 307 1734 364; baseline 0 -13"><span class='ocrx_word' id='word_1_6' title='bbox 143 309 258 351; x_wconf 86' lang='lat' dir='ltr'>sione</span> <span class='ocrx_word' id='word_1_7' title='bbox 285 308 423 357; x_wconf 89' lang='lat' dir='ltr'>etiam,</span> <span class='ocrx_word' id='word_1_8' title='bbox 445 317 488 349; x_wconf 90' lang='lat' dir='ltr'>et</span> <span class='ocrx_word' id='word_1_9' title='bbox 508 307 709 349; x_wconf 82' lang='lat' dir='ltr'><strong>familiare</strong></span> <span class='ocrx_word' id='word_1_10' title='bbox 735 307 866 349; x_wconf 90' lang='lat' dir='ltr'>oculis</span> <span class='ocrx_word' id='word_1_11' title='bbox 893 318 1142 364; x_wconf 84' lang='lat' dir='ltr'>gratumque</span> <span class='ocrx_word' id='word_1_12' title='bbox 1172 308 1215 348; x_wconf 90' lang='lat' dir='ltr'>id</span> <span class='ocrx_word' id='word_1_13' title='bbox 1242 309 1524 364; x_wconf 86' lang='lat' dir='ltr'>spectaculum</span> <span class='ocrx_word' id='word_1_14' title='bbox 1540 312 1584 344; x_wconf 91' lang='lat' dir='ltr'>U·</span> <span class='ocrx_word' id='word_1_15' title='bbox 1600 313 1638 344; x_wconf 90' lang='lat' dir='ltr'>C</span> <span class='ocrx_word' id='word_1_16' title='bbox 1661 320 1734 352; x_wconf 85' lang='lat'>577·</span> 
     </span>
     <span class='ocr_line' id='line_1_3' title="bbox 141 356 1735 422; baseline 0 -14"><span class='ocrx_word' id='word_1_17' title='bbox 141 366 252 415; x_wconf 89' lang='lat' dir='ltr'>fecit,</span> <span class='ocrx_word' id='word_1_18' title='bbox 285 374 328 406; x_wconf 91' lang='lat' dir='ltr'>et</span> <span class='ocrx_word' id='word_1_19' title='bbox 359 380 569 406; x_wconf 90' lang='lat' dir='ltr'>armorum</span> <span class='ocrx_word' id='word_1_20' title='bbox 609 365 794 406; x_wconf 90' lang='lat' dir='ltr'>studium</span> <span class='ocrx_word' id='word_1_21' title='bbox 829 365 1037 422; x_wconf 90' lang='lat' dir='ltr'>plerisque</span> <span class='ocrx_word' id='word_1_22' title='bbox 1078 366 1278 407; x_wconf 91' lang='lat' dir='ltr'>iuvenum</span> <span class='ocrx_word' id='word_1_23' title='bbox 1318 367 1521 408; x_wconf 83' lang='lat' dir='ltr'>accendit.</span> <span class='ocrx_word' id='word_1_24' title='bbox 1538 356 1578 387; x_wconf 84' lang='lat' dir='ltr'>A.</span> <span class='ocrx_word' id='word_1_25' title='bbox 1602 356 1640 387; x_wconf 86' lang='lat' dir='ltr'>C.</span> <span class='ocrx_word' id='word_1_26' title='bbox 1666 363 1735 394; x_wconf 84' lang='lat'><strong>¹75·</strong></span> 
     </span>
     <span class='ocr_line' id='line_1_4' title="bbox 142 422 1525 488; baseline 0 -24"><span class='ocrx_word' id='word_1_27' title='bbox 142 422 304 478; x_wconf 86' lang='lat' dir='ltr'>Itaque,</span> <span class='ocrx_word' id='word_1_28' title='bbox 326 423 400 479; x_wconf 88' lang='lat' dir='ltr'>qui</span> <span class='ocrx_word' id='word_1_29' title='bbox 420 423 554 479; x_wconf 90' lang='lat' dir='ltr'>primo</span> <span class='ocrx_word' id='word_1_30' title='bbox 575 423 625 464; x_wconf 89' lang='lat' dir='ltr'>ab</span> <span class='ocrx_word' id='word_1_31' title='bbox 655 423 792 464; x_wconf 87' lang='lat' dir='ltr'>Roma</span> <span class='ocrx_word' id='word_1_32' title='bbox 815 438 980 488; x_wconf 84' lang='lat' dir='ltr'>magnls</span> <span class='ocrx_word' id='word_1_33' title='bbox 1006 423 1150 479; x_wconf 88' lang='lat' dir='ltr'>pretiis</span> <span class='ocrx_word' id='word_1_34' title='bbox 1177 432 1341 479; x_wconf 90' lang='lat' dir='ltr'>paratos</span> <span class='ocrx_word' id='word_1_35' title='bbox 1367 423 1525 480; x_wconf 80' lang='lat' dir='ltr'>gladia-</span> 
     </span>
     <span class='ocr_line' id='line_1_5' title="bbox 141 480 1522 536; baseline 0 -14"><span class='ocrx_word' id='word_1_36' title='bbox 141 488 250 522; x_wconf 88' lang='lat' dir='ltr'><strong>tores</strong></span> <span class='ocrx_word' id='word_1_37' title='bbox 279 495 482 522; x_wconf 80' lang='lat' dir='ltr'>arcessere</span> <span class='ocrx_word' id='word_1_38' title='bbox 513 480 658 521; x_wconf 89' lang='lat' dir='ltr'>solitus</span> <span class='ocrx_word' id='word_1_39' title='bbox 685 489 786 531; x_wconf 87' lang='lat' dir='ltr'>erat,</span> <span class='ocrx_word' id='word_1_40' title='bbox 812 496 895 521; x_wconf 80' lang='lat' dir='ltr'>lam</span> <span class='ocrx_word' id='word_1_41' title='bbox 925 496 1000 522; x_wconf 92' lang='lat' dir='ltr'>suo</span> <span class='ocrx_word' id='word_1_42' title='bbox 1034 480 1076 536; x_wconf 90' lang='lat' dir='ltr'>[e</span> <span class='ocrx_word' id='word_1_43' title='bbox 1108 496 1237 536; x_wconf 77' lang='lat' dir='ltr'>regno</span> <span class='ocrx_word' id='word_1_44' title='bbox 1266 480 1522 523; x_wconf 83' lang='lat' dir='ltr'>voluntarios</span> 
     </span>
     <span class='ocr_line' id='line_1_6' title="bbox 140 516 1525 595; baseline -0.001 -16"><span class='ocrx_word' id='word_1_45' title='bbox 140 537 260 579; x_wconf 83' lang='lat' dir='ltr'>facile</span> <span class='ocrx_word' id='word_1_46' title='bbox 292 538 451 594; x_wconf 82' lang='lat' dir='ltr'>paravit</span> <span class='ocrx_word' id='word_1_47' title='bbox 481 537 742 594; x_wconf 82' lang='lat' dir='ltr'>gladiatoreS‚</span> <span class='ocrx_word' id='word_1_48' title='bbox 773 553 942 594; x_wconf 83' lang='lat' dir='ltr'>operam</span> <span class='ocrx_word' id='word_1_49' title='bbox 974 538 1082 579; x_wconf 89' lang='lat' dir='ltr'>ultro</span> <span class='ocrx_word' id='word_1_50' title='bbox 1113 516 1179 579; x_wconf 62' lang='lat' dir='ltr'>ado</span> <span class='ocrx_word' id='word_1_51' title='bbox 1195 539 1525 595; x_wconf 78' lang='lat' dir='ltr'>depugnandum</span> 
     </span>
     <span class='ocr_line' id='line_1_7' title="bbox 141 595 1526 651; baseline 0.001 -15"><span class='ocrx_word' id='word_1_52' title='bbox 141 595 294 651; x_wconf 82' lang='lat' dir='ltr'>exigua</span> <span class='ocrx_word' id='word_1_53' title='bbox 322 596 513 637; x_wconf 87' lang='lat' dir='ltr'>mercede</span> <span class='ocrx_word' id='word_1_54' title='bbox 545 596 777 637; x_wconf 65' lang='lat' dir='ltr'>offerentes</span> <span class='ocrx_word' id='word_1_55' title='bbox 842 595 1044 637; x_wconf 83' lang='lat' dir='ltr'>Ceterum</span> <span class='ocrx_word' id='word_1_56' title='bbox 1073 595 1248 637; x_wconf 89' lang='lat' dir='ltr'>eandem</span> <span class='ocrx_word' id='word_1_57' title='bbox 1278 596 1322 637; x_wconf 94' lang='lat' dir='ltr'>in</span> <span class='ocrx_word' id='word_1_58' title='bbox 1352 596 1526 637; x_wconf 89' lang='lat' dir='ltr'>edendis</span> 
     </span>
     <span class='ocr_line' id='line_1_8' title="bbox 141 653 1526 710; baseline 0 -16"><span class='ocrx_word' id='word_1_59' title='bbox 141 653 399 709; x_wconf 89' lang='lat' dir='ltr'>spectaculis,</span> <span class='ocrx_word' id='word_1_60' title='bbox 414 669 540 709; x_wconf 88' lang='lat' dir='ltr'>quam</span> <span class='ocrx_word' id='word_1_61' title='bbox 562 662 604 695; x_wconf 92' lang='lat' dir='ltr'>et</span> <span class='ocrx_word' id='word_1_62' title='bbox 625 653 670 694; x_wconf 91' lang='lat' dir='ltr'>in</span> <span class='ocrx_word' id='word_1_63' title='bbox 691 663 828 695; x_wconf 90' lang='lat' dir='ltr'>cetera</span> <span class='ocrx_word' id='word_1_64' title='bbox 849 654 944 703; x_wconf 88' lang='lat' dir='ltr'>vita,</span> <span class='ocrx_word' id='word_1_65' title='bbox 966 653 1211 710; x_wconf 86' lang='lat' dir='ltr'>pravitatem</span> <span class='ocrx_word' id='word_1_66' title='bbox 1233 654 1361 694; x_wconf 88' lang='lat' dir='ltr'>animi</span> <span class='ocrx_word' id='word_1_67' title='bbox 1382 653 1526 695; x_wconf 87' lang='lat' dir='ltr'>levita-</span> 
     </span>
     <span class='ocr_line' id='line_1_9' title="bbox 141 710 1525 768; baseline 0 -16"><span class='ocrx_word' id='word_1_68' title='bbox 141 720 311 767; x_wconf 90' lang='lat' dir='ltr'>temque</span> <span class='ocrx_word' id='word_1_69' title='bbox 333 711 536 761; x_wconf 81' lang='lat' dir='ltr'>exhibuit,</span> <span class='ocrx_word' id='word_1_70' title='bbox 552 721 598 752; x_wconf 91' lang='lat' dir='ltr'>ut</span> <span class='ocrx_word' id='word_1_71' title='bbox 618 710 813 752; x_wconf 90' lang='lat' dir='ltr'>ludorum</span> <span class='ocrx_word' id='word_1_72' title='bbox 835 720 1034 767; x_wconf 80' lang='lat' dir='ltr'>apparatu</span> <span class='ocrx_word' id='word_1_73' title='bbox 1055 711 1161 752; x_wconf 87' lang='lat' dir='ltr'>nihil</span> <span class='ocrx_word' id='word_1_74' title='bbox 1177 711 1525 768; x_wconf 80' lang='lat' dir='ltr'>magnificentius,</span> 
     </span>
     <span class='ocr_line' id='line_1_10' title="bbox 141 768 1527 825; baseline 0.001 -16"><span class='ocrx_word' id='word_1_75' title='bbox 141 768 248 810; x_wconf 88' lang='lat' dir='ltr'>nihil</span> <span class='ocrx_word' id='word_1_76' title='bbox 282 769 373 825; x_wconf 87' lang='lat' dir='ltr'>ipso</span> <span class='ocrx_word' id='word_1_77' title='bbox 402 784 499 825; x_wconf 79' lang='lat' dir='ltr'>rege</span> <span class='ocrx_word' id='word_1_78' title='bbox 532 768 654 810; x_wconf 88' lang='lat' dir='ltr'>vilius</span> <span class='ocrx_word' id='word_1_79' title='bbox 686 778 758 810; x_wconf 90' lang='lat' dir='ltr'>aut</span> <span class='ocrx_word' id='word_1_80' title='bbox 792 769 1074 825; x_wconf 87' lang='lat' dir='ltr'>contemptius</span> <span class='ocrx_word' id='word_1_81' title='bbox 1108 769 1331 811; x_wconf 89' lang='lat' dir='ltr'>videretur.</span> <span class='ocrx_word' id='word_1_82' title='bbox 1398 768 1527 818; x_wconf 83' lang='lat' dir='ltr'>Quod</span> 
     </span>
     <span class='ocr_line' id='line_1_11' title="bbox 141 825 1525 884; baseline 0 -16"><span class='ocrx_word' id='word_1_83' title='bbox 141 825 314 883; x_wconf 85' lang='lat' dir='ltr'>quidem</span> <span class='ocrx_word' id='word_1_84' title='bbox 331 842 462 883; x_wconf 90' lang='lat' dir='ltr'>quum</span> <span class='ocrx_word' id='word_1_85' title='bbox 479 842 600 883; x_wconf 84' lang='lat' dir='ltr'>saepe</span> <span class='ocrx_word' id='word_1_86' title='bbox 622 826 732 876; x_wconf 88' lang='lat' dir='ltr'>alias,</span> <span class='ocrx_word' id='word_1_87' title='bbox 752 836 842 868; x_wconf 89' lang='lat' dir='ltr'>tum</span> <span class='ocrx_word' id='word_1_88' title='bbox 863 827 1042 868; x_wconf 86' lang='lat' dir='ltr'>maxime</span> <span class='ocrx_word' id='word_1_89' title='bbox 1060 827 1104 867; x_wconf 90' lang='lat' dir='ltr'>in</span> <span class='ocrx_word' id='word_1_90' title='bbox 1124 827 1175 868; x_wconf 88' lang='lat' dir='ltr'>iis</span> <span class='ocrx_word' id='word_1_91' title='bbox 1195 826 1305 868; x_wconf 90' lang='lat' dir='ltr'>ludis</span> <span class='ocrx_word' id='word_1_92' title='bbox 1321 827 1525 884; x_wconf 90' lang='lat' dir='ltr'>apparuit,</span> 
     </span>
     <span class='ocr_line' id='line_1_12' title="bbox 141 884 1527 941; baseline 0.001 -16"><span class='ocrx_word' id='word_1_93' title='bbox 141 899 260 940; x_wconf 88' lang='lat' dir='ltr'>quos,</span> <span class='ocrx_word' id='word_1_94' title='bbox 294 884 524 926; x_wconf 88' lang='lat' dir='ltr'>aemulatus</span> <span class='ocrx_word' id='word_1_95' title='bbox 556 900 700 926; x_wconf 89' lang='lat' dir='ltr'>eorum</span> <span class='ocrx_word' id='word_1_96' title='bbox 734 884 1101 941; x_wconf 81' lang='lat' dir='ltr'>magnificentiam,</span> <span class='ocrx_word' id='word_1_97' title='bbox 1135 885 1208 940; x_wconf 90' lang='lat' dir='ltr'>qui</span> <span class='ocrx_word' id='word_1_98' title='bbox 1241 900 1265 926; x_wconf 88' lang='lat' dir='ltr'>a</span> <span class='ocrx_word' id='word_1_99' title='bbox 1299 884 1447 926; x_wconf 90' lang='lat' dir='ltr'>Paullo</span> <span class='ocrx_word' id='word_1_100' title='bbox 1482 885 1527 926; x_wconf 91' lang='lat' dir='ltr'>in</span> 
     </span>
     <span class='ocr_line' id='line_1_13' title="bbox 142 920 1527 999; baseline 0 -16"><span class='ocrx_word' id='word_1_101' title='bbox 142 941 397 984; x_wconf 89' lang='lat' dir='ltr'>Macedonia</span> <span class='ocrx_word' id='word_1_102' title='bbox 436 951 528 999; x_wconf 92' lang='lat' dir='ltr'>post</span> <span class='ocrx_word' id='word_1_103' title='bbox 568 942 780 984; x_wconf 82' lang='lat' dir='ltr'>devictum</span> <span class='ocrx_word' id='word_1_104' title='bbox 801 920 974 984; x_wconf 53' lang='lat' dir='ltr'>“Persea</span> <span class='ocrx_word' id='word_1_105' title='bbox 1012 942 1099 983; x_wconf 87' lang='lat' dir='ltr'>dati</span> <span class='ocrx_word' id='word_1_106' title='bbox 1138 942 1313 992; x_wconf 88' lang='lat' dir='ltr'>f,uerant</span> <span class='ocrx_word' id='word_1_107' title='bbox 1355 943 1527 984; x_wconf 88' lang='lat' dir='ltr'>immani</span> 
     </span>
     <span class='ocr_line' id='line_1_14' title="bbox 141 999 1524 1056; baseline 0.001 -16"><span class='ocrx_word' id='word_1_108' title='bbox 141 1009 324 1056; x_wconf 89' lang='lat' dir='ltr'>sumptu,</span> <span class='ocrx_word' id='word_1_109' title='bbox 366 1015 444 1041; x_wconf 91' lang='lat' dir='ltr'>nec</span> <span class='ocrx_word' id='word_1_110' title='bbox 492 1000 652 1041; x_wconf 90' lang='lat' dir='ltr'>minore</span> <span class='ocrx_word' id='word_1_111' title='bbox 699 1015 774 1041; x_wconf 89' lang='lat' dir='ltr'>suo</span> <span class='ocrx_word' id='word_1_112' title='bbox 822 999 1042 1050; x_wconf 88' lang='lat' dir='ltr'>dedecore,</span> <span class='ocrx_word' id='word_1_113' title='bbox 1085 1000 1339 1042; x_wconf 74' lang='lat' dir='ltr'>AntiochIae</span> <span class='ocrx_word' id='word_1_114' title='bbox 1379 1000 1524 1042; x_wconf 88' lang='lat' dir='ltr'>edidit.</span> 
     </span>
     <span class='ocr_line' id='line_1_15' title="bbox 141 1055 1528 1114; baseline 0.001 -16"><span class='ocrx_word' id='word_1_115' title='bbox 141 1055 302 1098; x_wconf 88' lang='lat' dir='ltr'>Verum</span> <span class='ocrx_word' id='word_1_116' title='bbox 327 1057 380 1098; x_wconf 91' lang='lat' dir='ltr'>ad</span> <span class='ocrx_word' id='word_1_117' title='bbox 413 1057 623 1098; x_wconf 89' lang='lat' dir='ltr'>Romanas</span> <span class='ocrx_word' id='word_1_118' title='bbox 650 1073 714 1099; x_wconf 90' lang='lat' dir='ltr'>res</span> <span class='ocrx_word' id='word_1_119' title='bbox 741 1066 1008 1107; x_wconf 87' lang='lat' dir='ltr'>revertamur,</span> <span class='ocrx_word' id='word_1_120' title='bbox 1036 1073 1059 1098; x_wconf 91' lang='lat' dir='ltr'>a</span> <span class='ocrx_word' id='word_1_121' title='bbox 1083 1058 1235 1113; x_wconf 87' lang='lat' dir='ltr'>quibus</span> <span class='ocrx_word' id='word_1_122' title='bbox 1264 1074 1338 1099; x_wconf 86' lang='lat' dir='ltr'>nos</span> <span class='ocrx_word' id='word_1_123' title='bbox 1362 1058 1528 1114; x_wconf 87' lang='lat' dir='ltr'>longius</span> 
     </span>
     <span class='ocr_line' id='line_1_16' title="bbox 141 1114 1670 1171; baseline 0.001 -15"><span class='ocrx_word' id='word_1_124' title='bbox 141 1114 339 1156; x_wconf 81' lang='lat' dir='ltr'>abstraxit</span> <span class='ocrx_word' id='word_1_125' title='bbox 374 1114 497 1156; x_wconf 88' lang='lat' dir='ltr'>huius</span> <span class='ocrx_word' id='word_1_126' title='bbox 533 1115 640 1171; x_wconf 78' lang='lat' dir='ltr'>regis</span> <span class='ocrx_word' id='word_1_127' title='bbox 670 1115 841 1156; x_wconf 89' lang='lat' dir='ltr'>mentio.</span> <span class='ocrx_word' id='word_1_128' title='bbox 905 1115 970 1156; x_wconf 88' lang='lat' dir='ltr'>Ti.</span> <span class='ocrx_word' id='word_1_129' title='bbox 993 1114 1264 1171; x_wconf 87' lang='lat' dir='ltr'>Sempronius</span> <span class='ocrx_word' id='word_1_130' title='bbox 1298 1115 1526 1165; x_wconf 83' lang='lat' dir='ltr'>Gracchus,</span> <span class='ocrx_word' id='word_1_131' title='bbox 1605 1120 1670 1158; x_wconf 86' lang='lat'>21.</span> 
     </span>
     <span class='ocr_line' id='line_1_17' title="bbox 141 1151 1528 1229; baseline 0.001 -16"><span class='ocrx_word' id='word_1_132' title='bbox 141 1172 216 1229; x_wconf 90' lang='lat' dir='ltr'>qui</span> <span class='ocrx_word' id='word_1_133' title='bbox 242 1187 318 1229; x_wconf 91' lang='lat' dir='ltr'>per</span> <span class='ocrx_word' id='word_1_134' title='bbox 342 1172 559 1214; x_wconf 88' lang='lat' dir='ltr'>biennium</span> <span class='ocrx_word' id='word_1_135' title='bbox 577 1151 826 1214; x_wconf 47' lang='lat' dir='ltr'>(Sardiniam</span> <span class='ocrx_word' id='word_1_136' title='bbox 854 1173 1107 1221; x_wconf 87' lang='lat' dir='ltr'>obtinuerat,</span> <span class='ocrx_word' id='word_1_137' title='bbox 1131 1172 1283 1214; x_wconf 87' lang='lat' dir='ltr'>tradita</span> <span class='ocrx_word' id='word_1_138' title='bbox 1311 1172 1397 1214; x_wconf 91' lang='lat' dir='ltr'>Ser.</span> <span class='ocrx_word' id='word_1_139' title='bbox 1424 1175 1528 1216; x_wconf 91' lang='lat' dir='ltr'>Cor-</span> 
     </span>
     <span class='ocr_line' id='line_1_18' title="bbox 141 1229 1528 1287; baseline 0 -15"><span class='ocrx_word' id='word_1_140' title='bbox 141 1229 254 1272; x_wconf 90' lang='lat' dir='ltr'>nelio</span> <span class='ocrx_word' id='word_1_141' title='bbox 278 1229 418 1271; x_wconf 85' lang='lat' dir='ltr'>Sullae</span> <span class='ocrx_word' id='word_1_142' title='bbox 439 1230 618 1287; x_wconf 84' lang='lat' dir='ltr'>praetori</span> <span class='ocrx_word' id='word_1_143' title='bbox 639 1230 865 1287; x_wconf 85' lang='lat' dir='ltr'>provincia,</span> <span class='ocrx_word' id='word_1_144' title='bbox 883 1245 954 1271; x_wconf 80' lang='lat' dir='ltr'>rev</span> <span class='ocrx_word' id='word_1_145' title='bbox 957 1245 1070 1271; x_wconf 89' lang='lat' dir='ltr'>ersus</span> <span class='ocrx_word' id='word_1_146' title='bbox 1094 1230 1275 1271; x_wconf 89' lang='lat' dir='ltr'>Romam</span> <span class='ocrx_word' id='word_1_147' title='bbox 1297 1231 1528 1287; x_wconf 87' lang='lat' dir='ltr'>triumpha-</span> 
     </span>
     <span class='ocr_line' id='line_1_19' title="bbox 110 1281 1529 1344; baseline 0 -14"><span class='ocrx_word' id='word_1_148' title='bbox 110 1288 202 1331; x_wconf 90' lang='lat' dir='ltr'>4vit</span> <span class='ocrx_word' id='word_1_149' title='bbox 233 1287 285 1329; x_wconf 94' lang='lat' dir='ltr'>de</span> <span class='ocrx_word' id='word_1_150' title='bbox 320 1281 470 1330; x_wconf 90' lang='lat' dir='ltr'>Sardis.</span> <span class='ocrx_word' id='word_1_151' title='bbox 533 1287 713 1329; x_wconf 90' lang='lat' dir='ltr'>Tantam</span> <span class='ocrx_word' id='word_1_152' title='bbox 745 1288 1004 1344; x_wconf 90' lang='lat' dir='ltr'>captivorum</span> <span class='ocrx_word' id='word_1_153' title='bbox 1041 1287 1354 1330; x_wconf 86' lang='lat' dir='ltr'>multitudinem</span> <span class='ocrx_word' id='word_1_154' title='bbox 1391 1304 1444 1329; x_wconf 86' lang='lat' dir='ltr'>ex</span> <span class='ocrx_word' id='word_1_155' title='bbox 1480 1304 1529 1330; x_wconf 90' lang='lat' dir='ltr'>ea</span> 
     </span>
     <span class='ocr_line' id='line_1_20' title="bbox 141 1345 1528 1403; baseline 0.001 -16"><span class='ocrx_word' id='word_1_156' title='bbox 141 1345 278 1387; x_wconf 91' lang='lat' dir='ltr'>insula</span> <span class='ocrx_word' id='word_1_157' title='bbox 306 1345 424 1387; x_wconf 91' lang='lat' dir='ltr'>illum</span> <span class='ocrx_word' id='word_1_158' title='bbox 453 1346 673 1388; x_wconf 84' lang='lat' dir='ltr'>abduxisse</span> <span class='ocrx_word' id='word_1_159' title='bbox 705 1345 858 1396; x_wconf 90' lang='lat' dir='ltr'>ferunt,</span> <span class='ocrx_word' id='word_1_160' title='bbox 885 1355 931 1387; x_wconf 94' lang='lat' dir='ltr'>ut</span> <span class='ocrx_word' id='word_1_161' title='bbox 958 1345 1084 1403; x_wconf 84' lang='lat' dir='ltr'>longa</span> <span class='ocrx_word' id='word_1_162' title='bbox 1113 1361 1258 1387; x_wconf 88' lang='lat' dir='ltr'>eorum</span> <span class='ocrx_word' id='word_1_163' title='bbox 1286 1346 1528 1388; x_wconf 89' lang='lat' dir='ltr'>venditione</span> 
     </span>
     <span class='ocr_line' id='line_1_21' title="bbox 141 1403 1529 1460; baseline -0.001 -14"><span class='ocrx_word' id='word_1_164' title='bbox 141 1418 206 1446; x_wconf 86' lang='lat' dir='ltr'>res</span> <span class='ocrx_word' id='word_1_165' title='bbox 226 1403 270 1444; x_wconf 94' lang='lat' dir='ltr'>in</span> <span class='ocrx_word' id='word_1_166' title='bbox 291 1405 557 1460; x_wconf 90' lang='lat' dir='ltr'>proverbium</span> <span class='ocrx_word' id='word_1_167' title='bbox 585 1404 758 1453; x_wconf 80' lang='lat' dir='ltr'>venerit,</span> <span class='ocrx_word' id='word_1_168' title='bbox 781 1413 823 1445; x_wconf 90' lang='lat' dir='ltr'>et</span> <span class='ocrx_word' id='word_1_169' title='bbox 845 1410 856 1428; x_wconf 88' lang='lat'>‘</span> <span class='ocrx_word' id='word_1_170' title='bbox 876 1403 995 1445; x_wconf 88' lang='lat' dir='ltr'>Sardi</span> <span class='ocrx_word' id='word_1_171' title='bbox 1023 1403 1209 1445; x_wconf 82' lang='lat' dir='ltr'>venales’</span> <span class='ocrx_word' id='word_1_172' title='bbox 1229 1419 1303 1460; x_wconf 90' lang='lat' dir='ltr'>pro</span> <span class='ocrx_word' id='word_1_173' title='bbox 1324 1405 1448 1446; x_wconf 90' lang='lat' dir='ltr'>rebus</span> <span class='ocrx_word' id='word_1_174' title='bbox 1468 1404 1529 1445; x_wconf 88' lang='lat' dir='ltr'>vi-</span> 
     </span>
     <span class='ocr_line' id='line_1_22' title="bbox 140 1461 1529 1519; baseline 0 -16"><span class='ocrx_word' id='word_1_175' title='bbox 140 1461 249 1504; x_wconf 89' lang='lat' dir='ltr'>libus</span> <span class='ocrx_word' id='word_1_176' title='bbox 283 1461 443 1519; x_wconf 85' lang='lat' dir='ltr'>vulgari</span> <span class='ocrx_word' id='word_1_177' title='bbox 477 1463 568 1503; x_wconf 91' lang='lat' dir='ltr'>ioco</span> <span class='ocrx_word' id='word_1_178' title='bbox 604 1461 801 1503; x_wconf 88' lang='lat' dir='ltr'>celebrati</span> <span class='ocrx_word' id='word_1_179' title='bbox 836 1462 1004 1503; x_wconf 89' lang='lat' dir='ltr'>fuerint.</span> <span class='ocrx_word' id='word_1_180' title='bbox 1067 1461 1453 1518; x_wconf 82' lang='lat' dir='ltr'>Triumphaverunt</span> <span class='ocrx_word' id='word_1_181' title='bbox 1486 1471 1529 1504; x_wconf 91' lang='lat' dir='ltr'>et</span> 
     </span>
     <span class='ocr_line' id='line_1_23' title="bbox 141 1519 1528 1585; baseline 0 -24"><span class='ocrx_word' id='word_1_182' title='bbox 141 1519 332 1561; x_wconf 88' lang='lat' dir='ltr'>consules</span> <span class='ocrx_word' id='word_1_183' title='bbox 359 1520 493 1570; x_wconf 90' lang='lat' dir='ltr'>ambo,</span> <span class='ocrx_word' id='word_1_184' title='bbox 519 1519 717 1561; x_wconf 91' lang='lat' dir='ltr'>Scaevola</span> <span class='ocrx_word' id='word_1_185' title='bbox 744 1519 796 1561; x_wconf 90' lang='lat' dir='ltr'>de</span> <span class='ocrx_word' id='word_1_186' title='bbox 825 1519 1063 1585; x_wconf 83' lang='lat' dir='ltr'>Liguribus,</span> <span class='ocrx_word' id='word_1_187' title='bbox 1087 1519 1275 1585; x_wconf 82' lang='lat' dir='ltr'>Lepidus</span> <span class='ocrx_word' id='word_1_188' title='bbox 1303 1519 1355 1561; x_wconf 93' lang='lat' dir='ltr'>de</span> <span class='ocrx_word' id='word_1_189' title='bbox 1381 1520 1528 1562; x_wconf 90' lang='lat' dir='ltr'>iisdem</span> 
     </span>
     <span class='ocr_line' id='line_1_24' title="bbox 143 1576 1528 1634; baseline 0.001 -16"><span class='ocrx_word' id='word_1_190' title='bbox 143 1586 186 1619; x_wconf 88' lang='lat' dir='ltr'>et</span> <span class='ocrx_word' id='word_1_191' title='bbox 228 1576 371 1618; x_wconf 85' lang='lat' dir='ltr'>Gallis.</span> <span class='ocrx_word' id='word_1_192' title='bbox 433 1577 547 1619; x_wconf 91' lang='lat' dir='ltr'>Tum</span> <span class='ocrx_word' id='word_1_193' title='bbox 586 1577 755 1619; x_wconf 87' lang='lat' dir='ltr'>comitia</span> <span class='ocrx_word' id='word_1_194' title='bbox 795 1578 1111 1634; x_wconf 85' lang='lat' dir='ltr'>magistratuum</span> <span class='ocrx_word' id='word_1_195' title='bbox 1151 1578 1195 1618; x_wconf 90' lang='lat' dir='ltr'>in</span> <span class='ocrx_word' id='word_1_196' title='bbox 1235 1578 1528 1634; x_wconf 80' lang='lat' dir='ltr'>insequentem</span> 
     </span>
     <span class='ocr_line' id='line_1_25' title="bbox 143 1634 1529 1692; baseline 0.001 -17"><span class='ocrx_word' id='word_1_197' title='bbox 143 1649 301 1676; x_wconf 90' lang='lat' dir='ltr'>annum</span> <span class='ocrx_word' id='word_1_198' title='bbox 324 1635 476 1676; x_wconf 88' lang='lat' dir='ltr'>habita.</span> <span class='ocrx_word' id='word_1_199' title='bbox 541 1634 683 1677; x_wconf 88' lang='lat' dir='ltr'>Creati</span> <span class='ocrx_word' id='word_1_200' title='bbox 711 1635 900 1677; x_wconf 90' lang='lat' dir='ltr'>consules</span> <span class='ocrx_word' id='word_1_201' title='bbox 927 1644 1025 1677; x_wconf 88' lang='lat' dir='ltr'>sunt</span> <span class='ocrx_word' id='word_1_202' title='bbox 1055 1634 1123 1692; x_wconf 92' lang='lat' dir='ltr'>Sp.</span> <span class='ocrx_word' id='word_1_203' title='bbox 1140 1634 1380 1677; x_wconf 88' lang='lat' dir='ltr'>Postumius</span> <span class='ocrx_word' id='word_1_204' title='bbox 1408 1635 1529 1677; x_wconf 91' lang='lat' dir='ltr'>Albi-</span> 
     </span>
     <span class='ocr_line' id='line_1_26' title="bbox 143 1691 1531 1742; baseline 0.001 -9"><span class='ocrx_word' id='word_1_205' title='bbox 143 1701 236 1742; x_wconf 88' lang='lat' dir='ltr'>nus,</span> <span class='ocrx_word' id='word_1_206' title='bbox 261 1692 315 1741; x_wconf 84' lang='lat' dir='ltr'>Q.</span> <span class='ocrx_word' id='word_1_207' title='bbox 331 1691 501 1734; x_wconf 89' lang='lat' dir='ltr'>Mucius</span> <span class='ocrx_word' id='word_1_208' title='bbox 525 1692 731 1734; x_wconf 88' lang='lat' dir='ltr'>Scaevola.</span> <span class='ocrx_word' id='word_1_209' title='bbox 793 1692 1016 1734; x_wconf 87' lang='lat' dir='ltr'>Praetoriis</span> <span class='ocrx_word' id='word_1_210' title='bbox 1036 1693 1214 1734; x_wconf 88' lang='lat' dir='ltr'>comitiis</span> <span class='ocrx_word' id='word_1_211' title='bbox 1233 1693 1400 1734; x_wconf 90' lang='lat' dir='ltr'>fortuna</span> <span class='ocrx_word' id='word_1_212' title='bbox 1420 1694 1531 1735; x_wconf 88' lang='lat' dir='ltr'>inter</span> 
     </span>
     <span class='ocr_line' id='line_1_27' title="bbox 144 1750 1531 1815; baseline 0.001 -23"><span class='ocrx_word' id='word_1_213' title='bbox 144 1760 303 1792; x_wconf 89' lang='lat' dir='ltr'>ceteros</span> <span class='ocrx_word' id='word_1_214' title='bbox 323 1750 565 1792; x_wconf 75' lang='lat' dir='ltr'>candidatos</span> <span class='ocrx_word' id='word_1_215' title='bbox 594 1750 640 1791; x_wconf 90' lang='lat' dir='ltr'>P.</span> <span class='ocrx_word' id='word_1_216' title='bbox 663 1750 850 1791; x_wconf 88' lang='lat' dir='ltr'>Africani</span> <span class='ocrx_word' id='word_1_217' title='bbox 873 1750 1003 1790; x_wconf 85' lang='lat' dir='ltr'>filium</span> <span class='ocrx_word' id='word_1_218' title='bbox 1027 1750 1075 1791; x_wconf 93' lang='lat' dir='ltr'>L.</span> <span class='ocrx_word' id='word_1_219' title='bbox 1099 1750 1343 1791; x_wconf 89' lang='lat' dir='ltr'>Cornelium</span> <span class='ocrx_word' id='word_1_220' title='bbox 1369 1751 1531 1815; x_wconf 83' lang='lat' dir='ltr'>Scipio-</span> 
     </span>
     <span class='ocr_line' id='line_1_28' title="bbox 145 1807 1529 1864; baseline 0 -15"><span class='ocrx_word' id='word_1_221' title='bbox 145 1823 256 1858; x_wconf 90' lang='lat' dir='ltr'>nem,</span> <span class='ocrx_word' id='word_1_222' title='bbox 285 1808 369 1849; x_wconf 86' lang='lat' dir='ltr'>sive</span> <span class='ocrx_word' id='word_1_223' title='bbox 400 1808 434 1849; x_wconf 88' lang='lat' dir='ltr'>is</span> <span class='ocrx_word' id='word_1_224' title='bbox 459 1808 627 1849; x_wconf 77' lang='lat' dir='ltr'>Gnaeus</span> <span class='ocrx_word' id='word_1_225' title='bbox 653 1807 744 1856; x_wconf 87' lang='lat' dir='ltr'>fuit,</span> <span class='ocrx_word' id='word_1_226' title='bbox 773 1823 858 1849; x_wconf 91' lang='lat' dir='ltr'>non</span> <span class='ocrx_word' id='word_1_227' title='bbox 886 1808 974 1849; x_wconf 88' lang='lat' dir='ltr'>sine</span> <span class='ocrx_word' id='word_1_228' title='bbox 1005 1823 1154 1864; x_wconf 84' lang='lat' dir='ltr'>magna</span> <span class='ocrx_word' id='word_1_229' title='bbox 1184 1807 1378 1849; x_wconf 86' lang='lat' dir='ltr'>invidia</span> <span class='ocrx_word' id='word_1_230' title='bbox 1370 1823 1412 1848; x_wconf 87' lang='lat' dir='ltr'>m</span> <span class='ocrx_word' id='word_1_231' title='bbox 1441 1823 1529 1850; x_wconf 90' lang='lat' dir='ltr'>cer-</span> 
     </span>
     <span class='ocr_line' id='line_1_29' title="bbox 112 1864 1530 1921; baseline 0 -13"><span class='ocrx_word' id='word_1_232' title='bbox 112 1876 284 1910; x_wconf 77' lang='lat' dir='ltr'>5tamen</span> <span class='ocrx_word' id='word_1_233' title='bbox 325 1866 503 1907; x_wconf 86' lang='lat' dir='ltr'>coniecit</span> <span class='ocrx_word' id='word_1_234' title='bbox 543 1881 638 1906; x_wconf 88' lang='lat' dir='ltr'>cum</span> <span class='ocrx_word' id='word_1_235' title='bbox 679 1864 728 1906; x_wconf 88' lang='lat' dir='ltr'>C.</span> <span class='ocrx_word' id='word_1_236' title='bbox 756 1865 960 1914; x_wconf 88' lang='lat' dir='ltr'>Cicereio,</span> <span class='ocrx_word' id='word_1_237' title='bbox 998 1865 1070 1921; x_wconf 86' lang='lat' dir='ltr'>qui</span> <span class='ocrx_word' id='word_1_238' title='bbox 1111 1866 1239 1921; x_wconf 86' lang='lat' dir='ltr'>patris</span> <span class='ocrx_word' id='word_1_239' title='bbox 1274 1865 1363 1906; x_wconf 90' lang='lat' dir='ltr'>eius</span> <span class='ocrx_word' id='word_1_240' title='bbox 1397 1865 1530 1908; x_wconf 83' lang='lat' dir='ltr'>scriba</span> 
     </span>
     <span class='ocr_line' id='line_1_30' title="bbox 143 1922 1529 1979; baseline 0.001 -15"><span class='ocrx_word' id='word_1_241' title='bbox 143 1923 288 1965; x_wconf 87' lang='lat' dir='ltr'>fuerat.</span> <span class='ocrx_word' id='word_1_242' title='bbox 351 1922 406 1964; x_wconf 90' lang='lat' dir='ltr'>N</span> <span class='ocrx_word' id='word_1_243' title='bbox 397 1938 461 1964; x_wconf 88' lang='lat' dir='ltr'>am</span> <span class='ocrx_word' id='word_1_244' title='bbox 480 1923 667 1979; x_wconf 83' lang='lat' dir='ltr'>quinque</span> <span class='ocrx_word' id='word_1_245' title='bbox 686 1923 764 1963; x_wconf 89' lang='lat' dir='ltr'>iam</span> <span class='ocrx_word' id='word_1_246' title='bbox 783 1923 1005 1964; x_wconf 85' lang='lat' dir='ltr'>nominatis</span> <span class='ocrx_word' id='word_1_247' title='bbox 1023 1923 1292 1978; x_wconf 80' lang='lat' dir='ltr'>praetolibus,</span> <span class='ocrx_word' id='word_1_248' title='bbox 1314 1924 1364 1964; x_wconf 92' lang='lat' dir='ltr'>C.</span> <span class='ocrx_word' id='word_1_249' title='bbox 1384 1923 1529 1965; x_wconf 83' lang='lat' dir='ltr'>Cassio</span> 
     </span>
     <span class='ocr_line' id='line_1_31' title="bbox 144 1979 1530 2037; baseline 0 -15"><span class='ocrx_word' id='word_1_250' title='bbox 144 1980 352 2037; x_wconf 87' lang='lat' dir='ltr'>Longino,</span> <span class='ocrx_word' id='word_1_251' title='bbox 375 1980 421 2022; x_wconf 88' lang='lat' dir='ltr'>P.</span> <span class='ocrx_word' id='word_1_252' title='bbox 440 1980 472 2021; x_wconf 92' lang='lat' dir='ltr'>I</span> <span class='ocrx_word' id='word_1_253' title='bbox 476 1980 564 2021; x_wconf 86' lang='lat' dir='ltr'>urio</span> <span class='ocrx_word' id='word_1_254' title='bbox 586 1980 722 2029; x_wconf 88' lang='lat' dir='ltr'>Philo,</span> <span class='ocrx_word' id='word_1_255' title='bbox 747 1979 796 2020; x_wconf 90' lang='lat' dir='ltr'>L.</span> <span class='ocrx_word' id='word_1_256' title='bbox 815 1979 993 2021; x_wconf 89' lang='lat' dir='ltr'>Claudio</span> <span class='ocrx_word' id='word_1_257' title='bbox 1017 1979 1173 2029; x_wconf 82' lang='lat' dir='ltr'>Asello,</span> <span class='ocrx_word' id='word_1_258' title='bbox 1198 1980 1259 2020; x_wconf 89' lang='lat' dir='ltr'>M.</span> <span class='ocrx_word' id='word_1_259' title='bbox 1280 1980 1411 2021; x_wconf 87' lang='lat' dir='ltr'>Atilio</span> <span class='ocrx_word' id='word_1_260' title='bbox 1436 1981 1530 2022; x_wconf 86' lang='lat' dir='ltr'>Ser-</span> 
     </span>
     <span class='ocr_line' id='line_1_32' title="bbox 143 2037 1530 2094; baseline 0 -14"><span class='ocrx_word' id='word_1_261' title='bbox 143 2054 256 2089; x_wconf 87' lang='lat' dir='ltr'>rano,</span> <span class='ocrx_word' id='word_1_262' title='bbox 291 2038 371 2080; x_wconf 88' lang='lat' dir='ltr'>Cn.</span> <span class='ocrx_word' id='word_1_263' title='bbox 399 2037 574 2080; x_wconf 84' lang='lat' dir='ltr'>Servilio</span> <span class='ocrx_word' id='word_1_264' title='bbox 609 2037 837 2094; x_wconf 84' lang='lat' dir='ltr'>Caepione,</span> <span class='ocrx_word' id='word_1_265' title='bbox 870 2053 999 2093; x_wconf 88' lang='lat' dir='ltr'>quum</span> <span class='ocrx_word' id='word_1_266' title='bbox 1033 2048 1221 2079; x_wconf 86' lang='lat' dir='ltr'>extremo</span> <span class='ocrx_word' id='word_1_267' title='bbox 1257 2037 1403 2079; x_wconf 84' lang='lat' dir='ltr'>saltem</span> <span class='ocrx_word' id='word_1_268' title='bbox 1439 2038 1530 2080; x_wconf 90' lang='lat' dir='ltr'>loco</span> 
     </span>
     <span class='ocr_line' id='line_1_33' title="bbox 143 2095 1531 2160; baseline 0 -22"><span class='ocrx_word' id='word_1_269' title='bbox 143 2096 437 2138; x_wconf 83' lang='lat' dir='ltr'>adhaerescere</span> <span class='ocrx_word' id='word_1_270' title='bbox 463 2095 603 2152; x_wconf 85' lang='lat' dir='ltr'>Scipio</span> <span class='ocrx_word' id='word_1_271' title='bbox 631 2096 846 2145; x_wconf 86' lang='lat' dir='ltr'>niteretur,</span> <span class='ocrx_word' id='word_1_272' title='bbox 870 2095 974 2137; x_wconf 91' lang='lat' dir='ltr'>adeo</span> <span class='ocrx_word' id='word_1_273' title='bbox 1002 2112 1025 2136; x_wconf 88' lang='lat' dir='ltr'>a</span> <span class='ocrx_word' id='word_1_274' title='bbox 1053 2095 1180 2160; x_wconf 76' lang='lat' dir='ltr'>patris</span> <span class='ocrx_word' id='word_1_275' title='bbox 1209 2095 1430 2137; x_wconf 89' lang='lat' dir='ltr'>virtutibus</span> <span class='ocrx_word' id='word_1_276' title='bbox 1458 2096 1531 2138; x_wconf 93' lang='lat' dir='ltr'>de-</span> 
     </span>
     <span class='ocr_line' id='line_1_34' title="bbox 142 2153 1529 2210; baseline -0.001 -14"><span class='ocrx_word' id='word_1_277' title='bbox 142 2169 359 2210; x_wconf 74' lang='lat' dir='ltr'>generasse</span> <span class='ocrx_word' id='word_1_278' title='bbox 392 2155 503 2195; x_wconf 64' lang='lat' dir='ltr'>xisus</span> <span class='ocrx_word' id='word_1_279' title='bbox 533 2164 607 2204; x_wconf 86' lang='lat' dir='ltr'>est,</span> <span class='ocrx_word' id='word_1_280' title='bbox 640 2164 685 2195; x_wconf 91' lang='lat' dir='ltr'>ut</span> <span class='ocrx_word' id='word_1_281' title='bbox 721 2153 909 2195; x_wconf 88' lang='lat' dir='ltr'>omnium</span> <span class='ocrx_word' id='word_1_282' title='bbox 940 2154 1222 2195; x_wconf 87' lang='lat' dir='ltr'>centuriarum</span> <span class='ocrx_word' id='word_1_283' title='bbox 1256 2154 1460 2210; x_wconf 77' lang='lat' dir='ltr'>suffragiis</span> <span class='ocrx_word' id='word_1_284' title='bbox 1491 2155 1529 2196; x_wconf 91' lang='lat' dir='ltr'>ei</span> 
     </span>
     <span class='ocr_line' id='line_1_35' title="bbox 146 2211 1529 2262; baseline -0.001 -8"><span class='ocrx_word' id='word_1_285' title='bbox 146 2211 363 2254; x_wconf 85' lang='lat' dir='ltr'>Cicereius</span> <span class='ocrx_word' id='word_1_286' title='bbox 391 2212 675 2261; x_wconf 85' lang='lat' dir='ltr'>anteferretur,</span> <span class='ocrx_word' id='word_1_287' title='bbox 702 2211 781 2252; x_wconf 80' lang='lat' dir='ltr'>nisi</span> <span class='ocrx_word' id='word_1_288' title='bbox 812 2211 880 2252; x_wconf 88' lang='lat' dir='ltr'>hic</span> <span class='ocrx_word' id='word_1_289' title='bbox 910 2212 995 2252; x_wconf 86' lang='lat' dir='ltr'>sive</span> <span class='ocrx_word' id='word_1_290' title='bbox 1027 2212 1216 2252; x_wconf 72' lang='lat' dir='ltr'>fortunae</span> <span class='ocrx_word' id='word_1_291' title='bbox 1248 2212 1419 2262; x_wconf 85' lang='lat' dir='ltr'>crimen,</span> <span class='ocrx_word' id='word_1_292' title='bbox 1446 2212 1529 2253; x_wconf 75' lang='lat' dir='ltr'>sive</span> 
     </span>
     <span class='ocr_line' id='line_1_36' title="bbox 143 2269 1530 2312; baseline -0.001 0"><span class='ocrx_word' id='word_1_293' title='bbox 143 2270 406 2312; x_wconf 86' lang='lat' dir='ltr'>comitiorum</span> <span class='ocrx_word' id='word_1_294' title='bbox 446 2285 626 2311; x_wconf 86' lang='lat' dir='ltr'>errorem</span> <span class='ocrx_word' id='word_1_295' title='bbox 669 2269 871 2311; x_wconf 82' lang='lat' dir='ltr'>modestia</span> <span class='ocrx_word' id='word_1_296' title='bbox 911 2284 984 2310; x_wconf 85' lang='lat' dir='ltr'>sua</span> <span class='ocrx_word' id='word_1_297' title='bbox 1024 2269 1295 2310; x_wconf 85' lang='lat' dir='ltr'>emendasset.</span> <span class='ocrx_word' id='word_1_298' title='bbox 1360 2269 1410 2310; x_wconf 90' lang='lat' dir='ltr'>In</span> <span class='ocrx_word' id='word_1_299' title='bbox 1451 2270 1530 2311; x_wconf 85' lang='lat' dir='ltr'>hoe</span> 
     </span>
     <span class='ocr_line' id='line_1_37' title="bbox 143 2327 1529 2385; baseline -0.001 -15"><span class='ocrx_word' id='word_1_300' title='bbox 143 2329 362 2385; x_wconf 88' lang='lat' dir='ltr'>campestri</span> <span class='ocrx_word' id='word_1_301' title='bbox 378 2328 604 2370; x_wconf 85' lang='lat' dir='ltr'>certamine</span> <span class='ocrx_word' id='word_1_302' title='bbox 622 2328 785 2383; x_wconf 85' lang='lat' dir='ltr'>patroni</span> <span class='ocrx_word' id='word_1_303' title='bbox 803 2327 866 2368; x_wconf 81' lang='lat' dir='ltr'>sui</span> <span class='ocrx_word' id='word_1_304' title='bbox 889 2327 1020 2368; x_wconf 81' lang='lat' dir='ltr'>filium</span> <span class='ocrx_word' id='word_1_305' title='bbox 1034 2327 1200 2369; x_wconf 89' lang='lat' dir='ltr'>vincere</span> <span class='ocrx_word' id='word_1_306' title='bbox 1216 2343 1301 2368; x_wconf 90' lang='lat' dir='ltr'>non</span> <span class='ocrx_word' id='word_1_307' title='bbox 1319 2328 1529 2378; x_wconf 82' lang='lat' dir='ltr'>sustinuit,</span> 
     </span>
     <span class='ocr_line' id='line_1_38' title="bbox 143 2385 1532 2443; baseline 0 -16"><span class='ocrx_word' id='word_1_308' title='bbox 143 2386 386 2443; x_wconf 88' lang='lat' dir='ltr'>abiectaque</span> <span class='ocrx_word' id='word_1_309' title='bbox 407 2386 545 2427; x_wconf 83' lang='lat' dir='ltr'>statim</span> <span class='ocrx_word' id='word_1_310' title='bbox 572 2385 751 2426; x_wconf 74' lang='lat' dir='ltr'>candid-1</span> <span class='ocrx_word' id='word_1_311' title='bbox 773 2395 880 2441; x_wconf 83' lang='lat' dir='ltr'>toga,</span> <span class='ocrx_word' id='word_1_312' title='bbox 903 2400 955 2426; x_wconf 86' lang='lat' dir='ltr'>ex</span> <span class='ocrx_word' id='word_1_313' title='bbox 984 2385 1256 2441; x_wconf 77' lang='lat' dir='ltr'>competitole</span> <span class='ocrx_word' id='word_1_314' title='bbox 1284 2385 1336 2427; x_wconf 90' lang='lat' dir='ltr'>de</span> <span class='ocrx_word' id='word_1_315' title='bbox 1359 2386 1532 2427; x_wconf 74' lang='lat' dir='ltr'>victotia</span> 
     </span>
     <span class='ocr_line' id='line_1_39' title="bbox 142 2443 1527 2500; baseline 0 -15"><span class='ocrx_word' id='word_1_316' title='bbox 142 2453 257 2485; x_wconf 87' lang='lat' dir='ltr'>certo</span> <span class='ocrx_word' id='word_1_317' title='bbox 276 2454 418 2500; x_wconf 79' lang='lat' dir='ltr'>‹rratus</span> <span class='ocrx_word' id='word_1_318' title='bbox 439 2443 568 2485; x_wconf 86' lang='lat' dir='ltr'>cliens</span> <span class='ocrx_word' id='word_1_319' title='bbox 589 2452 631 2484; x_wconf 93' lang='lat' dir='ltr'>et</span> <span class='ocrx_word' id='word_1_320' title='bbox 652 2443 936 2499; x_wconf 83' lang='lat' dir='ltr'>competitoris</span> <span class='ocrx_word' id='word_1_321' title='bbox 957 2459 1017 2483; x_wconf 78' lang='lat' dir='ltr'>sni</span> <span class='ocrx_word' id='word_1_322' title='bbox 1041 2444 1287 2497; x_wconf 67' lang='lat' dir='ltr'>sufli‹221g‹1tor</span> <span class='ocrx_word' id='word_1_323' title='bbox 1302 2443 1434 2484; x_wconf 74' lang='lat' dir='ltr'>factus</span> <span class='ocrx_word' id='word_1_324' title='bbox 1456 2455 1527 2485; x_wconf 82' lang='lat' dir='ltr'>est.</span> 
     </span>
     <span class='ocr_line' id='line_1_40' title="bbox 145 2501 1530 2566; baseline 0 -23"><span class='ocrx_word' id='word_1_325' title='bbox 145 2502 213 2543; x_wconf 87' lang='lat' dir='ltr'>Sic</span> <span class='ocrx_word' id='word_1_326' title='bbox 236 2502 450 2550; x_wconf 83' lang='lat' dir='ltr'>honorem,</span> <span class='ocrx_word' id='word_1_327' title='bbox 469 2517 593 2566; x_wconf 75' lang='lat' dir='ltr'>quem</span> <span class='ocrx_word' id='word_1_328' title='bbox 616 2518 639 2542; x_wconf 90' lang='lat' dir='ltr'>a</span> <span class='ocrx_word' id='word_1_329' title='bbox 661 2501 842 2557; x_wconf 86' lang='lat' dir='ltr'>populo</span> <span class='ocrx_word' id='word_1_330' title='bbox 834 2511 993 2557; x_wconf 85' lang='lat' dir='ltr'>nnpetr·</span> <span class='ocrx_word' id='word_1_331' title='bbox 986 2511 1128 2542; x_wconf 60' lang='lat' dir='ltr'>‘iturus</span> <span class='ocrx_word' id='word_1_332' title='bbox 1153 2501 1292 2557; x_wconf 81' lang='lat' dir='ltr'>Scipio</span> <span class='ocrx_word' id='word_1_333' title='bbox 1313 2516 1399 2542; x_wconf 89' lang='lat' dir='ltr'>non</span> <span class='ocrx_word' id='word_1_334' title='bbox 1417 2501 1530 2543; x_wconf 87' lang='lat' dir='ltr'>vide-</span> 
     </span>
     <span class='ocr_line' id='line_1_41' title="bbox 143 2559 1529 2616; baseline -0.001 -15"><span class='ocrx_word' id='word_1_335' title='bbox 143 2560 276 2610; x_wconf 86' lang='lat' dir='ltr'>batur,</span> <span class='ocrx_word' id='word_1_336' title='bbox 298 2575 377 2616; x_wconf 86' lang='lat' dir='ltr'>ope</span> <span class='ocrx_word' id='word_1_337' title='bbox 409 2560 459 2600; x_wconf 92' lang='grc'>(</span> <span class='ocrx_word' id='word_1_338' title='bbox 452 2575 589 2601; x_wconf 79' lang='lat' dir='ltr'>iceren</span> <span class='ocrx_word' id='word_1_339' title='bbox 615 2568 864 2600; x_wconf 82' lang='lat' dir='ltr'>consecutus</span> <span class='ocrx_word' id='word_1_340' title='bbox 892 2569 966 2608; x_wconf 86' lang='lat' dir='ltr'>est,</span> <span class='ocrx_word' id='word_1_341' title='bbox 990 2559 1142 2600; x_wconf 83' lang='lat' dir='ltr'>1n·1i01e</span> <span class='ocrx_word' id='word_1_342' title='bbox 1175 2559 1355 2600; x_wconf 86' lang='lat' dir='ltr'>Cicereii</span> <span class='ocrx_word' id='word_1_343' title='bbox 1385 2559 1529 2615; x_wconf 75' lang='lat' dir='ltr'>gloria,</span> 
     </span>
     <span class='ocr_line' id='line_1_42' title="bbox 143 2617 1531 2673; baseline -0.001 -14"><span class='ocrx_word' id='word_1_344' title='bbox 143 2633 269 2673; x_wconf 85' lang='lat' dir='ltr'>quam</span> <span class='ocrx_word' id='word_1_345' title='bbox 301 2634 384 2659; x_wconf 75' lang='lat' dir='ltr'>sna.</span> <span class='ocrx_word' id='word_1_346' title='bbox 450 2617 705 2658; x_wconf 80' lang='lat' dir='ltr'>Consulibus</span> <span class='ocrx_word' id='word_1_347' title='bbox 737 2617 972 2673; x_wconf 85' lang='lat' dir='ltr'>provinciae</span> <span class='ocrx_word' id='word_1_348' title='bbox 1004 2617 1230 2672; x_wconf 70' lang='lat' dir='ltr'>assignatae</span> <span class='ocrx_word' id='word_1_349' title='bbox 1262 2628 1358 2658; x_wconf 84' lang='lat' dir='ltr'>sunt</span> <span class='ocrx_word' id='word_1_350' title='bbox 1392 2617 1531 2658; x_wconf 78' lang='lat' dir='ltr'>Gallia</span> 
     </span>
     <span class='ocr_line' id='line_1_43' title="bbox 143 2674 1530 2732; baseline -0.002 -14"><span class='ocrx_word' id='word_1_351' title='bbox 143 2687 185 2718; x_wconf 86' lang='lat' dir='ltr'>ct</span> <span class='ocrx_word' id='word_1_352' title='bbox 217 2675 403 2732; x_wconf 84' lang='lat' dir='ltr'>Ligures.</span> <span class='ocrx_word' id='word_1_353' title='bbox 468 2674 572 2717; x_wconf 85' lang='lat' dir='ltr'>Mox</span> <span class='ocrx_word' id='word_1_354' title='bbox 604 2675 734 2717; x_wconf 84' lang='lat' dir='ltr'>sortiti</span> <span class='ocrx_word' id='word_1_355' title='bbox 773 2685 992 2731; x_wconf 80' lang='lat' dir='ltr'>praetores,</span> <span class='ocrx_word' id='word_1_356' title='bbox 1028 2675 1078 2715; x_wconf 82' lang='lat' dir='ltr'>C.</span> <span class='ocrx_word' id='word_1_357' title='bbox 1106 2675 1275 2716; x_wconf 69' lang='lat' dir='ltr'>Cassius</span> <span class='ocrx_word' id='word_1_358' title='bbox 1313 2675 1530 2731; x_wconf 71' lang='lat' dir='ltr'>Longinus</span> 
     </span>
    </p>
   </div>
   <div class='ocr_carea' id='block_1_3' title="bbox 143 2844 1528 2961">
    <p class='ocr_par' dir='ltr' id='par_1_3' title="bbox 143 2844 1528 2961">
     <span class='ocr_line' id='line_1_44' title="bbox 187 2844 1528 2885; baseline -0.001 -11"><span class='ocrx_word' id='word_1_359' title='bbox 187 2857 202 2882; x_wconf 67' lang='grc'><strong>4</strong></span> <span class='ocrx_word' id='word_1_360' title='bbox 231 2846 363 2874; x_wconf 77' lang='lat' dir='ltr'>&#39;l&#39;nnlmn</span> <span class='ocrx_word' id='word_1_361' title='bbox 385 2846 600 2885; x_wconf 67' lang='lat' dir='ltr'>rapuit-orum!</span> <span class='ocrx_word' id='word_1_362' title='bbox 635 2846 673 2874; x_wconf 74' lang='lat' dir='ltr'>cf.</span> <span class='ocrx_word' id='word_1_363' title='bbox 694 2846 813 2874; x_wconf 69' lang='lat' dir='ltr'>Ain-tor</span> <span class='ocrx_word' id='word_1_364' title='bbox 902 2854 917 2882; x_wconf 73' lang='lat'>5</span> <span class='ocrx_word' id='word_1_365' title='bbox 944 2846 1006 2881; x_wconf 71' lang='lat' dir='ltr'>Qui</span> <span class='ocrx_word' id='word_1_366' title='bbox 1030 2846 1133 2884; x_wconf 64' lang='lat' dir='ltr'>putris</span> <span class='ocrx_word' id='word_1_367' title='bbox 1156 2846 1225 2874; x_wconf 69' lang='lat' dir='ltr'>cius</span> <span class='ocrx_word' id='word_1_368' title='bbox 1249 2845 1369 2882; x_wconf 57' lang='lat' dir='ltr'>scriba}</span> <span class='ocrx_word' id='word_1_369' title='bbox 1396 2845 1435 2874; x_wconf 64' lang='grc' dir='ltr'>Μ’.</span> <span class='ocrx_word' id='word_1_370' title='bbox 1459 2844 1528 2873; x_wconf 63' lang='lat' dir='ltr'>val.</span> 
     </span>
     <span class='ocr_line' id='line_1_45' title="bbox 144 2887 1307 2926; baseline 0.002 -11"><span class='ocrx_word' id='word_1_371' title='bbox 144 2887 183 2916; x_wconf 72' lang='lat' dir='ltr'>tle</span> <span class='ocrx_word' id='word_1_372' title='bbox 210 2887 275 2917; x_wconf 78' lang='lat' dir='ltr'>vir.</span> <span class='ocrx_word' id='word_1_373' title='bbox 307 2888 425 2918; x_wconf 69' lang='lat' dir='ltr'>illustr.</span> <span class='ocrx_word' id='word_1_374' title='bbox 451 2897 483 2918; x_wconf 64' lang='grc' dir='ltr'><strong>τι</strong></span> <span class='ocrx_word' id='word_1_375' title='bbox 511 2893 539 2917; x_wconf 77' lang='lat' dir='ltr'>et</span> <span class='ocrx_word' id='word_1_376' title='bbox 567 2890 613 2918; x_wconf 61' lang='grc' dir='ltr'>εΗ.</span> <span class='ocrx_word' id='word_1_377' title='bbox 642 2887 762 2917; x_wconf 61' lang='lat' dir='ltr'>Festus.</span> <span class='ocrx_word' id='word_1_378' title='bbox 787 2898 813 2917; x_wconf 67' lang='grc' dir='ltr'><strong>ι’.</strong></span> <span class='ocrx_word' id='word_1_379' title='bbox 862 2888 949 2918; x_wconf 72' lang='lat' dir='ltr'>Max.</span> <span class='ocrx_word' id='word_1_380' title='bbox 968 2887 1008 2918; x_wconf 79' lang='lat' dir='ltr'>iii.</span> <span class='ocrx_word' id='word_1_381' title='bbox 1028 2888 1090 2926; x_wconf 73' lang='lat'>5.§</span> <span class='ocrx_word' id='word_1_382' title='bbox 1113 2897 1135 2918; x_wconf 90' lang='grc' dir='ltr'>ι.</span> <span class='ocrx_word' id='word_1_383' title='bbox 1156 2897 1181 2917; x_wconf 74' lang='grc' dir='ltr'>ι’.</span> <span class='ocrx_word' id='word_1_384' title='bbox 1200 2896 1227 2925; x_wconf 78' lang='lat'>5.</span> <span class='ocrx_word' id='word_1_385' title='bbox 1246 2888 1262 2924; x_wconf 65' lang='grc' dir='ltr'><strong>ἓ</strong></span> <span class='ocrx_word' id='word_1_386' title='bbox 1281 2897 1307 2926; x_wconf 75' lang='lat'>3.</span> 
     </span>
     <span class='ocr_line' id='line_1_46' title="bbox 143 2930 402 2961; baseline 0.015 -5"><span class='ocrx_word' id='word_1_387' title='bbox 143 2930 237 2960; x_wconf 75' lang='lat' dir='ltr'>Sardi</span> <span class='ocrx_word' id='word_1_388' title='bbox 263 2931 402 2961; x_wconf 74' lang='lat' dir='ltr'>Venales.</span> 
     </span>
    </p>
   </div>
  </div>
 </body>
</html>
