1888 3194
641 175 1072 218 KREYSSIGII.
1473 182 1550 220 401

159 297 270 337 quae
302 289 500 340 vergeret
529 282 659 325 Frob.
682 286 721 325 2.
739 307 797 313 —
813 283 924 325 Ibid.
947 290 989 325 et
1016 298 1124 325 vasa
1152 281 1364 340 argentea
1392 294 1554 328 centum

153 351 312 405 pondo,
353 356 396 391 et
434 365 570 392 aurea
610 352 767 407 viginti
804 352 952 407 pondo
992 366 1072 406 pro
1112 357 1153 392 et
1195 366 1302 393 vasa
1343 360 1553 407 argentea

157 423 320 458 centum
360 419 508 473 pondo
551 419 680 460 Frob.
721 419 958 473 2.--Cap.
1001 419 1068 460 524.
1108 419 1161 460 A.
1201 419 1431 461 Cornelius
1470 435 1551 475 pro

153 483 209 525 L.
232 484 457 526 Cornelius
481 486 610 528 Frob.
635 486 925 542 2.—*†Cap.
960 489 1027 529 26.
1061 488 1171 529 adeo
1202 502 1282 542 pro
1317 488 1373 528 ab
1408 487 1550 543 Aegio

153 550 603 609 Ascens,—*†1bid.
646 571 736 596 cum
775 569 854 610 pro
896 561 980 596 tum
1021 555 1205 597 Ascens.
1229 555 1438 610 —*Cap.
1481 557 1548 597 27.

143 633 365 675 prospera
405 636 453 662 re
492 623 633 664 elatus
673 637 752 678 pro
784 637 1006 679 prospera
1047 624 1187 664 elatus
1227 638 1289 672 re,
1332 624 1452 678 quod
1492 623 1551 665 illi

151 686 194 727 in
227 686 357 730 Frob.
391 691 429 730 2.
465 705 695 745 perperam
728 698 794 732 est
831 691 1127 740 substitutum,
1165 689 1470 733 Ald.-Ibid.
1509 699 1551 733 et

143 756 282 809 pauci
320 771 401 812 pro
433 759 573 813 pauci
606 757 787 800 Ascens.
810 782 866 787 —-
888 758 999 799 Ibid.
1036 758 1271 813 praeberet
1305 773 1386 813 pro
1415 774 1551 814 prae-

152 822 299 864 berent
343 823 473 866 Frob.
521 825 764 867 1.—Ibid.
807 826 1007 881 quoniam
1052 826 1162 866 satis
1211 832 1252 866 et
1302 841 1471 867 suorum
1521 842 1550 868 α

147 891 314 944 pudore
353 907 434 946 pro
475 894 674 948 quoniam
717 894 828 934 satis
871 899 1010 934 essent
1054 899 1183 934 testes
1227 908 1395 934 suorum
1440 900 1482 935 et
1520 909 1548 936 α

143 958 315 1010 pudore
348 958 530 1001 Ascens.
553 985 610 989 ——
630 960 765 1002 *Ibid.
799 961 984 1001 maxime
1015 967 1148 1015 parte
1181 975 1260 1015 pro
1296 962 1481 1002 maxime
1520 977 1546 1002 a

141 1031 279 1078 parte
309 1025 490 1068 Ascens.
514 1051 571 1056 —-—
591 1028 727 1082 †Cap.
763 1028 830 1068 28.
852 1027 980 1082 soret
1014 1041 1093 1081 pro
1128 1034 1238 1068 esset
1271 1027 1400 1069 Frob.
1436 1031 1548 1068 ⁴2.—

150 1090 256 1145 Cap.
280 1093 348 1132 29.
375 1099 416 1133 et
441 1109 692 1149 quacunque
716 1109 796 1148 pro
822 1108 1087 1149 quacumque
1114 1094 1243 1135 Frob.
1270 1097 1308 1135 52.
1333 1120 1389 1123 —
1410 1096 1545 1137 *Ibid.

148 1158 313 1214 iniqua,
351 1175 477 1215 quam
509 1176 588 1215 pro
622 1175 887 1217 nequaquam
926 1161 1054 1202 Frob.
1099 1162 1130 1201 1.
1153 1186 1210 1190 -
1232 1162 1337 1216 Cap.
1372 1164 1439 1203 30.
1474 1164 1548 1204 cix

148 1227 425 1281 tranquillum
453 1242 534 1282 pro
563 1229 634 1269 via
663 1229 939 1284 tranquillum
966 1228 1086 1283 Mog.
1109 1253 1164 1257 —
1186 1228 1297 1269 Ibid.
1320 1230 1548 1271 descende-

147 1301 247 1336 runt
276 1311 357 1350 pro
388 1297 695 1338 descenderant
719 1296 820 1338 Ald.
843 1321 901 1325 —
922 1296 1028 1351 Cap.
1053 1297 1120 1337 31.
1153 1298 1241 1338 Sub
1268 1298 1379 1339 hanc
1406 1313 1547 1340 vocem

146 1377 228 1417 pro
257 1363 346 1404 Sub
375 1364 459 1405 hac
486 1379 588 1405 voce
617 1364 740 1419 Mog.
762 1388 819 1393 —
840 1364 950 1405 Ibid.
979 1379 1162 1420 magnae
1193 1379 1283 1405 cum
1311 1380 1391 1419 pro
1413 1366 1548 1421 Alag-

146 1436 287 1471 netum
323 1430 455 1472 Frob.
491 1433 529 1471 2.
565 1440 608 1472 et
643 1431 693 1472 B.
717 1455 774 1460 -
795 1432 899 1486 Cap.
935 1432 1002 1472 33.
1039 1447 1135 1473 nam
1172 1447 1296 1486 quum
1328 1433 1376 1473 id
1407 1433 1546 1487 ipsum

147 1497 365 1539 decretum
398 1505 601 1554 posceret
646 1514 738 1540 eum
782 1499 1011 1545 Quinctius
1061 1514 1139 1554 pro
1190 1514 1286 1540 nam
1327 1515 1451 1554 quum
1502 1501 1549 1540 id

147 1565 284 1620 ipsum
314 1573 516 1621 posceret
547 1568 762 1608 decretum
803 1567 851 1608 T.
880 1567 1107 1612 Quinctius
1140 1567 1268 1608 Frob.
1299 1570 1339 1608 52.
1358 1567 1542 1609 —Ibid.

147 1633 272 1673 aliud
290 1634 334 1673 in
354 1635 610 1689 praesentia
638 1649 717 1688 pro
738 1635 883 1689 primo
913 1635 1037 1675 aliud
1066 1635 1110 1675 in
1136 1635 1390 1689 praesentia
1413 1634 1543 1676 Frob.

147 1700 422 1756 2.—*Cap.
465 1703 533 1742 31·.
580 1703 734 1742 moturi
785 1717 864 1756 pro
916 1703 1016 1743 moti
1057 1702 1452 1743 Ascens.—1bid.
1506 1709 1546 1743 et

147 1769 349 1824 optimum
381 1784 585 1825 quemque
615 1785 694 1824 pro
725 1771 924 1825 optimum
957 1785 1162 1825 quemque
1194 1769 1316 1824 Mog.
1347 1778 1390 1811 et
1420 1769 1471 1810 B.
1490 1794 1547 1799 -—

147 1835 258 1878 Ibid.
297 1838 545 1878 Chalcidem
576 1844 617 1879 et
649 1838 1013 1879 Lacedaemonem
1047 1853 1126 1892 pro
1164 1839 1424 1888 Chalcidem,
1458 1839 1546 1880 La-

146 1905 438 1945 cedaemonem
482 1905 603 1959 Mog.
628 1904 843 1946 —*lbid.
887 1906 1004 1946 nulla
1053 1906 1145 1946 alia‘
1191 1921 1290 1961 spes
1331 1913 1425 1947 erat
1467 1922 1545 1961 pro

145 1972 264 2013 nulla
303 1986 403 2027 spes
443 1973 534 2012 alia
575 1978 671 2013 erat
710 1972 895 2014 Ascens.
918 1972 1134 2014 —*1bid.
1178 1974 1419 2014 concionem
1445 1974 1546 2028 fre-

146 2045 337 2095 quentem
369 2041 494 2081 adire
521 2040 665 2081 iubent
699 2055 777 2094 pro
807 2041 1045 2081 concionem
1063 2041 1327 2095 frequenter
1358 2040 1423 2083 vel
1442 2043 1543 2096 sre-

145 2114 338 2163 quentem
370 2109 568 2149 adierunt
599 2108 730 2150 Frob.
763 2110 797 2150 1.
816 2108 1025 2150 —*Ibid.
1047 2109 1304 2164 praefectus
1335 2124 1413 2164 pro
1445 2116 1544 2150 tunc

147 2175 234 2217 sive
265 2182 350 2216 tum
374 2176 631 2231 praefectus
659 2176 842 2217 Ascens.
861 2201 916 2205 -—
935 2175 1068 2231 *Cap.
1098 2177 1167 2217 35.
1198 2176 1544 2218 Lacedaemones

146 2250 191 2284 et
221 2243 574 2285 Lacedaemonas
610 2260 688 2299 pro
726 2245 1094 2286 Lacedaemonios
1125 2244 1309 2285 Ascens.
1343 2252 1387 2285 et
1420 2244 1541 2299 Mog.

146 2310 335 2352 -Ibid.
378 2313 642 2368 dextrasque
692 2327 770 2366 pro
816 2313 998 2353 dea-tras
1037 2311 1220 2353 Ascens.
1244 2312 1429 2366 —Cap.
1472 2313 1540 2352 36.

146 2377 273 2420 simul
305 2386 566 2436 contemptus
603 2396 681 2435 pro
716 2396 769 2421 ae
805 2381 932 2422 simul
965 2387 1229 2436 contemptus
1264 2380 1394 2422 Frob.
1428 2383 1468 2421 2.
1489 2404 1543 2408 —

147 2445 255 2501 Cap.
279 2447 347 2489 40.
377 2449 608 2503 Crassipes
640 2464 718 2504 pro
754 2450 939 2490 Crassus
971 2449 1006 2490 F
1010 2451 1102 2490 rob.
1135 2452 1174 2490 22.
1194 2449 1369 2504 -Cap.
1396 2449 1466 2489 41.
1499 2449 1541 2489 in

147 2514 255 2555 cella
284 2515 404 2556 lovis
434 2531 511 2571 pro
543 2523 583 2557 et
614 2517 656 2557 iu
693 2517 803 2557 cella
836 2517 967 2566 Iocis,
1004 2517 1122 2571 quod
1156 2526 1282 2558 antea
1314 2517 1541 2564 edebatur,

148 2580 277 2623 Frob.
302 2585 342 2624 Ω.
361 2607 416 2612 —
432 2584 567 2639 †Cap.
591 2584 659 2625 422.
684 2585 925 2640 quempiam
957 2599 1036 2639 pro
1064 2599 1311 2639 quemquam
1342 2583 1472 2625 Frob.
1501 2586 1539 2625 52.

147 2672 203 2677 —
219 2649 326 2705 Cap.
350 2651 418 2692 46.
444 2651 641 2693 Lamiam
673 2667 751 2707 pro
775 2652 1018 2707 Ilyameam
1049 2652 1179 2694 Frob.
1209 2654 1242 2693 1.
1261 2676 1315 2681 ——
1334 2651 1441 2706 Cap.
1471 2653 1540 2692 44.

148 2720 396 2760 excusantis
446 2735 526 2775 pro
564 2721 709 2776 primo
754 2722 1003 2762 excusantis
1046 2721 1167 2775 Mog.
1190 2745 1244 2749 -
1267 2720 1378 2761 Ibid.
1421 2722 1539 2769 viris,

150 2786 271 2839 equis
305 2801 384 2840 pro
414 2788 521 2829 viris
556 2788 761 2843 equisque
797 2787 927 2830 Frob.
965 2791 1005 2829 9..
1025 2788 1229 2842 —'Cap.
1262 2788 1331 2828 45.
1368 2788 1541 2828 abscisa

210 2864 306 2892 von.
332 2865 388 2893 tv.
1264 2868 1291 2894 n
1313 2853 1340 2894 d
