1888 3194
268 475 770 530 PRAEFATIO
832 476 1392 533 KREYSSIGII

148 631 262 695 'AD
314 647 585 694 LIBRUM
635 647 1086 696 TRICESIMUM
1138 650 1480 698 TERTIUM.

702 825 785 830 -.oe
809 816 857 838 0,
888 826 954 830 „-

270 1038 424 1079 tame-n,
451 1045 584 1085 quum
613 1030 712 1071 olim
745 1031 788 1072 in
816 1031 1067 1074 Ernestiana
1096 1033 1208 1074 Livii
1239 1033 1425 1075 editione
1457 1049 1524 1075 rc-

119 1097 414 1152 cognoscenda
434 1107 674 1154 occupatus,
697 1107 745 1140 ut
765 1099 869 1140 mihi
891 1100 944 1141 de
968 1100 1113 1141 Franc.
1136 1100 1325 1142 Goelleri
1347 1102 1522 1158 eiusque

119 1164 222 1206 socii
242 1164 463 1221 diligentia
483 1165 634 1207 multas
663 1167 717 1207 ob
742 1182 886 1208 causas
907 1167 1119 1208 dubitanti
1140 1168 1298 1210 codicis
1319 1168 1523 1211 Bamber-

117 1232 258 1288 gensis
288 1231 431 1274 denuo
461 1232 715 1289 inspiciendi
746 1234 868 1291 copia
897 1234 1081 1286 daretur,
1113 1250 1139 1276 a
1169 1235 1309 1277 Ioach.
1337 1235 1520 1287 Iaeckio,

117 1298 398 1342 bibliothecae
436 1299 760 1358 Bambergensis
794 1302 1021 1358 praefecto,
1056 1303 1295 1345 verecunde
1332 1304 1521 1360 quidem,

117 1377 166 1410 ut
189 1384 265 1426 par
291 1378 394 1420 erat,
416 1369 492 1411 sed
520 1369 672 1412 frustra
701 1371 1025 1422 contendissem,
1048 1387 1238 1429 unquam
1269 1382 1521 1416 eventurum

117 1451 206 1478 esse
235 1452 512 1494 speraveram,
535 1438 580 1479 id
607 1439 746 1495 ipsum
771 1448 868 1481 ante
897 1439 975 1481 hos
1003 1449 1098 1482 octo
1127 1449 1171 1482 et
1191 1441 1308 1498 quod
1335 1442 1522 1484 excurrit

118 1520 250 1547 annos
282 1520 380 1547 casu
413 1515 486 1547 aut
517 1506 622 1548 forte
655 1507 823 1548 fortuna
849 1522 928 1549 nec
956 1508 1148 1564 opinanti
1179 1508 1284 1550 mihi
1315 1509 1426 1551 ultro
1457 1519 1521 1552 est

118 1572 318 1614 oblatum.
381 1573 590 1615 Absoluta
614 1574 729 1615 enim
751 1574 863 1616 Livii
884 1575 1086 1626 editione,
1109 1591 1237 1632 quam
1263 1576 1386 1619 Imm.
1406 1577 1521 1619 Bek-

117 1640 243 1682 kcrus
273 1641 319 1682 in
349 1656 472 1683 usum
503 1641 739 1683 scholarum
771 1642 1003 1693 adornavit,
1034 1643 1202 1686 libraria
1224 1643 1521 1688 Weidmannia

117 1709 275 1751 codicis
306 1709 669 1751 Laurishamensis
699 1710 784 1751 sive
807 1710 1156 1753 Vindobonensis
1186 1712 1469 1764 collationem,
1496 1729 1521 1755 a

118 1777 263 1819 Barth.
304 1778 542 1834 Kopitario,
584 1777 863 1819 bibliothecae
906 1778 1138 1821 Caesareae
1175 1779 1521 1823 Vindobonensis

117 1845 305 1896 custode,
328 1845 518 1887 eiusdem
539 1845 730 1887 librariae
752 1846 990 1902 sumptibus
1019 1847 1063 1887 in
1088 1862 1204 1889 meos
1232 1863 1331 1889 usus
1351 1848 1521 1891 institu-

117 1922 202 1955 tam
238 1923 366 1970 atque
403 1929 500 1955 cum
539 1913 733 1955 Bekkcro
770 1915 1072 1957 communicari
1108 1916 1276 1966 iussam,
1314 1916 1418 1958 mihi
1454 1932 1519 1959 re-

115 1983 242 2034 misit,
265 1983 439 2025 adiectis
460 1984 625 2025 duobus
653 1983 869 2025 codicibus
895 1983 1314 2040 Bambergcnsibus1,
1336 2000 1517 2040 quorum

115 2050 294 2093 alterum
322 2051 447 2108 longe
477 2051 822 2108 praestantiorem
846 2051 960 2101 olim,
984 2060 1030 2093 ut
1059 2067 1184 2108 supra
1205 2051 1308 2102 dixi,
1332 2053 1517 2095 nancisci

114 2133 200 2161 non
222 2128 456 2177 potueram,
478 2119 656 2161 alterum
677 2135 751 2161 sex
773 2120 931 2175 priores
948 2119 1060 2161 Livii
1082 2119 1209 2162 libros
1229 2135 1326 2162 cum
1347 2121 1516 2178 septimi

114 2187 319 2244 particula
371 2187 722 2245 complectentem
777 2186 952 2229 Godofr.
1008 2188 1254 2238 Scebodius,
1307 2188 1351 2230 id
1401 2189 1516 2246 quod

115 2254 308 2298 Iaeckius
328 2257 569 2313 nuperrime
592 2257 645 2298 ad
676 2272 741 2298 me
764 2257 1017 2313 perscripsit,
1040 2272 1154 2298 nunc
1177 2272 1309 2314 quum
1332 2258 1514 2299 maxime

114 2334 409 2381 perscrutatur.
494 2325 661 2367 Horum
703 2325 898 2367 codicum
939 2335 1132 2382 aspectus
1175 2325 1514 2377 iucundissimus,

127 960 369 1088 QUOD
406 961 486 1002 iani
524 961 687 1003 dudum
723 962 996 1006 vehementer
1034 974 1344 1022 exoptaveram,
1382 981 1523 1023 neque

161 2484 172 2504 ι
203 2474 255 2505 Dc
280 2478 416 2514 utroque
446 2474 517 2505 vide
547 2475 669 2506 Iiieekii
700 2475 790 2505 voli·
839 2476 1094 2507 Handsebriften
1130 2477 1186 2506 der
1217 2476 1427 2507 offentliehen
1461 2476 1515 2507 Bi-

114 2516 259 2556 stiindige
297 2517 540 2557 Besclireibung
577 2519 633 2548 ‹ler
677 2519 790 2548 iist'ent-
838 2519 982 2549 bliothek
1009 2530 1046 2549 zu
1073 2519 1243 2557 Bamberg.
1266 2518 1409 2559 Leipzig,
1436 2519 1515 2558 1833

115 2557 221 2590 lichen
236 2559 423 2591 Bibliothek
442 2570 481 2590 zu
501 2560 670 2599 Bamberg.
685 2561 790 2591 Niirn-
836 2570 930 2600 —35.
959 2562 1049 2592 Fase.
1074 2562 1142 2592 111.
1166 2561 1248 2592 Tab.
1268 2562 1331 2592 Vl.
1353 2562 1418 2592 No.
1438 2571 1465 2592 ⁷..
1483 2566 1515 2592 et

116 2601 201 2641 berg,
232 2603 408 2641 1831--34.
436 2603 523 2633 I'art.
548 2603 574 2634 l.
598 2613 628 2642 p.
654 2604 734 2634 LII.
760 2608 791 2634 et
838 2613 865 2642 5.
912 2603 1016 2634 Miror
1031 2608 1153 2641 tamen,
1173 2604 1340 2634 lueckium
1359 2614 1421 2634 non
1443 2603 1514 2634 libri

121 2652 187 2676 ιιο.
212 2648 309 2684 utque
339 2646 425 2676 l'art.
456 2646 504 2677 ll.
533 2656 563 2685 p.
594 2646 636 2677 X.
664 2646 701 2677 L.
729 2646 790 2677 lV.
836 2646 987 2677 tricesimi
1024 2646 1122 2684 tertii,
1153 2647 1184 2677 id
1220 2647 1305 2685 quod
1341 2646 1516 2677 Goellerus

116 2685 299 2726 Scriptume
315 2687 491 2727 specimina
507 2699 546 2718 ex
565 2688 614 2718 liis
625 2688 791 2719 codicibus
836 2689 923 2726 feeit,
951 2689 1099 2728 paginam
1126 2689 1265 2720 aliumve
1291 2689 1409 2719 codicis
1433 2689 1514 2719 anti-

116 2727 156 2758 do
182 2730 789 2771 romptureperiunturinoperesplen-
835 2732 954 2770 qiiioris
987 2731 1193 2771 partit-nium,
1224 2732 1279 2762 sed
1315 2732 1409 2761 verba
1443 2731 1515 2762 Lib.

116 2738 292 2809 didiuimo,
307 2773 393 2811 qumi
416 2773 501 2803 idem
522 2773 672 2804 lneekius
688 2774 790 2804 edidit
838 2774 978 2806 XXIV.
996 2783 1021 2813 7.
1039 2775 1141 2805 literis
1162 2776 1326 2805 certiorem
1341 2775 1436 2813 scm-it,
1453 2779 1513 2804 etc.

117 2811 163 2842 iux
176 2812 270 2843 inseri
297 2819 387 2845 tum:
417 2815 510 2845 Viele
525 2816 709 2855 Alpliubete
728 2817 792 2847 und
838 2828 877 2847 ex
895 2816 1014 2847 codicis
1030 2816 1215 2847 recentioris
1237 2816 1395 2856 principio
1413 2815 1515 2855 petitu

115 2864 215 2892 gunzo
235 2824 498 2888 &litia-Musteu-
522 2868 593 2887 voin
620 2858 724 2889 vill.
747 2858 794 2888 his
837 2871 856 2890 a
873 2860 1111 2899 eliiilcogrupbo
1125 2859 1260 2890 ‹lt-scribi
1279 2858 1414 2889 iussisse.

118 2907 187 2927 znin
227 2897 329 2929 xvl.
360 2898 604 2930 Juhrhundertc
637 2911 695 2931 uus
729 2901 791 2931 den
