1888 3194
635 189 926 227 INDEX.

131 266 174 298 ad
189 269 368 306 praetorem
382 263 481 296 delati
498 273 549 305 25,
568 274 594 296 1.

91 307 200 340 Liberi
215 312 391 349 sequuntur
405 310 531 347 patrem
546 317 577 345 4,
593 317 623 346 4.

90 351 199 383 Liberi
225 352 422 390 Liberaeque
448 349 544 380 aedes
570 357 601 398 3,
628 356 678 388 55.
708 357 761 386 41,

134 403 184 434 33.
208 394 324 425 Libero
340 393 540 432 Liberaeque
555 392 645 432 signa
659 401 760 422 aenea

133 446 174 467 ex
202 439 333 476 argento
361 434 543 466 multaticio
573 433 679 475 posita
708 442 760 473 33,

91 521 238 553 Libertas
252 521 375 562 populo
391 521 489 552 Rom.
501 519 628 551 reddita
643 529 674 557 2,
693 529 719 550 1.

91 563 264 596 Libertatis
282 564 401 595 atrium
423 572 474 602 25,
496 570 523 603 7.
546 563 580 594 in
601 572 639 594 eo
658 566 761 593 custo-

133 607 192 638 diti
207 606 334 638 obsides
347 606 604 644 Tarentinorum,
615 605 692 637 ibid.
715 615 761 636 re-

133 649 239 680 ficitur
254 658 306 689 34,
321 661 372 689 44.
389 649 428 680 cf.
445 653 477 680 et
493 657 546 688 45,
565 656 612 687 15.

91 691 248 726 Libertini
264 692 361 724 etiam
376 692 410 723 in
425 692 577 723 militiam
593 690 762 722 centuriati

137 744 186 774 10,
197 745 247 767 21.
273 745 324 774 22,
339 745 350 766 1
360 745 385 767 1.
409 735 442 766 in
454 735 601 766 navalem
612 734 762 764 militiam

133 778 286 818 descripti
297 776 763 826 4ο,18.42,27.1,11)01·11111

134 821 189 861 qui
219 820 305 852 censi
329 829 382 861 45,
409 830 456 859 14.
487 819 700 851 coniiciuntur
729 819 762 850 in

135 863 339 904 Esquilinam
365 864 485 894 tribum
516 871 562 902 15.
600 862 762 893 libertino-

133 915 205 937 rum
216 906 297 938 filii'
288 917 321 937 m
333 910 481 938 senatum
495 907 536 937 ab
549 906 612 946 Ap.
625 904 764 937 Claudio

134 959 265 981 censore
279 949 353 980 lecti
369 959 400 991 9,
417 947 467 987 46.

93 990 297 1030 Libethrum,
311 992 468 1032 oppidum
484 1002 537 1030 44,
554 999 582 1031 5.

93 1034 237 1066 Libitina
261 1035 314 1066 vix
341 1034 500 1066 sufficiens
521 1033 687 1065 funeribus
711 1043 763 1071 40,

94 1086 191 1152 Iai1¹³19si
208 1076 345 1159 3215632
361 1127 411 1158 35
437 1129 487 1156 2¹
504 1120 554 1158 38
579 1128 630 1159 33,
647 1126 698 1159 37-

94 1162 242 1201 Liburni,
254 1172 333 1202 gens
346 1162 415 1193 fera
432 1171 482 1199 10,
498 1171 526 1193 2.

94 1205 354 1246 Libyphoenices
371 1214 422 1243 21,
439 1214 490 1234 22.
515 1211 566 1243 25,
582 1214 632 1242 40.

94 1247 239 1280 Licinius
258 1248 382 1286 Macer,
402 1247 552 1278 historiae
573 1247 670 1278 Rom.
692 1245 765 1277 scri-

137 1294 211 1331 ptor
225 1301 256 1329 4,
274 1298 303 1331 7,
320 1300 359 1322 20
374 1294 406 1321 et
424 1299 472 1329 23.
499 1297 573 1331 7,9.
601 1299 649 1328 10,
664 1299 694 1331 9.

95 1333 136 1365 A.
153 1333 297 1364 Licinius
321 1333 443 1372 Nerva,
467 1333 539 1364 trib.
567 1333 611 1373 pl.
639 1342 693 1371 41,
719 1341 766 1364 10.

138 1375 262 1458 l4e4gatus
282 1386 334 1416 42,
350 1383 400 1416 35.
424 1386 476 1415 44,
496 1375 543 1407 18.
566 1379 694 1416 praetor
714 1382 767 1414 45,

96 1461 135 1494 C.
138 1430 302 1500 4Licinius,
317 1461 390 1493 trib.
406 1461 451 1502 pl.
470 1470 499 1496 2.
516 1470 566 1501 33.

96 1505 135 1537 C.
150 1504 305 1543 Licinius,
325 1504 398 1535 trib.
419 1504 514 1535 milit.
531 1503 690 1535 consulari
714 1513 768 1544 po-

138 1550 256 1579 testate
270 1546 302 1585 6,
316 1557 365 1587 31.
390 1547 512 1587 primus
520 1546 670 1587 magister
681 1546 768 1586 equi-

139 1593 209 1622 tum
225 1590 266 1622 de
285 1590 380 1630 plebe
403 1589 509 1620 dictus
530 1599 580 1630 39.
603 1589 644 1621 cf.
663 1593 695 1620 et
720 1599 770 1627 10,

97 1676 137 1709 C.
150 1675 305 1714 Licinius,
320 1675 445 1716 legatus
456 1674 686 1715 Carthaginem
697 1674 770 1706 mis-

140 1729 194 1750 sus
210 1728 260 1757 21,
279 1719 327 1750 18.

98 1762 137 1795 C.
150 1761 305 1799 Licinius,
322 1762 502 1801 praefectus
518 1760 666 1801 praesidii
691 1760 771 1792 Rhi-

140 1804 228 1836 zonis
243 1808 275 1836 et
292 1804 424 1842 Olcinii,
440 1804 567 1835 urbium
584 1812 636 1841 45,
653 1802 702 1835 26.

99 1847 138 1880 C.
155 1846 300 1878 Licinius
323 1847 455 1885 Calvus,
482 1857 544 1878 cos.
573 1854 601 1886 7,

142 1894 192 1922 est
221 1890 276 1930 qui
303 1890 341 1922 C.
360 1890 464 1922 Licin.
491 1889 584 1922 Calv.

142 1943 207 1973 quo
222 1932 316 1965 infra.

99 1975 139 2009 C.
155 1975 299 2007 Licinius
319 1976 465 2013 Crassus,
487 1979 625 2016 praetor,
644 1973 774 2005 sortitur

141 2018 393 2050 iurisdictionem
409 2020 564 2050 urbanam
578 2028 630 2057 42.
641 2027 662 2059 9
677 2021 710 2048 et
727 2026 773 2048 10.

140 2061 245 2093 reficit
259 2062 394 2093 classem
411 2070 462 2101 27.
485 2062 599 2093 dextro
615 2070 725 2098 cornu,
741 2060 774 2091 in

141 2104 265 2146 proelio
273 2105 425 2136 adversus
435 2104 563 2140 Persea,
573 2103 774 2144 praepositus

141 2157 163 2180 a
176 2147 273 2179 fratre
292 2148 425 2179 consule
445 2148 496 2187 58.
520 2151 646 2178 creatur
661 2156 723 2178 cos.
740 2150 773 2177 et

142 2190 266 2222 obtinet
297 2190 429 2225 Italiam
461 2201 512 2228 44,
542 2198 588 2230 17.
626 2189 696 2220 eius
724 2198 774 2219 res

142 2237 251 2274 gestae
270 2233 303 2265 in
324 2233 436 2266 Gallia
461 2241 513 2272 45,
539 2242 585 2263 12.
617 2232 646 2263 ei
667 2241 773 2272 proro-

142 2279 237 2316 gatur
249 2275 422 2316 imperium
442 2283 489 2316 17.
513 2275 637 2316 legatus
651 2274 685 2306 in
701 2274 773 2306 Ma-

145 2318 326 2356 cedoniam,
341 2318 417 2350 ibid.

103 2361 141 2394 C.
158 2360 304 2393 Licinius
333 2360 501 2400 Lucullus,
525 2360 598 2392 trib.
627 2359 774 2392 triumvir

144 2404 244 2445 epulo
269 2408 406 2441 creatur,
429 2403 483 2444 qui
508 2404 611 2443 legem
642 2403 682 2434 de
708 2413 773 2434 cre-

143 2447 238 2478 andis
257 2446 430 2478 triumviris
447 2446 642 2487 epulonibus
655 2446 775 2477 tulerat

146 2498 199 2530 33,
228 2499 279 2529 42.
316 2489 463 2520 triumvir
491 2488 563 2520 aedi
596 2488 776 2520 Iuventatis

145 2532 344 2564 dedicandae
360 2531 412 2572 36,
429 2531 479 2572 36.

104 2575 143 2608 C.
161 2575 305 2607 Licinius
331 2575 454 2613 Nerva,
484 2575 620 2615 legatus,
649 2573 776 2605 nuntiat

147 2618 313 2650 victoriam
331 2618 372 2650 de
389 2617 510 2650 Gentio
526 2626 579 2658 45,
595 2626 624 2656 3.
649 2621 777 2657 praetor

151 2670 198 2700 14.
224 2661 355 2693 sortitur
377 2660 570 2701 Hispaniam
591 2660 776 2691 ulteriorem

152 2702 199 2752 ιβ.
222 2704 348 2745 legatus
359 2703 482 2736 reducit
492 2703 619 2735 obsides
630 2702 663 2734 in
675 2703 776 2735 Thra-

149 2756 232 2777 ciam
249 2756 300 2785 4².

106 2789 145 2822 C.
163 2788 306 2821 Licinius
335 2790 456 2822 Calvus
489 2789 592 2827 Stolo,
623 2788 778 2830 plebeius,

149 2831 305 2863 minorem
327 2832 376 2864 M.
392 2831 485 2863 Fabii
505 2832 655 2863 Ambusti
678 2831 777 2862 tiliam

149 2874 239 2906 ducit
265 2873 297 2912 6,
322 2883 372 2913 3⁴·
409 2878 534 2906 creatur
557 2875 628 2906 trib.
657 2875 701 2915 pl.
726 2883 777 2914 35.

151 2918 237 2957 leges
271 2917 423 2949 adversus
457 2916 663 2956 patriciorum
701 2927 778 2956 open

625 1856 654 1887 9.
685 1845 771 1877 idern

611 1889 702 1920 Stolo
732 1890 772 1920 de

845 264 1039 303 promulgat,
1061 263 1139 294 ibid.
1172 263 1310 295 refectus
1331 263 1404 296 trib.
1428 265 1472 305 pl.

845 315 910 336 non
926 306 1048 345 patitur
1059 305 1159 336 creari
1171 306 1298 336 cumles
1309 307 1472 346 magistra-

845 351 909 385 tus,
918 347 995 379 ibid
1013 348 1175 378 decimum
1186 347 1258 379 trib.
1270 349 1313 387 pl.
1325 350 1472 388 refectus,

846 400 919 421 suas
939 390 1024 430 leges
1047 391 1166 430 perfert
1187 400 1237 428 42.
1264 394 1388 421 creatur
1411 402 1475 423 cos.

849 440 878 472 7,
909 441 937 464 2.
975 433 1091 463 iterum
1122 443 1152 474 9.
1189 443 1246 463 sua
1274 432 1376 472 ipsius
1405 434 1474 473 lege

847 476 1018 506 damnatur
1045 473 1092 507 16.
1123 475 1244 515 primus
1267 485 1351 515 mag.
1376 476 1475 515 equit.

848 519 888 550 de
914 519 1010 558 plebe
1036 521 1160 549 creatur
1190 527 1238 556 10,
1264 518 1293 550 8.
1321 518 1362 549 cf.
1389 522 1421 549 et
1443 517 1474 555 6,

806 605 844 638 L.
858 571 1014 642 fficiuius,
1030 607 1156 644 praetor
1173 611 1224 643 27,
1239 604 1269 635 8.

806 649 844 681 L.
858 647 1002 678 Licinius
1018 647 1137 684 Pollio,
1152 647 1276 687 legatus
1293 653 1344 686 27,
1360 656 1410 688 29.

807 692 844 723 L.
862 690 1005 722 Licinius
1032 689 1201 728 Lucullus,
1222 689 1336 721 aedilis
1359 689 1478 721 curulis

849 743 901 773 30,
917 742 933 772 3

807 778 919 809 Macer
935 743 1090 813 Licinius,
1101 775 1252 816 antiquus
1261 779 1384 814 auctor,
1399 774 1477 807 cita-

848 825 933 851 tus
920 838 946 859 7,
961 829 990 861 9.
1018 829 1067 857 10,
1081 828 1112 860 9.

807 864 856 895 M.
877 862 1032 900 Licinius,
1061 862 1133 894 trib.
1160 861 1227 893 mil.
1259 861 1416 893 occiditur
1443 861 1477 892 in

851 905 974 946 proelio
993 912 1043 944 27,
1064 914 1108 936 12.

808 950 859 981 M.
877 948 1021 980 Licinius
1040 948 1175 980 Crassus
1194 958 1257 978 non
1280 947 1401 987 patitur
1421 957 1479 987 per

849 991 986 1022 fundum
1003 1001 1095 1023 suum
1111 1001 1229 1030 aquam
1245 990 1318 1021 duci
1336 1001 1388 1030 40,
1404 999 1453 1029 51.

808 1034 856 1065 M.
874 1033 1018 1065 Licinius
1037 1034 1206 1071 Lucullus,
1227 1038 1354 1073 praetor
1376 1043 1428 1075 39,
1449 1032 1478 1064 6.

850 1077 979 1108 sortitur
1003 1076 1253 1107 iurisdictionem
1282 1076 1365 1107 inter
1390 1087 1479 1116 pere-

850 1120 956 1160 grinos
971 1119 990 1149 8
1006 1123 1038 1149 et
1058 1120 1106 1149 18.

809 1162 862 1194 M.
874 1161 1016 1193 Licinius
1037 1162 1163 1199 Strabo,
1178 1161 1250 1193 trib.
1265 1162 1360 1193 milit.
1376 1161 1479 1193 fortis-

852 1204 940 1278 sime6
948 1204 1115 1242 dimicans,
1129 1205 1170 1235 ab
1187 1205 1278 1236 Istris
1291 1205 1482 1236 interficitur

853 1257 905 1285 41,
942 1271 950 1278 .

811 1289 849 1320 P.
864 1289 1018 1327 Licinius,
1034 1299 1145 1320 censor
1162 1297 1212 1329 27,
1229 1298 1279 1329 34.

811 1332 848 1363 P.
867 1332 1011 1364 Licinius
1031 1333 1163 1370 Calvus,
1184 1333 1306 1372 primus
1325 1343 1364 1364 ex
1386 1333 1482 1372 plebe

854 1376 926 1407 trib.
942 1375 1036 1407 milit.
1054 1375 1211 1406 consulari
1228 1379 1387 1415 potestate
1397 1386 1482 1407 crea-

854 1422 906 1450 tus
929 1426 959 1458 5,
986 1427 1032 1449 12.
1057 1428 1131 1449 011111
1154 1418 1271 1449 iterum
1292 1419 1365 1450 trib.
1388 1418 1483 1450 milit.

855 1461 1014 1493 consulari
1033 1464 1192 1501 potestate
1213 1465 1384 1499 crearetur,
1404 1465 1485 1499 orat,

854 1508 891 1535 ut
915 1504 952 1542 is,
976 1504 1031 1544 qui
1059 1503 1118 1534 sibi
1144 1504 1358 1541 deferebatur,
1382 1505 1485 1535 honos

855 1547 923 1578 filio
938 1557 995 1577 suo
1008 1547 1178 1577 mandetur
1194 1547 1240 1578 18.
1263 1547 1381 1578 eiusde
1393 1557 1483 1588 prae-

856 1591 898 1620 da
915 1590 1070 1621 Veiorum
1087 1589 1246 1620 sententia
1262 1599 1310 1621 20.

815 1632 852 1664 P.
867 1632 1010 1663 Licinius
1025 1633 1158 1664 Crassus
1170 1632 1313 1672 pontifex
1324 1633 1486 1664 maximus

857 1679 982 1706 creatur
1018 1679 1094 1706 ante
1129 1675 1328 1706 aedilitatem
1368 1685 1418 1715 25,
1456 1684 1485 1715 5.

856 1719 1007 1758 magister
1027 1718 1172 1758 equitum
1198 1725 1249 1757 27,
1270 1727 1298 1757 5.
1325 1729 1437 1749 censor
1455 1718 1485 1750 6.

859 1765 986 1801 praetor
1008 1770 1055 1792 21.
1087 1760 1217 1791 sortitur
1236 1761 1486 1793 iurisdictionem

859 1803 1057 1844 peregrinam
1080 1813 1128 1834 22.
1153 1814 1214 1834 cos.
1239 1806 1290 1841 28,
1311 1804 1361 1842 38.
1391 1805 1487 1836 Brut-

859 1847 920 1878 tios
940 1846 1137 1887 provinciam
1154 1852 1246 1877 extra
1265 1851 1383 1878 sortem
1404 1847 1486 1878 acci-

860 1890 908 1930 pit
928 1899 979 1931 29,
999 1899 1023 1921 1.
1047 1889 1133 1929 gravi
1149 1890 1260 1920 morbo
1274 1889 1423 1927 afficitur,
1438 1890 1487 1921 uti

860 1937 893 1963 et
915 1933 984 1963 eius
998 1931 1138 1963 exerciti·
1136 1942 1157 1962 .s
1181 1942 1226 1963 10.
1251 1932 1280 1963 ei
1302 1937 1488 1972 prorogatur

860 1975 1028 2015 imperium
1045 1984 1090 2014 13.
1115 1974 1217 2015 copiis
1227 1974 1404 2006 coniunctis
1414 1986 1487 2006 cum

860 2019 1002 2056 consule,
1030 2022 1152 2058 pugnat
1177 2028 1249 2048 cum
1277 2028 1314 2048 eo
1337 2019 1489 2050 adversus

862 2061 1082 2092 Hannibalem
1099 2059 1149 2100 36.
1173 2060 1241 2091 eius
1258 2061 1369 2092 laudes
1389 2071 1442 2100 30,
1462 2071 1488 2094 1.

859 2108 955 2143 negat
972 2104 1065 2134 ludos
1079 2114 1118 2135 cx
1140 2104 1263 2134 incerta
1283 2104 1420 2144 pecunia
1436 2115 1488 2136 vo-

860 2147 925 2177 veri
952 2147 1147 2185 debere'31,
1173 2156 1206 2188 9.
1234 2148 1274 2178 cf.
1301 2151 1335 2178 et
1361 2155 1413 2185 34,
1437 2159 1488 2187 44.

861 2193 972 2220 votum
996 2189 1099 2229 praeit
1119 2189 1242 2220 consuli
1265 2188 1316 2229 36,
1339 2199 1366 2222 2.
1392 2195 1489 2228 vetat,

861 2232 904 2268 Q.
913 2232 1050 2263 Fabium
1063 2232 1221 2263 Pictorem
1234 2232 1396 2264 flaminem
1409 2233 1491 2270 Qui-

859 2275 1007 2312 rinalem,
1027 2274 1081 2315 qui
1103 2279 1173 2306 tum
1197 2280 1324 2315 praetor
1343 2279 1424 2314 erat,
1444 2276 1489 2307 ire

860 2318 894 2349 in
926 2318 1106 2349 Sardiniam
1137 2318 1333 2357 provinciam
1359 2327 1412 2358 37,
1439 2328 1489 2358 51.

858 2361 994 2392 moritur
1013 2370 1064 2402 39,
1085 2359 1136 2400 46.
1164 2361 1284 2392 funeris
1306 2360 1375 2392 eius
1395 2372 1491 2393 causa

861 2404 1029 2435 visceratio
1050 2404 1138 2441 data,
1153 2407 1186 2434 et
1205 2403 1398 2443 gladiatores
1418 2415 1490 2436 cen-

860 2450 930 2478 tum
947 2446 1056 2487 viginti
1075 2451 1308 2487 pugnaverunt,
1320 2447 1397 2479 ibid.

819 2488 859 2520 P.
877 2489 1020 2521 Licinius
1046 2490 1179 2521 Crassus
1208 2494 1334 2521 creatur
1365 2494 1491 2530 praetor

863 2542 914 2571 41,
929 2533 975 2564 18.
999 2537 1132 2564 excusat
1144 2542 1177 2564 se
1196 2532 1359 2564 sacrificiis
1375 2534 1490 2564 sollen-

863 2575 957 2606 nibus
980 2575 1141 2616 impediri,
1165 2586 1206 2606 ne
1235 2575 1267 2606 in
1294 2576 1490 2616 provinciam

866 2617 1059 2658 Hispaniam
1087 2618 1265 2650 citeriorem
1292 2622 1344 2649 eat
1379 2629 1424 2660 19.
1456 2619 1491 2649 fit

863 2671 927 2692 cos.
955 2670 1006 2700 42,
1031 2661 1080 2693 28.
1111 2661 1338 2692 Macedoniam
1367 2662 1491 2702 provin-

863 2704 946 2734 ciam
973 2703 1103 2735 sortitur
1127 2713 1177 2744 32.
1209 2704 1419 2744 proficiscitur
1441 2714 1490 2745 49.

863 2747 950 2777 male
966 2751 1087 2787 pugnat
1102 2748 1254 2778 adversus
1272 2747 1388 2778 Persea
1404 2748 1442 2786 58
1459 2751 1491 2776 ct

865 2797 918 2831 59.
943 2800 1054 2829 pacem
1070 2790 1190 2830 petenti
1206 2790 1322 2820 Perseo
1335 2794 1428 2827 negat
1440 2788 1491 2819 62.

863 2832 965 2864 altera
980 2832 1049 2863 eius
1066 2843 1172 2872 pugna
1187 2842 1260 2862 cuni
1284 2832 1410 2866 Perseo,
1427 2841 1490 2860 me-

865 2875 942 2906 liore
968 2879 1086 2907 eventu
1112 2874 1163 2906 66.
1193 2874 1363 2905 crudeliter
1387 2874 1428 2903 ab
1455 2884 1492 2903 eo

864 2928 1022 2957 avareque
1046 2917 1078 2947 in
1103 2916 1240 2947 Graecia
1262 2916 1418 2947 bellatum
1440 2924 1492 2954 43,
