1888 3194
384 803 748 858 EPITOME
810 803 896 857 LI
912 803 960 856 B
975 803 1064 856 RI
1124 803 1313 858 XLII.

155 1147 205 1198 Q.
229 1147 273 1187 F
279 1146 358 1188 UL
372 1146 439 1188 VI
441 1147 487 1188 U
486 1146 522 1187 S
547 1146 846 1188 FLACCUS
862 1162 998 1188 censor
1018 1147 1204 1202 templum
1227 1147 1395 1188 Iunonis
1415 1148 1540 1188 Laci-

147 1207 238 1246 niae
267 1205 407 1260 teyulz‘s
436 1207 668 1246 marmoreis
697 1206 895 1260 spoliavit,
920 1212 965 1246 ut
993 1206 1141 1255 aedem,
1167 1221 1289 1260 quam
1318 1207 1539 1255 dedicabat,

147 1269 299 1318 teyeret.
372 1263 548 1318 Teyulae
576 1278 622 1303 ez·
653 1264 990 1304 senatusconsulto
1025 1270 1262 1318 reportatae.
1323 1264 1539 1314 Eumenes,

146 1322 273 1362 Asiae
293 1336 373 1370 rese,
396 1323 437 1362 in
457 1327 597 1362 senatu
618 1321 665 1361 de
685 1321 843 1370 Perseo,
866 1322 1131 1362 fllacedonz'ae
1155 1337 1256 1377 φερε,
1279 1328 1437 1377 questus
1457 1329 1539 1363 est:

148 1381 261 1420 cuius
291 1381 463 1419 iniuriae
490 1381 531 1419 in
560 1380 756 1434 populum
784 1379 1014 1420 Romanum
1039 1380 1280 1434 referuntur.
1350 1380 1411 1421 Ob
1441 1395 1542 1436 quas

148 1438 244 1478 bello
264 1439 300 1477 ei
319 1438 478 1487 indicto,
498 1437 549 1478 P.
565 1437 750 1478 Licinius
777 1437 950 1479 Crassus
970 1438 1118 1488 consul,
1141 1440 1207 1478 cui
1235 1439 1280 1478 id
1306 1439 1542 1479 mandatum

148 1502 248 1544 erat,
270 1497 312 1536 in
333 1495 618 1536 fllacedoniam
643 1497 816 1545 transiit,
839 1496 1059 1552 levibusque
1086 1496 1406 1551 expeditionibus,
1428 1511 1543 1552 eque-

149 1554 296 1594 stribus
312 1554 486 1607 proeliis,
509 1555 551 1594 z‘n
581 1554 791 1594 Thessalia
813 1569 901 1594 cum
922 1554 1068 1595 Perseo
1090 1569 1244 1609 parum
1261 1555 1383 1608 felici
1406 1561 1543 1595 eventu

144 1613 356 1666 puynavit.
420 1611 531 1651 Inter
552 1612 816 1652 Masinissam
839 1618 877 1652 et
903 1612 1252 1667 Carthayz'nienses
1271 1613 1319 1652 de
1339 1628 1438 1667 ayro
1449 1613 1545 1666 fuit

150 1669 300 1709 arbiter
329 1669 386 1709 ad
413 1670 712 1723 disceptandum
743 1685 769 1709 a
799 1677 938 1710 senatu
970 1671 1101 1711 datus.
1162 1670 1312 1726 Lcyati
1344 1672 1456 1711 missi
1488 1670 1546 1710 ad

151 1728 328 1766 civitates
363 1729 490 1767 socias
525 1733 563 1766 et
598 1742 704 1782 reyes
739 1728 948 1782 royandos,
984 1735 1029 1768 ut
1063 1730 1104 1768 in
1123 1729 1218 1780 fide
1245 1734 1541 1782 permanerent,

151 1784 422 1825 dubitantibus
454 1785 635 1825 Rhodiis.
698 1785 895 1825 Lustrum
927 1801 953 1825 a
989 1786 1212 1826 censoribus
1242 1787 1441 1826 conditum
1471 1792 1538 1826 cst.

158 1842 286 1884 Gerasa
307 1849 401 1882 sunt
419 1844 563 1882 avium
584 1844 720 1897 capita
736 1843 905 1883 ducenta
925 1845 1216 1899 quinquaqinta
1237 1850 1380 1898 septem
1402 1843 1541 1893 millia,

150 1900 319 1940 ducenta
352 1902 518 1955 tm'yinta
553 1915 686 1940 unam.
750 1901 832 1940 Res
858 1908 1070 1956 praeterea
1102 1902 1292 1942 adversus
1332 1902 1474 1943 Corsos
1506 1907 1543 1942 et

150 1957 325 2013 Liyures
342 1973 529 2013 prospere
545 1964 679 2014 {festas
699 1960 879 1999 continet.
