1888 3194
440 174 955 217 FRAGMENTUM
999 176 1128 220 LIB.
1173 177 1297 220 XCI.
1489 183 1572 222 315

576 569 1159 632 AUCTARIA

836 762 894 790 Ex

503 914 559 960 B.
622 915 682 960 G.
745 913 1231 962 NIEBUHRII

207 1097 517 1141 EDITIONE
561 1098 943 1142 FRAGMENTI
986 1100 1235 1143 LIVIANI
1277 1101 1521 1145 PETITA.

738 1290 998 1315 ,42

692 1462 724 1504 Ι.
758 1477 828 1520 pp.
857 1466 1040 1506 18—22.

274 1584 649 1627 ERVENIMUS
684 1585 737 1627 ad
770 1585 1053 1641 fragmentum
1087 1586 1293 1644 inclytum
1329 1587 1569 1639 Livianum,

301 1643 417 1700 quod
438 1643 602 1699 plicatis
627 1643 895 1692 membranis,
919 1643 962 1684 in
984 1652 1185 1699 quattuor
1204 1645 1362 1686 codicis
1382 1646 1570 1702 paginas,

169 1705 236 1745 73.
261 1703 328 1745 75.
354 1704 420 1744 76.
444 1709 487 1742 et
509 1702 575 1743 78.
600 1700 815 1743 redactum
842 1700 932 1742 fuit.
995 1701 1064 1742 De
1097 1701 1178 1743 hoc
1211 1701 1452 1758 plenissime
1485 1703 1573 1745 dis-

168 1759 332 1816 putavit
363 1757 651 1800 Cancellarius
673 1758 726 1800 V.
748 1758 799 1800 C.
830 1773 969 1814 neque
1001 1759 1082 1800 nisi
1113 1774 1247 1815 pauca
1277 1759 1484 1815 quaedam
1516 1761 1570 1802 ad

168 1817 468 1858 accuratiorem
490 1816 580 1857 eius
601 1831 650 1857 co
683 1815 888 1857 nitionem
917 1815 1038 1857 utilia
1065 1815 1155 1857 aliis
1176 1816 1359 1858 dicenda
1383 1817 1568 1874 reliquit.

169 1873 353 1916 Manent
403 1874 447 1914 in
498 1873 563 1914 his
613 1888 656 1914 re
675 1873 801 1930 iquiis
846 1873 1056 1930 permulta
1099 1889 1287 1916 summae
1333 1874 1569 1931 elegantiae

168 1932 369 1988 vestigia:
398 1931 612 1972 literarum
633 1931 909 1972 conformatio
930 1931 1214 1987 pulcherrima
1234 1941 1320 1974 est:
1348 1933 1461 1974 nitor
1480 1933 1569 1990 ipse

170 1998 408 2031 tenerarum
442 1988 779 2030 membranarum
814 2003 900 2029 non
935 1989 1108 2029 omnino
1141 1990 1277 2045 periit.
1343 1989 1496 2047 Margo
1525 1991 1568 2032 in

168 2061 333 2089 summa
352 2061 380 2103 p
436 2046 519 2096 ina,
541 2061 627 2102 quo
647 2045 742 2102 plus
763 2046 1031 2087 membranae
1061 2061 1191 2103 purae
1219 2046 1273 2088 ad
1301 2047 1570 2089 scribendum

169 2113 364 2154 exstaret,
387 2104 400 2144 i
433 2119 553 2145 aesus
574 2104 799 2145 remansit:
833 2119 858 2145 a
884 2103 1035 2145 ceteris
1062 2104 1263 2160 partibus,
1286 2114 1334 2147 ut
1355 2105 1497 2147 omnia
1517 2105 1571 2147 ad

170 2162 429 2227 propositum
457 2161 552 2203 libri
581 2161 800 2203 modulum
829 2171 1181 2217 exaequarentur‚
1204 2162 1408 2204 abscissus
1428 2172 1491 2204 est
1512 2163 1571 2204 ita

171 2228 218 2261 ut
242 2235 286 2261 m
311 2219 469 2276 primae
521 2219 669 2276 aginae
691 2219 870 2260 dimidio
892 2219 1028 2260 ultimi
1050 2234 1191 2261 versus
1213 2220 1426 2276 perirent:
1460 2236 1568 2277 quae

171 2292 267 2319 orae
298 2234 544 2334 amplitmib,
583 2277 626 2318 in
659 2276 750 2318 aliis
786 2292 956 2334 quoque
988 2277 1278 2319 vetustissimis
1314 2278 1569 2320 membranis

171 2334 410 2392 conspicua,
444 2335 596 2376 divites
631 2335 822 2376 librariae
858 2334 1130 2391 supellectilis
1166 2345 1443 2377 ostentatores
1480 2335 1570 2378 Ro-

171 2407 317 2434 manos
357 2392 435 2434 hac
471 2392 798 2449 pulchritudinis
834 2393 972 2449 specie
1010 2408 1144 2449 aeque
1181 2393 1410 2436 delectatos
1444 2394 1570 2435 fuisse

171 2459 374 2492 monstrat
395 2459 521 2507 atque
543 2465 614 2492 eos
636 2450 709 2506 qui
732 2449 856 2492 hodie
879 2450 923 2491 in
945 2450 1024 2492 hoc
1045 2466 1200 2507 genere
1223 2451 1449 2493 insaniunt.
1508 2451 1572 2492 Ea

174 2517 312 2550 tamen
336 2508 426 2565 ipsa
446 2523 530 2550 non
553 2508 687 2549 obstat
706 2523 792 2564 quo
809 2508 948 2549 minus
967 2508 1068 2550 tales
1084 2508 1209 2550 fuisse
1227 2509 1348 2550 nobis
1365 2509 1573 2566 fingamus

175 2571 187 2590 ‘
259 2565 351 2607 lles'
380 2565 469 2607 illas
501 2566 715 2622 ‘exiguas'
743 2566 910 2622 quibuS‚
934 2565 1142 2607 BIartialis
1169 2582 1286 2617 aevo,
1319 2572 1576 2609 ‘arctaretur

177 2629 187 2647 ⁸
203 2581 350 2665 {eivius
371 2624 520 2680 ingens
536 2623 567 2664 :’
588 2623 936 2680 quandoquidem
965 2623 1261 2666 minutioribus
1289 2624 1420 2666 literis
1441 2623 1575 2681 quad-

177 2680 274 2722 ratis
294 2681 382 2723 sine
407 2681 522 2738 gravi
553 2680 786 2737 legentium
818 2681 1087 2723 incommodo
1115 2682 1238 2723 scribi
1267 2697 1353 2723 non
1383 2691 1573 2738 poterat3

177 2747 317 2836 ruffine,
349 2753 479 2795 quum
518 2739 576 2780 ita
611 2738 874 2788 scriberetur,
907 2739 1097 2795 quinque
1135 2739 1228 2781 libri
1261 2739 1428 2781 Liviani
1463 2739 1575 2780 haud

177 2795 220 2836 «li
268 2795 400 2837 culter
418 2811 502 2837 uno
521 2795 686 2838 modico
703 2795 916 2837 volumine
934 2796 1415 2853 comprehendebantur.
1452 2796 1579 2837 Dicet

180 2852 348 2893 sortasse
381 2852 545 2908 aliquis,
577 2853 680 2894 ‹uid
715 2856 794 2894 tu?
826 2869 927 2894 num
963 2854 1042 2895 hoc
1077 2854 1218 2895 innuis
1250 2854 1303 2895 ad
1340 2854 1576 2895 Flaviorum

181 2919 359 2951 aetatem
381 2909 565 2952 celebres
586 2870 708 2952 iiascc
732 2911 904 2967 paginas
925 2912 1169 2967 pertinere?
1223 2911 1314 2967 Ego
1336 2927 1433 2952 vcro
1454 2925 1579 2966 super
