1888 3194
564 191 690 232 LIB.
721 191 864 233 XLII.
910 192 1056 233 CAP.
1081 197 1147 233 20.
1487 197 1540 237 55

156 282 281 331 dicto,
318 291 458 323 tamen
494 282 576 323 iam
611 282 793 333 decreto,
830 282 903 339 qui
937 297 1084 339 regum
1118 298 1249 332 suam,
1286 283 1428 325 Persei
1463 285 1534 340 qui
1554 297 1597 329 U.
1613 298 1653 329 C.
1675 298 1747 338 580-

128 339 338 385 rsecuturi
365 339 591 381 amicitiam
615 349 765 390 essent,
787 339 914 396 legati
935 339 1182 390 Ariarathis,
1204 355 1382 397 puerum
1403 340 1536 382 filium
1549 340 1589 372 A.
1613 341 1651 373 C.
1677 348 1748 380 17²·

156 396 263 453 regis
292 412 434 439 secum
454 397 724 448 adducentes,
749 398 929 440 Romam
950 407 1166 440 venerunt.
1232 397 1423 446 Quorum
1446 413 1537 440 ora-

156 454 213 497 tio
233 454 325 504 suit,
349 461 361 479 ‘
375 454 538 511 Regem
558 455 824 498 educandum
846 455 979 497 filium
997 455 1176 497 Romam
1198 455 1368 505 misisse,
1387 464 1434 497 ut
1452 455 1536 497 iam

156 511 279 553 ‘inde
299 528 324 554 a
343 528 474 570 puero
495 522 748 555 assuesceret
768 513 951 556 moribus
974 513 1176 555 Romanis
1196 513 1533 570 hominibusque.

155 573 168 593 ‘
180 568 343 620 Petere,
362 580 409 612 ut
424 586 521 612 eum
542 587 628 613 non
649 572 724 613 sub
745 571 955 628 hospitum
978 571 1103 613 modo
1123 572 1379 628 privatorum
1399 580 1536 613 custo-

155 626 260 678 ‘di-a,
277 628 350 670 sed
372 628 562 685 publicae
580 629 706 671 etiam
727 644 849 671 curae
871 645 918 671 ac
938 629 1053 671 velut
1074 629 1229 671 tutelae
1245 629 1401 671 vellent
1421 631 1536 671 esse.’

155 684 219 726 Ea
247 686 356 742 regis
387 686 538 744 legatio
567 697 684 744 grata
713 688 874 729 senatui
903 687 994 729 fuit.
1057 687 1359 737 Dea-everunt,
1382 697 1429 729 ut
1451 687 1533 730 Cn.

120 742 335 786 SSicinius
366 754 531 802 praetor
564 745 688 787 aedes
721 746 943 787 instructas
974 745 1141 796 locaret,
1176 746 1247 787 ubi
1283 745 1392 787 filius
1427 746 1536 801 regis

152 801 408 859 comitesque
443 804 533 844 eius
572 803 756 846 habitare
797 814 976 860 possent.
1040 803 1097 845 Et
1129 803 1342 846 Thracum
1374 803 1534 860 legatis,

153 859 266 915 apud
285 875 328 902 se
349 861 691 918 disceptantibus,
713 871 756 903 et
777 861 1017 904 societatem
1048 862 1357 918 amicitiamque
1388 870 1536 918 peten-

120 917 276 968 9tibus,
297 928 353 969 et,
375 919 490 976 quod
510 920 720 976 petebant,
743 919 888 962 datum
910 929 984 970 est,
1006 929 1048 962 et
1068 935 1243 961 munera
1265 920 1412 961 binum
1443 919 1536 961 mil-

152 974 255 1016 lium
276 977 381 1018 aeris
401 992 586 1019 summae
607 978 653 1018 in
672 977 856 1034 singulos
877 978 1010 1019 missa„
1064 977 1156 1019 Hos
1178 978 1323 1034 utique
1344 977 1534 1034 populos,

152 1033 269 1088 quod
289 1034 340 1076 ab
362 1043 478 1091 tergo
500 1034 778 1077 Macedoniae
801 1035 982 1077 Thracia
1001 1045 1120 1085 esset,
1143 1044 1374 1092 assumptos
1402 1037 1446 1077 in
1470 1051 1536 1078 so-

105 1105 110 1108 ·
151 1090 346 1133 cietatem
380 1092 631 1149 gaudebant.
703 1092 787 1135 Sed
818 1102 865 1134 ut
898 1093 942 1134 in
976 1093 1077 1134 Asia
1110 1108 1278 1149 quoque
1315 1102 1358 1134 ct
1391 1094 1537 1135 insulis

152 1147 367 1205 explorata
396 1150 536 1192 omnia
565 1159 716 1201 essent,
740 1151 806 1192 Ti.
825 1150 1052 1193 Claudium
1076 1150 1306 1200 Neronem,
1329 1150 1392 1193 M.
1408 1151 1538 1193 Deci-

151 1206 283 1248 mium
317 1207 475 1265 legatos
510 1209 722 1250 miserunt.
785 1209 918 1250 Adire
955 1224 1025 1250 eos
1057 1210 1228 1251 Cretam
1260 1217 1304 1250 et
1335 1208 1537 1251 Rhodum

150 1263 372 1316 iusserunt,
398 1266 523 1308 simul
552 1282 750 1308 renovare
779 1267 1016 1317 amicitiam,
1038 1266 1162 1308 simul
1189 1266 1406 1324 speculari,
1433 1282 1538 1308 num

150 1321 360 1365 sollicitati
380 1324 510 1366 animi
531 1325 738 1367 sociorum
758 1325 810 1367 ab
830 1340 927 1382 rege
950 1325 1104 1367 Perseo
1125 1334 1274 1366 essent.

209 1379 261 1422 In
293 1397 492 1439 suspensa
522 1383 687 1425 civitate
720 1382 773 1424 ad
805 1383 1162 1440 exspectationem
1193 1382 1291 1424 novi
1321 1382 1433 1434 belli,
1462 1399 1538 1425 no-
1614 1390 1682 1428 20.

124 1451 134 1472 ¹
152 1447 299 1481 cturna
319 1449 563 1498 tempestate
585 1441 780 1483 columna
799 1449 974 1483 rostrata
993 1441 1038 1483 in
1057 1439 1268 1498 Capitolio
1285 1441 1307 1462 *
1324 1440 1434 1483 bello
1451 1441 1537 1482 Pu-
1552 1444 1708 1485 Prodigia-

152 1497 247 1538 nico
276 1499 470 1549 consulis,
499 1499 567 1541 cui
595 1499 755 1556 collega
781 1498 867 1541 Ser.
884 1498 1055 1541 Fulvius
1085 1499 1177 1549 fuit,
1207 1507 1294 1541 tota
1322 1499 1375 1541 ad
1405 1499 1536 1541 imum

153 1554 326 1598 fulmine
348 1556 530 1599 discussa
550 1567 622 1599 est.
671 1556 735 1599 Ea
754 1572 831 1607 res,
853 1557 1034 1614 prodigii
1054 1557 1146 1599 loco
1167 1557 1321 1607 habita,
1345 1557 1399 1599 ad
1419 1572 1539 1600 sena-

155 1621 244 1654 tum
265 1613 394 1656 relata
413 1624 485 1657 est.
538 1614 682 1656 Patres
703 1615 756 1657 ad
777 1615 1015 1671 haruspices
1036 1615 1202 1665 referre,
1219 1624 1262 1657 et
1283 1615 1540 1658 decemviros

125 1669 269 1713 2adire
301 1671 426 1714 libros
460 1672 680 1714 iusserunt.
743 1672 997 1723 Decemviri,
1028 1673 1291 1715 lustrandum
1322 1673 1539 1730 oppidum,

867 1813 944 1844 dum
975 1813 1156 1845 circumiret
1181 1817 1213 1845 et
1237 1813 1373 1844 ambiret
1400 1812 1541 1845 victima.

866 1858 1042 1893 Lustratio,
1059 1857 1110 1888 vel
1126 1858 1264 1888 lustrum
1281 1867 1452 1887 commune
1473 1861 1541 1887 erat

867 1909 983 1930 nomen
1000 1900 1145 1930 omnium
1168 1899 1407 1938 sacrificiorum,
1422 1900 1455 1930 in
1472 1899 1540 1939 qui-

197 1819 215 1852 7
231 1814 343 1853 Leyaei
355 1814 555 1851 Ariarathis,
566 1825 703 1854 puerum
712 1815 822 1854 filium

151 1857 237 1895 repis
264 1866 369 1887 secum
398 1858 606 1895 adducentes]
649 1857 714 1887 Hic
745 1867 823 1896 puer

152 1909 217 1929 non
233 1903 300 1929 erat
314 1899 472 1939 genuinus
491 1899 571 1939 regis
588 1899 684 1937 filius,
699 1900 754 1930 sed
775 1899 822 1929 illi

152 1941 298 1972 subditus
331 1942 372 1972 ab
402 1941 597 1973 Antiochide
628 1952 738 1979 uxore,
768 1941 823 1972 diu

151 1983 251 2015 sterili
265 1996 273 2015 ε
298 1994 380 2024 quae
396 1989 518 2024 postea,
534 1994 633 2024 quum
650 1985 753 2015 filium
770 1994 824 2024 pe·

152 2027 297 2068 perimet,
312 2038 378 2058 rem
399 2032 502 2059 totam
520 2028 585 2058 viro
605 2027 752 2068 aperuit?
777 2031 824 2058 at-

152 2080 215 2110 que
240 2069 308 2108 ille,
328 2081 368 2102 ne
393 2070 446 2102 hic
470 2070 655 2102 subdititius
680 2070 824 2112 legitimo

151 2113 261 2144 heredi
279 2113 441 2154 negotium
461 2114 536 2145 olim
551 2114 732 2150 facesseret,
750 2123 824 2144 eum

151 2157 264 2196 procul
298 2158 340 2188 ab
369 2157 581 2198 Cappadocia
617 2157 823 2188 amandabat.

150 2199 260 2232 (ἷκεν.

194 2243 214 2274 8
241 2243 320 2282 Ubi]
340 2242 406 2274 IIic
422 2253 549 2283 quoque
567 2247 702 2283 peccant
718 2253 823 2274 recen-

151 2285 248 2317 tiores
277 2285 366 2323 editi,
392 2286 577 2326 habentque
606 2291 643 2317 ut
674 2296 730 2326 pro
756 2287 823 2324 ubi,

151 2329 237 2368 quod
254 2333 359 2360 exstat
373 2329 405 2360 in
422 2328 663 2369 antiquioribus.
687 2330 794 2361 (ἷκεν.

193 2383 214 2413 9
236 2373 400 2411 Mwaera]
442 2372 536 2403 Haec
566 2383 585 2402 a
613 2378 727 2403 senatu
759 2373 824 2403 Ro⁴

151 2425 248 2446 mano
277 2415 424 2446 adhibita
454 2415 623 2453 lenocinia,
647 2416 687 2446 ad
717 2416 824 2446 deme-

152 2458 266 2489 tendos
287 2458 344 2488 sibi
368 2459 515 2498 populos,
531 2457 730 2498 impendenti
749 2459 823 2490 Per-

152 2501 196 2532 sei
220 2501 317 2538 bello,
332 2506 551 2532 memorantur
573 2502 660 2541 apud
683 2501 824 2541 Appian.

154 2544 325 2575 Macedon.
342 2544 411 2575 Ecl.
427 2544 489 2575 viii.
514 2544 648 2584 Dionys.
663 2544 745 2576 Exc.
760 2544 823 2575 Va-

151 2587 248 2618 tican.
266 2587 350 2618 xxvi.
372 2597 417 2628 ¹9·

202 2640 211 2661 ι
238 2632 281 2662 In
297 2631 454 2670 Capitolio
475 2632 490 2646 ⁵
510 2631 588 2662 bello
604 2632 732 2662 Punico
753 2641 824 2661 con-

152 2675 250 2712 sulis]
277 2673 383 2704 Locus
409 2673 461 2704 hic
487 2673 613 2704 hiulcus
635 2679 665 2704 et
693 2673 826 2704 mutilus

154 2721 213 2754 est,
229 2727 324 2756 quern
348 2727 458 2747 sanare
475 2717 657 2748 Gronovius
680 2722 711 2748 et
731 2717 825 2756 Pigh-

154 2758 204 2790 ius
217 2759 351 2799 aggressi
367 2765 450 2791 sunt.
499 2760 576 2790 Post
589 2761 756 2800 Capitolio,
775 2770 823 2789 νο-

156 2812 209 2834 ces
232 2804 283 2834 M.
302 2804 445 2840 Aemilii,
465 2804 574 2843 priore
599 2804 676 2834 bello
699 2804 826 2833 Punico

155 2847 304 2881 consulis,
338 2845 520 2877 inserendas
560 2857 600 2877 ex
644 2846 826 2877 coniectura

160 2886 276 2927 Pighii,
291 2893 399 2919 censet
418 2889 710 2920 Drakenborchius.

207 2939 222 2960 2
248 2932 464 2962 Lustrarulum
493 2933 663 2972 oppidum]
704 2931 827 2963 Sat-rifi-

159 2972 243 3003 cium
269 2975 482 3013 peragendum
505 2986 584 3010 esse,
604 2975 714 3014 inquo
738 2974 827 3014 oppi-

867 1942 926 1972 bus
949 1942 1052 1972 hostia
1075 1942 1381 1973 circumducebatur.
1427 1942 1460 1973 Si
1484 1942 1540 1972 cir—

869 1994 942 2015 cum
969 1985 1092 2021 urbem,
1116 1985 1282 2016 dicebatur
1304 1984 1457 2025 peculiari
1484 1995 1539 2015 no—

868 2027 956 2058 mine
980 2029 1180 2059 amburbium
1194 2040 1204 2065 ;
1240 2028 1266 2058 si
1292 2028 1412 2058 circum
1438 2038 1541 2068 agros,

869 2071 1092 2108 ambarvalia‚·
1134 2071 1159 2102 si
1194 2071 1315 2101 circum
1351 2070 1540 2109 exercitum,

869 2115 963 2144 lustri
979 2113 1233 2154 appellationem
1252 2113 1419 2145 retinebat.
1463 2115 1539 2145 Am-

867 2158 1013 2188 burbium
1021 2156 1300 2197 describiturapud
1310 2157 1431 2188 Lucan.
1439 2156 1460 2187 i.
1467 2165 1538 2198 592.

867 2204 900 2231 et
909 2210 973 2240 seq.
980 2202 1007 2231 A
1014 2201 1193 2231 mbarvalia
1203 2200 1291 2240 apud
1300 2200 1411 2240 Virgil.
1421 2199 1539 2240 Georg.

867 2242 888 2274 i.
910 2251 981 2282 345.
1003 2247 1036 2274 et
1057 2253 1121 2283 seq.
1144 2243 1230 2275 Fest.
1253 2243 1286 2273 in
1308 2252 1386 2273 voce
1401 2244 1538 2274 Ambur-

868 2287 976 2324 biales,
992 2289 1023 2317 et
1040 2286 1127 2317 Serv.
1143 2286 1184 2317 ad
1202 2286 1314 2326 Eclog.
1331 2285 1374 2317 iii.
1390 2293 1438 2325 77.
1477 2286 1538 2318 Ce-

868 2333 972 2360 terum
1000 2329 1052 2360 hic
1075 2329 1158 2360 illud
1185 2329 1363 2360 notandum
1391 2328 1540 2367 occurrit,

869 2372 954 2412 quod
973 2382 1072 2412 quum
1096 2382 1199 2403 sermo
1221 2372 1264 2403 de
1286 2372 1393 2404 Roma
1414 2372 1466 2410 sit,
1486 2383 1538 2412 op-

864 2416 936 2455 pidi
967 2425 1083 2446 nomen
1114 2420 1295 2455 usurpatur.
1351 2415 1392 2446 Id
1422 2415 1538 2446 mirum

869 2458 972 2498 primo
1001 2461 1134 2498 aspectu
1166 2458 1266 2489 videri
1291 2458 1388 2489 debet
1415 2457 1453 2488 iis
1485 2457 1540 2498 qui

868 2505 986 2532 norunt
1001 2501 1085 2532 hanc
1097 2511 1164 2532 esse
1177 2502 1397 2542 pervulgatam
1409 2500 1539 2541 scripto-

869 2554 939 2574 rum
964 2545 1185 2575 Romanorum
1209 2544 1486 2582 consuetudinem,
1506 2547 1541 2574 ut

870 2587 1009 2618 Romam
1026 2588 1115 2618 urbis
1130 2587 1197 2617 κατ’
1214 2587 1328 2626 ἐξοχὴν
1343 2587 1472 2618 nomine
1495 2587 1541 2617 in-

869 2630 1016 2670 signiant,
1029 2631 1148 2671 oppida
1171 2631 1297 2662 soleant
1313 2630 1419 2662 dicere
1439 2629 1541 2660 mino—

870 2684 918 2703 res
933 2674 1034 2705 urbes.
1080 2674 1143 2704 Sed
1167 2673 1317 2704 nimirum
1339 2673 1400 2704 hoc
1423 2674 1493 2704 loco
1509 2677 1540 2703 et

869 2716 940 2747 aliis
960 2716 1116 2747 similibus
1139 2727 1202 2747 non
1223 2721 1292 2747 tota
1311 2717 1417 2747 Roma
1431 2717 1540 2756 oppidi

870 2759 998 2790 nomine
1035 2759 1245 2799 intelligendu
1274 2764 1332 2795 est,
1362 2760 1416 2790 sed
1455 2763 1540 2789 certu

870 2803 1028 2842 quaedam
1049 2802 1117 2833 eius
1138 2802 1241 2843 regio:
1265 2807 1300 2833 ut
1318 2802 1447 2833 Parisiis
1462 2802 1542 2832 duas

871 2846 956 2876 urbis
984 2850 1100 2886 partes,
1122 2846 1258 2876 alteram
1283 2845 1486 2876 nominamus
1509 2845 1542 2873 Ia

872 2890 950 2926 (titi,
970 2889 1105 2919 alteram
1133 2890 1165 2919 la
1189 2889 1276 2920 l'n'lle.
1325 2888 1387 2919 los.
1402 2886 1543 2932 Scaliger

873 2932 904 2962 in
926 2930 1141 2962 coniectnneis
1157 2930 1289 2961 ulterius
1312 2940 1376 2960 rem
1400 2938 1541 2967 exsequi-

874 2980 935 3012 tur,
945 2980 975 3005 ct
990 2974 1099 3014 oppidi
1119 2973 1247 3004 nominc
1264 2973 1459 3011 designatam
1477 2981 1543 3001 esse
