1888 3194
617 182 1048 225 KREYSSIGII.
1454 193 1537 231 349

137 291 276 342 tiatur,
298 291 625 347 haudquaquam
649 305 794 346 passus
821 305 913 332 sum
942 305 1009 332 me
1037 291 1264 347 prohiberi,
1287 308 1371 348 quo
1393 297 1533 339 minus

134 358 314 401 liberum
348 358 505 400 codicis
539 359 885 414 praestantissimi
920 374 1043 401 usum
1079 375 1104 401 a
1135 359 1305 402 Iaeckio
1337 364 1531 418 precibus

134 427 399 476 enixissimis,
436 441 540 482 quas
578 426 649 468 ille
690 442 895 484 perquam
935 428 1139 470 benevole
1175 429 1357 481 admisit,
1397 430 1533 488 impe-

133 503 286 536 trarem
306 503 362 545 et,
385 509 511 550 quam
539 495 696 552 largam
724 496 956 538 lectionum
982 497 1164 538 maxime
1197 499 1530 541 memorabilium

132 578 311 606 messem
345 563 569 605 Goellerus
603 564 761 620 pariter
800 580 848 606 ac
885 564 1105 606 Bekkerus
1139 566 1260 607 nobis
1299 566 1530 624 reliquerit,

129 631 282 688 partim
317 632 361 672 in
397 631 593 674 editionis
629 632 919 674 Bekkerianac
960 648 1138 674 censura
1174 632 1529 690 Ephemeridibus

129 698 323 741 literariis
353 699 604 742 Ienensibus
634 716 669 742 a.
697 704 819 742 1831.
844 700 927 743 No.
956 705 1194 744 153-156.
1217 718 1257 759 p.
1287 706 1529 747 257—287.

129 767 302 818 inclusa,
324 769 476 826 partim
505 769 550 810 in
576 770 898 811 Illeletematnm
920 771 1165 812 criticorum
1187 772 1312 825 Spec.
1335 772 1373 813 I.
1398 771 1531 815 Mise-

129 849 209 877 nae
239 850 274 877 a.
302 839 424 877 1832.
455 836 571 878 edito
593 836 936 887 demonstrarem,
959 837 1168 894 simulque
1200 838 1527 882 obtrectatorum

129 904 492 947 criminationibus
512 905 679 946 o'bviam
699 904 841 946 eundo
862 920 956 946 mea
976 905 1080 946 mihi
1100 906 1370 948 vindicarem.

189 972 310 1016 Haec
338 973 391 1015 de
420 989 464 1015 re
495 989 629 1030 acque
661 974 823 1030 ingrata
855 989 902 1015 ac
930 973 1116 1017 iucunda
1142 974 1316 1030 praefati
1344 976 1527 1031 primum

129 1042 319 1083 omnium
352 1057 485 1098 pauca
516 1041 721 1082 addamus
753 1042 816 1091 iis,
839 1056 946 1097 quae
982 1041 1206 1082 Goellerus
1236 1058 1275 1098 p.
1307 1046 1405 1086 347.
1434 1060 1525 1102 sqq.

126 1108 182 1152 de
203 1110 360 1152 codicis
381 1109 705 1165 Bambergensis
726 1109 780 1150 ad
801 1109 1014 1150 saeculum
1036 1110 1311 1152 undecimum
1332 1113 1399 1154 vel
1420 1114 1527 1156 duo-

127 1177 341 1219 decimum
382 1177 594 1219 referendi
633 1177 767 1218 forma
807 1185 850 1218 et
890 1176 1038 1218 habitu
1073 1177 1278 1220 disseruit.
1343 1180 1528 1223 Adiecta

125 1254 217 1287 erat
247 1245 385 1288 codici
417 1245 619 1296 chartula,
651 1245 695 1286 in
729 1260 815 1302 qua
846 1245 909 1286 vir
940 1245 1089 1287 doetus
1121 1247 1263 1288 nescio
1296 1249 1391 1304 quis
1424 1249 1528 1292 haec

125 1313 444 1370 consignaverat
459 1330 469 1355 ε

184 1384 302 1424 ‘FoL
334 1386 384 1425 81
423 1381 529 1439 [sive
555 1381 615 1439 1.]
647 1383 741 1423 sind
769 1385 821 1423 14
853 1382 990 1423 Zeilen
1020 1383 1088 1423 des
1119 1384 1157 1425 7.
1190 1384 1394 1439 Kapz‘tels,
1416 1387 1526 1427 dame

127 1451 259 1506 ‘folqt
276 1452 352 1492 das
372 1454 410 1493 8.
433 1452 492 1491 bis
511 1466 602 1491 zum
629 1451 815 1491 Schlusse
839 1452 906 1491 des
931 1453 998 1491 24.
1022 1451 1198 1494 Buclees.
1260 1453 1353 1494 Der
1372 1455 1528 1495 Isustos

128 1525 141 1544 ‘
157 1522 195 1561 9.
227 1518 335 1576 [imo
356 1523 394 1561 8.
417 1520 503 1561 sive
525 1518 676 1576 VIII.]
699 1521 802 1561 stelit
820 1521 967 1561 hinton.
994 1518 1060 1576 [id
1081 1529 1142 1561 est
1164 1520 1207 1561 in
1230 1535 1373 1563 aversa
1392 1522 1461 1564 fol.
1486 1528 1526 1565 8.

127 1593 141 1612 ‘
155 1586 345 1645 pagina]
407 1589 491 1628 Die
512 1588 720 1628 Kastoden
742 1588 986 1642 lausenfort
1011 1589 1070 1629 bis
1095 1591 1162 1630 23.
1187 1591 1277 1631 incl.
1345 1590 1452 1647 [Hic
1483 1591 1528 1632 in

127 1662 298 1698 ‘aversa
328 1656 398 1698 fol.
437 1659 530 1698 126.
563 1657 716 1713 pagina
746 1655 989 1713 reperiam]
1027 1672 1162 1698 wovon
1192 1658 1248 1698 N.
1285 1661 1352 1699 21.
1388 1674 1468 1700 mn·
1501 1662 1525 1700 6

127 1731 141 1750 ‘
158 1726 330 1775 Bliitter,
352 1727 415 1766 die
437 1727 600 1781 iibriqen
622 1729 646 1766 8
671 1726 835 1766 Bliitter
855 1725 1008 1766 haben?

186 1795 302 1835 ‘FoL
337 1797 372 1835 1.
413 1794 516 1849 [sive
553 1793 667 1848 128]
702 1795 862 1849 beyinnt
899 1795 974 1833 das
1009 1796 1076 1834 31.
1111 1795 1232 1834 Buck
1272 1797 1380 1836 einer
1415 1811 1526 1851 glan:

127 1868 139 1887 ‘
154 1864 464 1912 versclzz'edenem
493 1864 643 1903 iilteren
664 1863 943 1915 IIandsclerg‘fZ
969 1878 1043 1902 von
1073 1865 1128 1902 80
1150 1863 1195 1902 F
1191 1863 1451 1904 oliobliittern.
1472 1888 1527 1895 -

125 1932 238 1972 ‘Die
263 1931 595 1985 Gleiclzartiykez't
613 1931 683 1969 der
703 1930 868 1970 Lettern
890 1931 960 1970 der
986 1933 1010 1970 2
1034 1931 1172 1971 letzten
1199 1931 1331 1972 Seiten
1360 1933 1428 1972 des
1455 1935 1523 1973 30.

125 2004 139 2023 ‘
154 1999 317 2040 Buches
344 2001 417 2039 mit
442 1999 565 2039 denen
586 1999 653 2038 des
678 2000 746 2038 31.
780 2001 888 2038 wilre
918 1999 1113 2039 veillez'elzt
1142 2014 1220 2039 nur
1251 2001 1434 2040 ‹indm-cla
1465 2016 1529 2041 er-

126 2072 139 2091 ‘
153 2067 334 2117 kliirbar,
361 2068 457 2107 dass
487 2067 593 2106 heide
617 2068 810 2107 entweder
837 2081 924 2106 vom
947 2068 1170 2108 niimliclzen
1197 2068 1405 2108 Sela-eiber
1425 2070 1527 2118 siml,

126 2141 140 2160 ‘
154 2137 248 2177 oder
268 2137 372 2177 nach
393 2137 468 2176 den
491 2136 671 2176 Ietzteren
694 2136 827 2191 kopz'rt
845 2135 1058 2177 amr-clem?
1090 2152 1092 2154 ’

184 2211 196 2229 ‘
212 2204 295 2246 Am
333 2204 519 2245 Sclzlusse
555 2205 623 2245 des
661 2206 728 2245 36.
763 2205 925 2245 Bucloes
945 2205 1087 2257 findet
1119 2205 1202 2245 siclt
1236 2206 1307 2245 der
1342 2205 1528 2246 Sela-eih-

170 2358 192 2389 3,
213 2348 387 2381 Goeller-us
423 2360 553 2390 quoque
591 2361 621 2390 p.
656 2350 726 2390 348.
759 2360 805 2389 sq.
851 2349 961 2380 lineas.
1010 2349 1136 2380 Eodem
1162 2349 1240 2380 folio
1262 2349 1422 2380 scribendi
1448 2349 1528 2380 ratio

125 2394 146 2409 “
162 2393 202 2424 In
225 2393 420 2433 penultim0‚
437 2392 553 2433 inquit,
571 2393 671 2433 partis
693 2393 732 2424 B.
755 2393 805 2429 [id
851 2393 984 2432 propius
1009 2392 1121 2429 etiam,
1144 2402 1242 2431 quam
1271 2392 1464 2432 penultimo,
1486 2393 1526 2423 aul

125 2439 174 2467 est
204 2435 324 2466 codicis
359 2435 558 2474 recentioris]
594 2435 670 2466 folio
702 2445 804 2471 verso,

128 2477 212 2517 [sive
238 2478 294 2510 sol.
322 2477 432 2518 1²6¹3]
464 2478 549 2509 linea
574 2478 724 2509 vicesima
753 2488 804 2508 co-

127 2521 259 2552 lumnae
283 2521 397 2561 prioris
417 2521 531 2551 eadem
552 2531 635 2561 quae
658 2525 748 2560 parte
767 2522 806 2551 Λ.

130 2562 180 2601 [id
195 2567 243 2595 est
260 2562 291 2594 in
309 2563 420 2594 codice
431 2563 630 2603 antiquiore]
650 2563 807 2603 scriptura

126 2610 276 2646 apparet,
303 2611 446 2638 ceterum
478 2606 562 2637 inter
593 2606 694 2637 lineus
720 2606 805 2637 idem

127 2647 222 2688 spatii
257 2649 402 2686 interest,
432 2649 518 2688 quod
558 2648 589 2679 in
629 2653 720 2689 parte
755 2649 806 2686 B„

128 2699 246 2731 nempe
267 2694 304 2722 ut
324 2692 402 2722 folia
425 2691 557 2731 capiant
580 2691 720 2729 trigenas
738 2691 806 2731 qui-

129 2741 187 2763 na·
202 2733 313 2764 lineas.
352 2735 396 2764 At
413 2734 444 2765 in
462 2734 578 2764 ultimo
595 2734 690 2765 huius
707 2734 807 2774 partis

130 2774 220 2813 folio,
240 2780 381 2807 exeunte
407 2776 488 2807 libro
512 2776 675 2817 trigesimo
701 2776 807 2807 lineae

131 2816 245 2848 eodem
263 2817 433 2849 intervallo
449 2819 624 2859 dispositae
640 2824 726 2856 sunt,
743 2830 806 2859 quo

132 2857 163 2888 in
190 2862 280 2898 parte
299 2860 349 2896 A..
364 2860 486 2891 scilicet
510 2865 546 2891 ut
568 2861 645 2892 folin
666 2862 807 2892 habeant

133 2899 273 2939 trigenas
310 2906 470 2941 septenus,
502 2903 641 2940 trigenas
679 2909 810 2934 octonas«

848 2436 984 2466 formam
1013 2434 1177 2465 literarum
1206 2435 1305 2474 partis
1329 2436 1368 2465 A.
1392 2435 1528 2465 aceedit.

849 2478 949 2514 Quod
967 2477 1130 2518 quomodo
1143 2477 1374 2517 explicandum
1389 2477 1441 2514 sit,
1454 2488 1526 2508 cum

852 2531 914 2551 uon
937 2521 1051 2551 cadem
1073 2524 1192 2557 aetate,
1209 2530 1273 2550 non
1295 2520 1409 2551 eadem
1429 2530 1527 2550 manu

852 2568 989 2603 utraque
1028 2572 1102 2602 pars
1139 2562 1323 2602 conscripta
1359 2563 1411 2600 sit,
1443 2563 1530 2593 haud

851 2606 929 2644 seio,
942 2605 1001 2636 nisi
1019 2607 1112 2643 forte,
1125 2605 1180 2645 qui
1198 2610 1321 2645 partem
1341 2605 1379 2637 B.
1392 2605 1530 2645 scripsit,

851 2648 1066 2688 antiquiorem
1106 2648 1223 2678 librum
1263 2649 1303 2680 A.
1335 2648 1375 2678 ad
1414 2658 1530 2678 manus

852 2691 985 2728 habens,
1017 2691 1237 2721 characterem
1271 2690 1433 2730 pingendo
1462 2690 1530 2720 imi-

851 2738 938 2764 tutus
965 2733 1040 2764 sits·
1088 2734 1218 2764 Ultima
1244 2744 1284 2764 ex
1314 2733 1363 2770 iis,
1389 2744 1472 2772 quae
1498 2732 1528 2762 in

851 2776 999 2807 chartula
1024 2776 1125 2806 codici
1151 2775 1380 2815 nurnbergensi
1405 2775 1532 2806 adiecta

853 2819 1015 2859 leguntur,
1048 2818 1153 2859 petita
1184 2829 1252 2849 csse
1283 2824 1431 2859 apparet.
1480 2817 1531 2847 De

854 2861 969 2893 ceteris
984 2861 1139 2901 deinceps
1154 2861 1308 2892 dicemus.
