1888 3194
415 237 564 280 TITI
602 235 783 278 LIVII
830 236 1292 280 FRAGMENTA.
1469 243 1550 284 275

152 330 306 386 quibus
333 343 456 371 curae
487 325 687 383 pusillum
715 326 864 375 inerat,
887 326 931 367 in
956 325 1070 368 diem
1098 326 1271 369 alteram
1299 329 1550 372 umbonibus

150 387 345 429 belluatis
376 399 532 442 paucos
563 383 731 440 fugaces
763 382 984 434 invadunt,
1017 383 1374 441 elephantemque
1407 388 1548 429 omine

149 443 311 486 meliori
332 450 562 498 receptant,
584 450 628 482 et
645 440 794 491 Alifas,
812 440 1010 483 Ruffium
1027 442 1243 498 quondam
1265 443 1478 494 vocitatas,
1496 445 1548 486 ab

147 501 298 544 dextro
330 508 535 556 sequente
567 499 782 540 sinistrum
814 498 992 555 augurio
1028 513 1186 541 nomen
1220 500 1448 557 imponunt
1480 517 1548 543 ae-

147 557 274 601 colae.
302 587 305 590 >

202 615 334 657 Haec
353 614 485 656 verba
505 614 625 656 haud
643 614 772 655 dubie
791 614 943 670 spuria
961 620 1003 655 et
1021 614 1174 656 misere
1189 615 1432 670 depravata
1450 617 1545 658 Liv.

147 673 306 715 XXII.
334 674 399 712 18.
423 674 463 713 5.
482 671 715 727 postilla:
745 685 872 727 super
892 669 1045 713 Allifas
1068 670 1161 712 loco
1186 670 1271 713 alto
1302 687 1350 713 ac
1381 673 1547 714 munito

143 729 348 779 consedit,
369 729 532 770 inserta
557 728 647 784 legi
668 729 712 769 in
732 730 824 770 eod.
843 729 1047 770 Laudine
1068 731 1104 771 1.
1138 727 1295 785 [Laud.
1312 728 1405 771 Lat.
1426 730 1543 779 112]

143 788 303 829 monuit
335 786 575 828 Hearnius.
638 785 808 827 Eadem
843 787 1125 842 deprehendit
1155 781 1546 830 Drakenborehiu}

142 845 187 886 in
207 846 300 886 cod.
319 844 637 892 Reeanatiauo,
659 843 738 883 sed
755 844 820 884 sic
840 844 1018 885 variata
1035 861 1050 885 .-

202 901 260 943 Et
279 899 513 957 reparando
529 899 773 955 subgressus
789 899 904 941 haud
921 900 1054 957 magis
1067 900 1208 943 Alifae
1226 902 1395 944 moenia
1410 917 1544 960 quum

141 959 287 1015 palans
302 957 553 1015 perveniens
568 972 621 998 ex
638 957 796 1013 oppido
811 957 952 999 bellua
968 961 1150 1000 consti-a
1167 959 1374 1001 Romanis
1390 961 1543 1017 erupit,
1586 957 1598 963 ’

141 1031 270 1073 quam
302 1015 448 1057 consul
475 1015 515 1055 vi
546 1023 724 1070 captam,
748 1015 977 1065 trucidatis,
1000 1016 1075 1071 qui
1102 1015 1146 1056 in
1174 1031 1225 1058 ea
1253 1018 1541 1069 constiterant,

140 1081 343 1116 resservat
382 1072 436 1113 ad
476 1086 674 1128 pugnam.
741 1070 826 1113 Sed
866 1072 1082 1128 oppidani,
1119 1073 1228 1115 sicut
1262 1076 1383 1130 queis
1417 1091 1541 1118 curae

154 1131 338 1173 ›usillum
360 1130 509 1178 inerat,
532 1129 577 1169 in
598 1128 710 1169 diem
741 1128 866 1169 altam
896 1129 1152 1171 umbonibus
1179 1131 1358 1173 beluatis
1386 1148 1543 1189 paucos

138 1146 162 1230 i*
238 1202 307 1230 ces
327 1186 547 1236 invadunt,
570 1184 926 1242 elephantemque
952 1185 1169 1228 meliorem
1191 1198 1421 1245 receptant.
1486 1190 1543 1232 Et

137 1245 288 1296 Alifas,
326 1243 529 1287 Rufrium
565 1242 780 1299 quondam
813 1243 1026 1294 vocitatas,
1062 1245 1114 1286 ab
1150 1245 1301 1288 dextro
1337 1257 1541 1304 sequente

137 1302 442 1346 sinisteriorum
464 1300 641 1357 augurio
662 1314 820 1342 nomen
841 1301 1068 1357 imponunt
1089 1302 1267 1345 accolae.

640 1509 663 1530 ²*
678 1510 749 1550 Ex
770 1511 835 1551 lib.
861 1510 1036 1552 XLIX.

195 1600 264 1642 De
281 1607 526 1657 quartorum
543 1599 740 1641 ludorum
758 1600 1078 1655 (saecularium)
1094 1614 1207 1642 anno
1223 1600 1378 1657 triplex
1396 1601 1540 1657 opinio

136 1668 211 1700 cst.
275 1657 428 1699 Antias
458 1657 574 1698 enim
606 1666 649 1698 et
675 1657 813 1699 Varro
844 1667 887 1699 et
915 1657 1062 1699 Livius
1093 1657 1247 1699 relatos
1278 1673 1367 1700 esse
1398 1658 1541 1714 prodi-

135 1716 291 1758 derunt
318 1714 368 1756 L.
391 1715 555 1757 Marcio
580 1715 829 1764 Censorino,
861 1716 935 1757 Μ’.
956 1715 1138 1757 Manilio
1166 1715 1422 1765 consulibus,
1444 1725 1538 1772 post

136 1774 321 1816 Romam
357 1772 572 1814 conditam
603 1787 715 1814 anno
745 1773 1053 1814 sexcentesimo
1083 1773 1246 1828 quinto.
1316 1774 1536 1816 Censorin.

135 1833 188 1874 de
209 1832 301 1874 Die
322 1831 429 1872 Nat.
454 1846 552 1886 cap.
580 1831 644 1871 17.

664 2024 685 2046 *
700 2025 771 2065 Ex
793 2025 857 2066 lib.
881 2024 922 2064 L
938 2024 1009 2065 VI.

195 2115 282 2164 Qui
305 2114 559 2181 Pompeium
588 2114 782 2155 morbum
810 2127 1029 2155 excusasse
1051 2113 1204 2164 ferunt,
1227 2128 1294 2163 ne,
1318 2128 1451 2169 quum
1474 2114 1538 2155 in—

134 2181 308 2216 teresset
334 2171 555 2221 ded1tioni‚
578 2170 740 2213 animos
767 2170 1130 2213 Numantinorum
1157 2171 1348 2213 irritaret.
1414 2172 1538 2214 Pris-

134 2231 345 2330 ckanjdlib.
371 2230 555 2273 XVIII.
571 2246 621 2286 p.
645 2232 768 2272 1198.
791 2231 858 2272 ed.
881 2229 1058 2272 Putscle.
1085 2230 1174 2271 Vol.
1195 2229 1262 2271 II.
1282 2245 1327 2286 p.
1348 2232 1445 2271 240.
1470 2232 1534 2271 ed.

183 2303 232 2330 re
281 2320 290 2330 .

601 2426 623 2447 ¹*
637 2426 709 2466 Ex
730 2426 795 2467 lib.
820 2425 1071 2468 LXXVII.

195 2516 312 2559 Sulla
332 2516 639 2558 nobilissimum
665 2517 909 2573 coniugium
936 2517 1160 2566 contrahit,
1186 2515 1374 2558 Caecilia
1394 2516 1534 2568 ducta,

135 2574 305 2621 Metelli
383 2574 538 2616 ntificis
559 2574 733 2616 maximi
753 2574 850 2616 filia.
915 2574 985 2617 Ob
1006 2574 1123 2631 quod
1150 2574 1306 2616 cecinit
1334 2573 1467 2616 multa
1491 2575 1533 2616 in

133 2646 232 2674 eum
248 2590 448 2690 proffiose
466 2631 628 2689 vulgus,
646 2632 854 2689 multique
871 2647 926 2674 ex
941 2632 1196 2690 primoribus
1215 2631 1461 2673 inviderunt
1481 2633 1534 2681 ci,

134 2689 358 2748 indignum
379 2689 451 2732 illa
471 2690 629 2732 femina
647 2690 950 2741 existimantes,
972 2699 1019 2732 ut
1041 2689 1167 2732 Titus
1191 2690 1262 2740 ait,
1285 2705 1413 2746 quem
1434 2705 1535 2732 con-

133 2746 273 2790 sulatu
302 2747 591 2790 iudicaverant
619 2747 809 2805 dignum.
874 2749 1102 2791 Plutarch.
1121 2749 1230 2791 Sall.
1254 2764 1352 2804 cap.
1376 2750 1414 2789 6.
1464 2749 1532 2803 (Jf.

135 2804 398 2848 Freinshem.
418 2807 639 2864 Supplem.
662 2822 759 2863 cap.
782 2809 820 2847 2.

196 2860 313 2904 Sulla
344 2878 477 2920 quum
512 2864 695 2921 primum
728 2863 782 2905 ad
816 2864 964 2905 urbem
1000 2871 1146 2905 contra
1181 2863 1370 2904 Marium
1403 2871 1535 2903 castra

136 2919 344 2969 movisset,
367 2920 473 2962 adeo
494 2920 603 2963 laeta
623 2930 722 2963 exta
742 2921 976 2963 immolanti
998 2921 1122 2963 fuisse
1144 2920 1287 2961 scribit
1309 2919 1469 2968 Livius,
1489 2928 1533 2959 ut

135 2975 337 3018 custodiri
354 2991 397 3017 se
414 2976 658 3019 Postumius
678 2978 887 3034 haruspex
904 2978 1097 3028 volucrit,
1115 2977 1263 3033 capitis
1279 2976 1531 3032 supplicium

1225 3047 1252 3073 'r
1275 3037 1298 3073 2
