1888 3194
920 207 1212 246 INDEX.

415 283 540 314 ensium
593 283 797 324 imperatore,
846 283 1047 324 praefectura

418 326 635 357 Numidarum
675 327 831 366 spoliatur
861 337 911 366 40.
948 326 1046 357 tradit

416 370 627 409 Agrigentum
652 370 821 408 Romanis,
843 369 920 401 ibid.
947 370 1043 399 dona-

416 415 469 442 tur
484 412 613 443 civitate
636 412 732 443 Rom.
758 420 808 452 27,
831 421 860 452 5.
882 413 922 443 cf.
939 416 971 442 et
993 412 1044 452 38,

417 464 468 492 41.

374 495 556 537 Mycenica,
581 498 671 528 locus
696 497 784 528 haud
814 498 926 537 procul
952 497 1045 537 Argis

420 548 472 577 32,

375 580 479 622 Myla,
489 549 616 612 3flgiunen
635 591 684 620 24,
701 591 752 621 3ο,
769 591 818 621 31.

375 623 498 664 Mylae,
523 625 680 664 oppidum
704 624 967 661 munitissimum,
995 635 1043 655 ca—

419 667 506 706 pitur
521 672 553 697 et
568 667 717 706 diripitur
731 677 751 697 a
768 668 884 697 Perseo
901 676 952 705 42,
971 674 1019 705 54.

374 708 551 749 Mylasenis
563 709 749 739 immunitas
764 719 912 739 concessa
928 710 980 747 38,
993 718 1043 749 39.

374 752 600 791 Mylassenses
615 751 712 781 iidem
730 751 783 789 qui
806 751 976 790 Mylaseni,
993 762 1043 781 oc-

417 798 537 833 cupant
564 793 811 823 Euromensium
845 794 964 841 oppida
992 802 1043 832 45,

418 844 467 874 25.
497 836 683 875 rediguntur
703 837 743 865 ab
766 835 903 866 Rhodiis
925 836 958 866 in
977 836 1043 867 offi-

418 879 515 915 cium,
531 879 607 909 ibid.

374 921 530 961 lllyndus,
546 920 657 951 civitas
674 927 724 960 37,
744 919 790 951 16.

374 963 503 1004 Myndii
521 972 572 1002 33,
589 972 639 1002 3ο.

374 1007 583 1046 Myonnesus,
643 1005 898 1046 promontorium
963 1006 1046 1037 inter

417 1049 523 1079 Teum
539 1049 736 1088 Samumque
753 1057 803 1089 37,
825 1057 860 1088 13
878 1052 910 1079 et
926 1056 975 1088 27.

373 1091 515 1131 Myrina,
531 1092 605 1122 urbs
622 1100 673 1130 33,
691 1101 739 1131 30.

373 1133 461 1174 Mysi
477 1133 630 1172 sagittarii
648 1142 698 1173 37,
716 1144 766 1172 40.

373 1176 481 1216 Mysia
498 1176 638 1208 Eumeni
655 1177 775 1207 donata
792 1177 844 1217 38,
860 1186 909 1218 39.

687 1304 731 1336 N.

373 1390 488 1427 Nabis,
526 1389 853 1421 Lacedaemoniorum
892 1394 1045 1431 tyrannus

414 1434 455 1463 ab
473 1433 629 1464 Romanis
651 1433 807 1473 ascriptus
822 1434 953 1471 foederi,
969 1444 1042 1464 cum

416 1475 571 1515 Philippo
593 1486 666 1515 rege
692 1475 771 1506 inito
795 1485 845 1516 29,
870 1486 915 1507 12.
940 1480 1043 1506 vastat

415 1518 623 1548 finitimorum
651 1529 740 1557 agros
768 1528 819 1558 31,
840 1527 889 1557 25.
928 1519 957 1548 ei
981 1523 1042 1549 tra-

415 1561 535 1591 duntur
569 1571 588 1590 a
623 1561 776 1600 Philippo
806 1561 883 1600 Argi
915 1571 965 1601 32,
993 1562 1042 1599 38.

414 1603 483 1633 eius
513 1613 586 1633 cum
617 1603 655 1634 T.
679 1603 834 1639 Quinctio
860 1604 1043 1634 Flaminino

414 1656 478 1676 cos.
502 1645 699 1685 colloquium
718 1655 766 1687 39.
801 1646 921 1677 auxilia
943 1646 1044 1676 mittit

415 1688 583 1725 Romanis,
605 1693 636 1719 et
655 1688 796 1719 indutias
817 1699 889 1719 cum
907 1689 1045 1720 Achaeis

414 1731 502 1768 facit,
518 1731 593 1762 ibid.
618 1731 735 1771 spoliat
751 1731 883 1771 Argivos
899 1742 948 1770 40.
972 1732 1044 1762 mit-

414 1774 453 1804 tit
468 1784 600 1804 uxorem
617 1784 707 1804 suam
724 1774 826 1814 Argos
845 1775 885 1805 ad
906 1774 1043 1814 spolian-

413 1818 471 1847 das
492 1817 638 1854 feminas,
653 1816 729 1847 ibid.
761 1817 801 1847 de
816 1818 902 1847 bello
919 1817 947 1847 ei
966 1817 1044 1848 infe-

414 1860 512 1890 rendo
525 1859 704 1890 deliberant
716 1859 840 1897 Patres,
849 1864 881 1890 et
892 1860 930 1891 T.
941 1859 1043 1895 Quin-

414 1902 478 1932 ctio
501 1912 567 1932 rem
591 1906 692 1932 totam
717 1902 907 1942 permittunt
927 1912 978 1942 33,
993 1913 1043 1941 44.

414 1945 536 1975 bellum
557 1945 706 1975 adversus
721 1955 794 1976 eum
812 1946 974 1976 decretum
993 1955 1044 1985 34,

416 1996 550 2026 22—24.
582 1991 757 2027 apparatus
778 1987 855 2018 belli
879 1986 919 2018 26
940 1991 972 2018 et
995 1996 1043 2027 27.

414 2030 576 2070 octoginta
603 2030 763 2069 principes
787 2030 962 2060 iuventutis
984 2031 1043 2061 La-

415 2073 546 2103 conicae
568 2072 730 2110 interficit,
745 2072 820 2103 ibid.
846 2073 968 2103 bellum
989 2073 1044 2104 ad-

415 2125 522 2146 versus
550 2125 625 2146 eum
651 2119 735 2146 terra
760 2115 903 2154 marique
927 2115 1045 2155 geritur

416 2157 456 2187 28
484 2162 516 2189 et
545 2167 594 2199 29.
632 2158 726 2197 petit,
752 2163 789 2188 ut
815 2157 875 2188 sibi
903 2158 1044 2197 colloqui

415 2210 490 2230 cum
513 2200 553 2231 T.
578 2200 734 2236 Quinctio
762 2200 858 2231 liceat
885 2209 934 2239 30.
976 2200 1044 2231 eius

415 2243 516 2273 oratio
545 2244 587 2273 ad
617 2242 656 2273 T.
685 2242 877 2278 Quinctium
906 2252 954 2281 31.
996 2253 1043 2273 re-

415 2286 552 2324 spondet
577 2285 752 2320 Quinctius
771 2294 820 2322 32.
848 2284 1045 2315 conditiones

416 2327 504 2366 pacis
522 2337 543 2357 a
559 2327 716 2362 Quinctio
732 2327 869 2365 scriptae
887 2334 935 2365 35.
966 2337 1045 2366 quas

415 2369 537 2408 respuit
561 2368 602 2407 36
625 2373 657 2399 et
684 2376 732 2408 37.
767 2369 1044 2399 Lacedaemonem

416 2415 582 2451 oppugnat
606 2410 781 2446 Quinctius
805 2410 842 2449 38
865 2414 897 2441 et
919 2420 968 2452 39.
999 2411 1044 2442 in-

416 2453 526 2484 dutiae
542 2463 592 2491 40.
617 2452 720 2483 Nabis
731 2453 832 2483 mittit
847 2453 967 2493 legatos
980 2453 1045 2484 Ro-

417 2506 515 2533 mam,
548 2495 603 2535 qui
640 2505 752 2535 pacem
790 2495 964 2535 impetrant
994 2505 1045 2536 4‘3.

417 2538 651 2569 concitantibus
665 2537 788 2568 Aetolis
802 2538 907 2568 denuo
923 2539 1045 2569 bellum

417 2581 549 2611 molitur
570 2581 720 2611 adversus
745 2581 911 2611 Romanos
926 2590 977 2620 35,
997 2591 1045 2620 12,

421 2633 468 2663 13.
508 2627 618 2654 contra
646 2633 719 2654 eum
749 2622 888 2653 mittitur
915 2624 1045 2662 Atilius,

417 2669 545 2706 praetor
565 2675 614 2697 22.
660 2665 764 2696 Nabis
789 2670 954 2705 oppugnat
978 2665 1045 2707 Gy-

416 2708 522 2739 thium
537 2716 585 2747 25.
611 2712 713 2739 vastat
726 2707 928 2739 Achaeorum
943 2718 1045 2748 agros,

418 2751 494 2782 ibid.
517 2754 608 2790 parat
624 2752 755 2781 classem
770 2749 819 2781 26.
844 2750 941 2781 vincit
956 2762 1044 2790 proe-

418 2794 462 2825 lio
478 2793 584 2824 navali
598 2793 755 2830 Achaeos,
767 2793 841 2823 ibid.
866 2794 993 2833 fugatur
1004 2795 1045 2824 ab

419 2835 557 2867 Achaeis
571 2836 703 2875 28-30.
726 2835 882 2866 occiditur
894 2837 934 2866 ab
947 2836 1043 2868 Alex-

419 2888 546 2916 ameno,
561 2878 705 2918 principe
721 2879 908 2909 Aetolorum
927 2887 975 2918 35.

378 2921 561 2961 Nadagara,
577 2922 650 2952 urbs
666 2930 717 2960 3ο,
735 2931 783 2962 29.

1091 284 1219 315 Naevia
1234 288 1327 324 porta
1343 294 1372 322 2,
1393 295 1439 316 11.

1091 326 1128 357 L.
1143 327 1287 358 Naevius
1304 328 1427 358 Balbus
1442 338 1494 366 45,
1514 337 1560 367 13.

1088 369 1138 400 Μ.
1153 369 1309 408 Naevius,
1335 371 1482 401 tribunus
1508 371 1552 410 pl.
1582 370 1759 402 secundum

1131 413 1285 451 quosdam
1301 417 1447 444 auctores
1461 416 1628 444 aecusator
1644 414 1682 445 P.
1693 413 1759 445 Sei-

1131 455 1234 493 pionis
1251 456 1392 486 Africani
1411 456 1461 496 38,
1478 454 1528 494 56.

1090 496 1132 532 Q.
1148 497 1292 528 Naevius
1313 498 1428 535 Crista,
1452 498 1498 528 vir
1519 497 1655 538 impiger
1676 497 1759 528 mili-

1131 539 1259 579 tiaeque
1295 541 1426 579 peritus,
1454 540 1578 571 invadit
1606 541 1760 571 Macedo-

1130 591 1209 611 num
1235 586 1337 612 castra
1360 593 1410 621 24,
1431 591 1480 621 40.
1515 593 1616 623 eaque
1638 582 1760 623 diripit,

1131 623 1206 654 ibid.

1090 665 1133 701 Q.
1147 666 1291 696 Naevius
1301 666 1417 697 Matho
1430 670 1554 697 creatur
1568 671 1696 707 praetor
1709 677 1759 708 39,

1131 717 1180 747 32.
1207 709 1336 739 sortitur
1352 709 1542 748 Sardiniam,
1555 713 1587 739 et
1603 710 1759 748 quaestio-

1129 761 1203 780 nem
1231 751 1270 781 de
1286 751 1446 781 veneficiis
1463 752 1511 791 58.
1542 752 1583 782 ad
1603 753 1667 782 duo
1688 752 1760 782 mil-

1130 793 1174 823 lia
1191 793 1405 824 veneficorum
1423 795 1555 825 damnat
1570 803 1620 832 41.

1089 835 1132 871 Q.
1148 836 1304 873 Naevius,
1320 836 1463 867 coloniae
1479 837 1687 867 deducendae
1706 836 1760 867 tri-

1130 878 1246 916 umvir,
1266 878 1317 908 cui
1340 879 1373 909 in
1395 879 1567 909 triennium
1590 879 1761 919 imperium

1131 925 1224 959 esset,
1240 925 1365 951 creatur
1381 931 1432 961 34,
1449 930 1498 960 53.
1516 922 1554 952 cf.
1572 925 1604 952 et
1620 930 1672 961 35,
1687 932 1739 960 40.

1090 963 1227 1001 Narnia,
1251 963 1388 996 colonia.
1408 964 1485 994 olim
1502 964 1691 1004 Nequinum
1711 974 1761 1001 10,

1131 1016 1162 1047 9,
1183 1016 1228 1037 10.
1252 1010 1347 1046 negat
1363 1007 1548 1037 consulibus
1563 1007 1660 1038 Rom.
1675 1007 1759 1037 mili-

1131 1053 1179 1079 tes
1202 1053 1233 1079 et
1257 1049 1426 1089 pecuniam
1450 1058 1500 1088 27,
1519 1059 1548 1091 9.
1581 1050 1621 1080 de
1642 1049 1704 1080 hac
1725 1060 1760 1080 re

1131 1092 1445 1122 senatusconsultum
1469 1101 1520 1133 29,
1550 1100 1597 1131 15.
1634 1092 1761 1123 Narnia

1132 1134 1257 1165 colonia
1272 1135 1423 1174 suppleta
1440 1144 1491 1173 32,
1509 1144 1535 1165 2.

1090 1176 1286 1208 Narnienses
1301 1177 1435 1216 equites,
1450 1176 1555 1208 nuntii
1571 1177 1759 1208 Hasdruba-

1128 1219 1168 1250 lis
1181 1223 1213 1249 et
1227 1220 1410 1250 Poenorum
1423 1220 1522 1250 cladis
1538 1227 1589 1259 27,
1600 1229 1650 1259 5ο.
1674 1220 1758 1251 Nar—

1128 1262 1246 1292 niensis
1261 1262 1360 1292 tribus
1377 1261 1407 1300 6,
1425 1270 1452 1301 5.
1479 1271 1529 1304 29,
1546 1270 1596 1302 37.

1087 1304 1196 1335 Nasus
1211 1305 1417 1335 Acarnanum
1436 1304 1486 1343 26,
1503 1314 1551 1342 24.

1087 1346 1206 1385 Nasus,
1223 1347 1287 1378 sive
1307 1347 1422 1385 insula,
1439 1347 1657 1387 Syracusanae
1671 1347 1759 1379 urbis

1131 1400 1214 1429 pars,
1229 1399 1244 1420 2
1250 1399 1279 1430 5,
1293 1399 1342 1429 24.
1367 1390 1493 1429 capitur
1506 1400 1526 1420 a
1538 1390 1695 1421 Romanis
1708 1398 1759 1430 25,

1131 1441 1181 1470 30.

1089 1474 1216 1505 Navale
1231 1474 1388 1514 proelium
1405 1474 1523 1514 triplex
1536 1474 1633 1505 simul
1647 1485 1697 1514 21,
1709 1483 1760 1516 50.

1131 1527 1181 1558 29,
1200 1528 1249 1558 49.
1276 1527 1326 1557 30,
1346 1527 1392 1548 10.
1422 1517 1546 1548 navalis
1569 1528 1697 1558 pugnae
1720 1518 1759 1549 si-

1128 1561 1309 1590 mulacrum
1334 1559 1384 1596 26,
1406 1567 1454 1598 51.
1481 1570 1530 1602 29,
1553 1570 1603 1592 22.
1635 1561 1759 1592 navalis

1128 1602 1312 1643 triumphus
1342 1602 1469 1634 Octavii
1496 1603 1537 1633 de
1563 1603 1681 1634 Perseo
1706 1611 1759 1643 45,

1131 1654 1181 1684 42.

1089 1687 1230 1718 Navalia
1250 1688 1376 1719 Romae
1398 1690 1486 1719 trans
1502 1687 1644 1719 Tiberim
1662 1698 1692 1729 3,
1708 1687 1758 1721 26.

1131 1731 1162 1768 8,
1182 1741 1228 1770 14.
1251 1741 1303 1770 40,
1320 1739 1369 1771 51.

1089 1773 1192 1804 Navis
1207 1774 1351 1804 actuaria
1367 1783 1418 1811 21,
1435 1773 1484 1804 28.
1512 1776 1624 1813 aperta
1640 1771 1691 1813 36,
1707 1783 1758 1813 42.

1130 1816 1270 1856 hepteris
1287 1823 1338 1855 37,
1355 1826 1393 1856 23
1410 1820 1442 1847 et
1459 1826 1507 1855 3ο.
1532 1815 1669 1854 hexeris,
1680 1816 1758 1848 ibid.

1130 1858 1329 1899 hippagogus
1355 1870 1407 1897 44,
1436 1859 1484 1890 28.
1528 1859 1625 1899 longa
1651 1866 1681 1898 5,
1708 1859 1759 1891 28.

1129 1902 1267 1932 moneris
1295 1901 1345 1941 38,
1372 1902 1422 1941 38.
1460 1901 1603 1932 oneraria
1630 1911 1681 1939 22,
1710 1911 1758 1934 11.

1130 1944 1288 1984 praetoria
1302 1954 1352 1986 29,
1367 1952 1415 1983 25.
1440 1944 1546 1984 pristis
1558 1955 1610 1983 44,
1623 1944 1674 1975 28.
1696 1954 1759 1975 ros-

1129 1991 1214 2017 trata
1231 1987 1281 2024 28,
1297 1995 1335 2026 45
1353 1991 1385 2017 et
1400 1986 1452 2026 46.
1478 1997 1528 2027 3ο,
1544 1996 1590 2018 10.
1614 1987 1758 2027 speculas-

1130 2029 1212 2059 toria
1236 2039 1286 2069 30,
1313 2039 1359 2061 10.
1390 2029 1440 2069 36,
1464 2039 1501 2068 41
1527 2033 1559 2060 et
1581 2038 1631 2068 42.
1668 2028 1759 2060 navis

1130 2071 1290 2102 maritima
1301 2072 1528 2112 amphorarum
1542 2074 1758 2102 trecentarum

1131 2123 1182 2152 21,
1211 2113 1261 2154 63.
1306 2115 1413 2145 velata
1453 2113 1564 2145 infulis
1599 2113 1759 2153 ramisque

1129 2157 1230 2194 oleae,
1245 2157 1382 2187 occurrit
1398 2156 1550 2196 Scipioni,
1565 2166 1640 2186 cum
1658 2157 1759 2187 classe

1130 2199 1357 2238 Carthaginem
1391 2198 1514 2238 petenti
1549 2208 1600 2238 30,
1630 2197 1681 2238 36.
1723 2198 1758 2230 in

1129 2251 1211 2271 nave
1230 2239 1388 2280 praetoria
1408 2241 1532 2281 insigne
1552 2245 1759 2280 nocturnum,

1130 2283 1191 2313 tria
1205 2283 1329 2313 lumina
1346 2293 1396 2324 29,
1413 2292 1461 2322 25.
1485 2294 1582 2314 naves
1598 2294 1638 2314 ex
1653 2284 1759 2315 abiete

1130 2329 1270 2356 structae
1285 2326 1334 2363 28,
1346 2334 1396 2365 45.
1420 2326 1593 2357 instructae
1604 2329 1758 2358 armatae-

1131 2378 1193 2407 que
1211 2367 1244 2398 in
1263 2378 1379 2407 aquam
1397 2369 1600 2400 deducuntur
1614 2369 1666 2400 die
1681 2379 1759 2408 qua-

1131 2410 1306 2449 dragesimo
1332 2411 1456 2450 quinto,
1483 2422 1579 2451 quam
1606 2421 1647 2443 ex
1671 2411 1759 2443 silvis

1131 2453 1275 2483 detracta
1296 2453 1430 2484 materia
1452 2457 1531 2493 erat,
1551 2453 1628 2485 ibid.
1661 2464 1760 2485 naves

1132 2495 1301 2526 Antiatum
1327 2496 1360 2526 in
1385 2496 1513 2528 navalia
1536 2497 1662 2527 Romae
1685 2497 1757 2527 sub—

1132 2538 1259 2576 ductae,
1274 2538 1444 2578 rostrisque
1463 2549 1572 2569 earum
1595 2543 1759 2579 suggestus

1131 2581 1313 2619 adornatus,
1332 2582 1420 2612 unde
1444 2581 1562 2612 Rostra
1581 2581 1611 2619 8,
1635 2591 1682 2619 14.
1716 2591 1758 2612 ex

1133 2623 1264 2653 Punicis
1286 2627 1400 2663 captae
1416 2633 1467 2661 21,
1483 2631 1533 2662 50.
1565 2623 1758 2664 quingentae

1131 2665 1278 2696 incensae
1291 2675 1342 2705 30,
1353 2675 1402 2705 43.
1423 2665 1574 2705 plaustris
1584 2667 1758 2697 translatae

1130 2708 1163 2738 in
1179 2718 1276 2745 mare,
1293 2708 1408 2747 quibus
1423 2709 1548 2739 obsessa
1564 2719 1622 2739 arx
1637 2709 1757 2740 Taren-

1130 2750 1155 2780 ti
1172 2760 1187 2780 2
1193 2758 1222 2789 5,
1242 2759 1288 2780 11.
1321 2754 1482 2781 certamen
1503 2751 1674 2791 quotannis
1696 2752 1757 2783 Pa-

1130 2792 1218 2829 tavii,
1234 2797 1264 2823 et
1280 2803 1378 2832 quare
1397 2803 1445 2831 10,
1462 2803 1490 2825 2.

1089 2835 1132 2872 Q.
1150 2835 1275 2866 Navius
1301 2835 1455 2874 centurio,
1477 2839 1588 2868 auctor
1611 2836 1758 2877 peditum

1130 2877 1229 2917 equiti
1251 2877 1532 2910 immiscendorum
1558 2878 1609 2918 26,
1626 2891 1656 2919 4.
1690 2878 1758 2910 eius

1129 2920 1246 2951 bellica
1263 2920 1361 2952 virtus
1378 2929 1405 2961 5.
