1888 3194
384 175 467 214 282
639 173 787 216 TITI
829 173 1010 217 mvn
1052 160 1519 218 FRAGMENTA.

383 262 603 305 lamentari
634 272 678 306 et
702 265 813 307 flere.
875 264 1025 322 Itaque
1054 274 1145 308 orta
1171 265 1264 307 luce
1292 265 1454 322 rogavit
1480 264 1719 317 Caesarem,
1739 265 1775 308 si

383 335 469 376 qua
486 321 578 362 fieri
598 330 749 378 posset,
771 338 825 364 ne
845 323 1032 379 prodiret
1052 323 1098 364 in
1117 323 1349 380 publicum,
1371 322 1446 364 sed
1466 323 1511 364 in
1532 322 1647 364 aliud
1668 331 1775 365 tem-

382 393 462 434 pus
505 388 696 421 senatum
740 380 943 422 reiiceret.
1018 381 1242 423 Plutarch.
1286 381 1411 423 Caes.
1447 396 1545 437 cap.
1580 383 1648 422 63.
1700 381 1771 437 Cf.

381 436 646 479 Freinshem.
666 437 883 494 Supplem.
909 454 1006 494 cap.
1026 439 1095 481 47.

439 493 605 535 Malum
646 509 772 536 omen
811 503 887 544 est,
921 495 1086 551 quoties
1118 494 1274 545 Aetna,
1310 509 1432 536 mons
1470 494 1651 544 Siciliae,
1686 509 1774 536 non

379 549 556 601 fumum,
577 551 652 592 sed
681 552 942 593 flammarum
974 552 1107 608 egerit
1136 552 1306 608 globos:
1339 560 1395 603 et,
1418 560 1465 593 ut
1485 551 1589 593 dicit
1609 551 1771 602 Livius,

380 616 496 649 tanta
524 609 694 649 flamma
723 617 819 650 ante
850 616 1029 650 mortem
1058 609 1246 650 Caesaris
1276 624 1330 650 ex
1352 611 1495 651 Aetna
1523 618 1667 652 monte
1698 608 1774 651 de·-

377 665 514 715 fluxit,
547 674 595 707 ut
624 680 710 707 non
741 666 918 706 tantum'
936 666 1097 707 vicinae
1133 667 1269 715 urbes,
1301 665 1377 707 sed
1410 667 1538 708 etiam
1572 666 1774 723 Rhegina

378 722 535 772 civitas,
558 738 666 778 quae
687 722 821 763 multo
841 722 976 779 spatio
997 723 1049 764 ab
1070 738 1120 763 ea
1140 722 1279 772 distat,
1301 723 1521 765 afflaretur.
1574 725 1695 767 Serv.
1715 725 1778 766 ad

388 780 541 835 Virgil.
571 780 735 835 Georg.
759 780 799 821 I.
821 782 919 823 471.

439 835 570 884 Quod
596 835 649 877 de
680 837 860 878 Caesare
888 836 1045 878 maiore
1073 836 1199 893 vulgo
1227 836 1466 878 dictitatum
1493 845 1568 887 est,
1591 844 1634 879 et
1663 851 1689 878 a
1716 837 1771 880 T.

377 892 501 934 Livio
531 893 728 949 positum,
759 894 804 935 in
837 894 998 936 incerto
1030 908 1133 944 esse,
1164 902 1305 935 utrum
1341 893 1461 935 illum
1495 894 1628 950 magis
1657 893 1773 935 nasci

375 950 632 1006 reipublicae
662 951 879 1008 profuerit,
911 967 966 994 an
995 966 1083 993 non
1112 952 1240 1002 nasci,
1272 951 1358 993 dici
1390 952 1518 993 etiam
1549 951 1604 993 de
1635 951 1773 993 ventis

377 1016 530 1063 potest.
604 1009 770 1051 Seneca
808 1010 918 1052 Nat.
960 1009 1138 1056 Quaest.
1185 1010 1228 1051 V,
1272 1011 1336 1051 18.
1404 1010 1475 1064 Cf.
1506 1009 1772 1051 Freinshem.

377 1066 595 1122 Supplem.
619 1082 715 1122 cap.
743 1068 836 1108 116.

853 1260 930 1302 Ex
953 1261 1026 1302 lib.
1056 1260 1278 1302 CXVIII.

434 1346 648 1388 Adversus
693 1347 979 1390 interfectores
1028 1348 1079 1390 C.
1106 1348 1298 1390 Caesaris
1343 1347 1549 1389 ultoribus
1598 1363 1771 1390 manum

374 1419 618 1460 comparans
668 1405 871 1446 concibat.
954 1407 1175 1447 Priscian.
1224 1407 1297 1447 lib.
1339 1406 1427 1447 IX.
1460 1421 1511 1461 p.
1554 1407 1652 1448 865.
1701 1408 1768 1450 ed.

378 1462 551 1503 Putscle.
586 1463 673 1503 Vol.
698 1463 737 1503 I.
753 1478 805 1518 p.
828 1465 927 1504 458.
953 1464 1016 1504 ed.
1040 1463 1194 1504 Krchl.

877 1653 899 1675 ²*
922 1655 999 1695 Ex
1022 1654 1094 1695 lib.
1119 1654 1261 1695 CXX.

431 1755 493 1796 M.
515 1753 663 1796 Cicero
699 1754 776 1795 sub
812 1753 1041 1795 adventum
1077 1754 1390 1796 triumvirorum
1431 1762 1612 1796 cesserat
1650 1755 1768 1806 urbe,

372 1827 447 1868 pro
469 1819 584 1853 certo
604 1811 775 1862 habens,
794 1811 838 1852 id
856 1811 972 1867 quod
993 1821 1094 1862 erat,
1112 1827 1198 1853 non
1220 1812 1351 1868 magis
1368 1811 1560 1853 Antonio
1582 1812 1689 1868 eripi
1709 1827 1767 1862 se,

372 1884 500 1925 quam
525 1869 694 1910 Caesari
719 1869 912 1909 Cassium
941 1877 983 1909 et
1005 1868 1198 1919 Brutum,
1221 1884 1353 1926 posse.
1416 1869 1560 1910 Primo
1587 1869 1633 1910 in
1658 1870 1770 1911 Tus-

373 1926 572 1968 culanum
593 1926 713 1982 fugit,
732 1926 831 1967 inde
854 1926 1096 1967 transversis
1117 1926 1336 1968 itineribus
1356 1927 1402 1967 in
1418 1925 1703 1977 Formianum,
1720 1935 1769 1968 ut

371 1984 423 2025 ab
443 1982 593 2024 Caieta
611 1984 752 2024 navim
773 1998 1088 2032 conscensurus,
1104 1983 1392 2039 proficiscitur.
1456 1983 1586 2024 Unde
1606 1983 1769 2040 aliquo-

373 2041 449 2082 ties
476 2041 522 2081 in
548 2039 680 2081 altum
701 2048 946 2096 provectum
968 2054 1101 2095 quum
1122 2040 1248 2081 modo
1272 2040 1388 2082 venti
1413 2039 1576 2081 adversi
1601 2040 1768 2082 retulis-

371 2106 478 2147 sent,
501 2097 626 2138 modo
660 2097 747 2153 ipse
781 2097 1049 2138 iactationem
1081 2098 1210 2147 navis,
1237 2112 1361 2139 caeco
1393 2096 1587 2139 volvente
1619 2098 1765 2149 fluctu,

372 2155 459 2211 pati
495 2169 582 2196 non
617 2163 769 2211 posset,
802 2154 989 2195 taedium
1021 2154 1193 2195 tandem
1226 2169 1325 2196 eum
1357 2162 1400 2196 et
1428 2154 1552 2211 fugae
1583 2163 1627 2196 et
1655 2155 1766 2198 vitae

372 2212 510 2268 cepit:
540 2226 834 2268 regressusque
856 2211 910 2253 ad
929 2211 1187 2268 superiorem
1208 2211 1363 2262 villam,
1381 2227 1489 2268 quae
1510 2211 1652 2269 paullo
1671 2212 1767 2269 plus

373 2269 486 2310 mille
519 2270 706 2325 passibus
739 2285 763 2311 a
795 2269 899 2311 mari
931 2268 1059 2319 abest,
1098 2274 1111 2293 ⁶
1127 2269 1314 2320 Moriar,’
1344 2269 1497 2326 inquit,
1530 2269 1603 2310 ‘in
1631 2269 1767 2326 patria

374 2333 386 2351 ‘
401 2342 523 2383 saepe
557 2327 742 2368 servata?
804 2326 913 2368 Satis
945 2334 1119 2376 constat,
1141 2341 1280 2368 servos
1309 2327 1471 2368 fortiter
1498 2326 1765 2384 fideliterque

374 2393 537 2440 paratos
563 2384 688 2426 fuisse
717 2384 770 2426 ad
790 2384 1107 2433 dimicandum3
1140 2384 1279 2440 ipsum
1308 2384 1466 2440 deponi
1495 2383 1699 2435 lecticam,
1721 2392 1765 2426 et

373 2441 537 2496 quietos
557 2442 659 2498 pati,
677 2441 793 2498 quod
808 2456 894 2483 sors
914 2441 1061 2498 iniqua
1076 2450 1258 2498 cogeret,
1275 2442 1452 2483 iussisse.
1499 2441 1765 2484 Prominenti

373 2513 427 2538 ex
442 2497 602 2548 lectica,
617 2499 920 2555 praebentique
936 2499 1153 2540 immotam
1166 2499 1371 2540 cervicem
1388 2507 1514 2555 caput
1529 2498 1764 2556 praecisum

373 2562 446 2595 est.
509 2555 603 2596 Nec
631 2557 728 2597 satis
761 2556 935 2597 stolidae
968 2556 1206 2597 crudelitati
1238 2556 1421 2597 militum
1450 2556 1543 2598 fuit.
1605 2556 1764 2598 Manus

373 2627 556 2667 quoque,
578 2614 787 2669 scripsisse
808 2613 854 2653 in
871 2613 1109 2654 Antonium
1130 2612 1290 2667 aliquid
1310 2613 1622 2668 exprobranteS,
1643 2627 1764 2669 prae-

373 2669 579 2711 ciderunt.
643 2669 708 2711 Ita
736 2670 914 2711 relatum
945 2678 1071 2726 caput
1100 2669 1154 2711 ad
1175 2669 1426 2718 Antonium,
1449 2670 1647 2725 iussuque
1672 2670 1763 2711 eius

372 2726 482 2766 inter
521 2726 624 2766 duas
664 2741 811 2767 manus
851 2728 896 2766 in
930 2727 1096 2767 Rostris
1134 2726 1344 2781 positum3
1384 2726 1456 2767 ubi
1496 2725 1564 2766 ille
1601 2726 1761 2776 consul,

376 2783 449 2824 ubi
493 2798 616 2839 saepe
657 2783 897 2832 consularis,
939 2783 1011 2823 ubi
1051 2797 1101 2823 eo
1146 2783 1236 2838 ipso
1282 2797 1392 2823 anno
1432 2782 1628 2824 adversus
1669 2784 1764 2824 An-

374 2840 550 2890 tonium,
584 2849 740 2896 quanta
780 2839 894 2880 nulla
932 2854 1118 2894 unquam
1162 2840 1346 2880 humana
1377 2854 1472 2889 vox,
1501 2855 1598 2881 cum
1628 2840 1762 2882 admi-

371 2897 530 2939 ratione
563 2897 827 2954 eloquentiae
864 2896 1031 2939 auditus
1062 2897 1208 2939 fuerat.
1271 2896 1357 2938 Vix
1391 2896 1627 2939 attollentes
1662 2912 1759 2954 prae
