1888 3194
558 159 979 201 EDITIONUM
1027 159 1217 201 LIVII.
1501 165 1579 203 451

308 257 488 306 ‘paucos
522 263 698 298 menses,
733 248 891 288 nedum
924 248 1061 344 (quod
1094 248 1154 288 illi
1188 248 1346 303 placet)
1378 250 1421 290 in
1455 266 1587 291 annos

305 313 485 348 ‘novem
518 305 807 361 comprimere,
841 304 922 345 nisi
974 304 1110 345 aboris
1140 305 1204 345 sui
1234 305 1374 346 fructu
1404 307 1585 347 fraudari

305 369 317 386 ‘
333 363 427 418 quis
443 362 556 404 velit.
600 361 773 403 Adsunt
793 361 905 402 enim
928 361 1184 417 ignavissimi
1205 361 1377 417 quidam
1395 361 1493 412 fuci,
1512 365 1584 419 qui

304 425 316 443 ‘
331 420 434 461 favis
454 419 686 475 alienisque
708 418 1091 460 mellificationibus
1113 419 1386 460 insidiantur:
1415 429 1458 460 et
1478 435 1585 476 quae

304 482 317 500 ‘
333 476 465 518 multo
487 476 699 532 longoque
728 475 868 517 studio
894 484 1110 531 comperta
1130 486 1229 517 sunt
1249 476 1301 517 ab
1323 475 1427 525 aliis,
1449 477 1588 532 impu-

305 534 576 575 ‘dentissime
618 548 694 589 pro
737 533 822 574 suis
863 540 1089 574 ostentant.
1154 532 1216 573 Ut
1257 533 1334 574 iste
1377 533 1449 574 vix
1491 534 1588 575 satis

305 597 317 614 ‘
332 591 510 632 idoneus
531 591 766 646 impressor,
790 589 865 645 qui
893 590 1187 645 castigationes
1215 590 1260 631 in
1282 589 1453 631 Livium
1474 605 1588 632 meas

305 653 317 671 ‘
333 663 386 689 ex
409 663 560 703 magna
579 656 696 703 parte
718 647 946 702 subripere,
965 647 1126 703 tibique
1149 648 1426 703 nuncupatim
1448 647 1588 689 dicare

306 711 419 746 ‘non
451 705 645 746 erubuit:
680 704 724 744 in
753 719 837 760 quo
866 719 953 745 non
981 704 1120 745 minus
1147 704 1447 746 existimationi
1478 715 1588 753 tuae,

306 768 459 818 ‘quam
492 762 610 811 mihi,
641 761 741 802 fecit
772 761 982 811 iniuriam,
1014 761 1132 817 quasi
1164 777 1262 802 vero
1294 761 1462 803 divinus
1493 771 1590 803 tuus

306 820 500 860 ‘animus
530 819 774 874 interceptis
804 818 988 875 gaudeat
1024 818 1160 868 rebus,
1193 828 1236 859 et
1272 819 1317 859 in
1347 818 1428 860 hoc
1459 820 1588 860 etiam

306 883 317 900 ‘
337 876 519 932 Superos
547 891 632 917 non
661 876 862 925 imitetur,
885 875 1038 930 quibus
1065 876 1133 930 (ut
1160 875 1419 933 Porphyrius
1446 885 1592 918 auctor

307 940 319 958 ‘
335 934 417 988 est)
437 934 547 974 furta
574 948 659 974 non
691 933 827 974 litant.
891 932 996 988 Ego,
1021 933 1082 973 vir
1103 933 1385 989 integerrime,
1409 934 1590 975 triennio

306 997 317 1015 ‘
335 991 417 1032 iam
440 991 550 1031 Livii
582 990 740 1031 bellum
768 989 1112 1039 Macedonicum,
1138 990 1350 1045 frequenti
1383 991 1591 1047 professus

306 1047 555 1095 ‘auditori0‚
585 1047 760 1101 singulis
792 1046 1042 1087 lectionibus
1078 1047 1312 1097 emendavi,
1345 1048 1461 1103 quod
1494 1057 1590 1089 ante

306 1111 318 1128 ‘
334 1119 410 1146 nos
437 1104 565 1158 (absit
589 1104 716 1144 verbo
746 1103 925 1157 invidia)
950 1118 1076 1144 nemo
1104 1105 1306 1145 tentavit:
1340 1105 1591 1161 ostendique

306 1160 574 1202 ‘certissimis
615 1160 885 1216 argumentis,
929 1160 980 1200 ab
1022 1175 1085 1209 eo,
1123 1175 1250 1216 qnam
1293 1161 1396 1210 dixi,
1434 1162 1593 1203 decada

306 1225 318 1243 ‘
335 1219 602 1274 depravatam
630 1217 732 1258 locis
761 1217 941 1273 amplius
963 1217 1094 1259 mille.
1158 1217 1330 1259 Veritus
1358 1219 1514 1274 itaque,
1539 1234 1591 1260 ne

306 1283 317 1300 ‘
335 1291 410 1317 sua
430 1275 598 1316 laniena
618 1289 693 1330 per
714 1289 790 1315 nos
812 1274 854 1314 in
883 1274 1100 1330 publicum
1121 1274 1383 1330 proderetur,
1406 1276 1592 1317 editione

307 1341 318 1358 ‘
336 1332 580 1390 praevenire
603 1331 840 1373 festinavit:
875 1346 1054 1388 eamque
1084 1347 1172 1373 rem
1194 1332 1506 1374 dissimulanter
1526 1348 1592 1374 me

313 1391 523 1432 ‘laturum
554 1389 748 1445 speravit,
777 1389 810 1430 si
839 1389 915 1430 sub
945 1389 1092 1430 umbra
1123 1389 1184 1430 tui
1215 1389 1398 1431 nominis
1428 1391 1593 1432 emitte-

308 1455 504 1489 ‘renturz
541 1462 588 1488 ac
620 1447 654 1487 si
686 1461 774 1487 non
799 1445 949 1487 eadem
977 1446 1159 1502 gratiora
1187 1447 1263 1487 tibi
1292 1447 1432 1488 futura
1459 1448 1542 1489 sint
1571 1463 1596 1488 a

307 1512 318 1529 ‘
336 1505 504 1562 proprio
526 1505 721 1560 iustoque
750 1503 937 1553 domino,
961 1519 1087 1560 qnam
1117 1504 1169 1545 ab
1191 1504 1478 1546 inverecundo
1506 1505 1595 1561 pla-

309 1570 319 1586 ‘
335 1563 480 1618 giario.
547 1560 693 1609 Quum
735 1561 978 1617 praesertim
1022 1576 1229 1617 nusquam
1274 1561 1343 1603 ille
1387 1563 1594 1618 protuerit

309 1627 319 1644 ‘
337 1620 482 1661 afferre
515 1619 784 1660 correctionis
811 1618 970 1659 alienae
997 1618 1216 1668 rationem,
1240 1619 1355 1674 quod
1384 1634 1459 1660 nos
1485 1619 1595 1661 inter

309 1684 320 1701 ‘
337 1677 564 1733 legendum
587 1676 776 1725 fecimus,
799 1690 907 1731 quae
930 1675 1174 1731 propediem
1198 1677 1274 1717 sub
1297 1676 1378 1717 tuis
1399 1677 1594 1734 auspiciis

309 1742 320 1759 ‘
337 1735 499 1776 exhibit
521 1734 563 1774 in
586 1732 816 1789 publicum,
839 1747 911 1774 sex
936 1733 979 1773 in
1002 1742 1090 1773 toto
1114 1732 1236 1774 Livio
1257 1733 1478 1775 vulnerum
1501 1733 1595 1775 mil-

310 1792 447 1833 ‘libus
469 1807 492 1832 a
513 1806 580 1831 mc
603 1791 754 1831 curatis
776 1800 846 1831 aut
868 1789 1012 1845 splene
1035 1790 1269 1831 contectiS.'

197 1852 319 1892 1506.
355 1848 561 1897 Venetus,
585 1863 660 1904 per
685 1847 832 1888 fratres
860 1847 1062 1888 Ioannem
1090 1856 1131 1888 et
1155 1846 1463 1889 Bernardinum
1487 1848 1595 1890 Ver-

250 1906 466 1955 cellcnses,
490 1906 532 1946 in
554 1905 688 1946 forma
710 1905 869 1946 maiori.

368 1963 493 2004 Hanc
543 1962 788 2010 editionem,
841 1977 864 2002 a
916 1961 1129 2002 MaittaIre
1183 1971 1281 2002 tom.
1326 1961 1379 2003 V.
1435 1963 1591 2004 Annal.

307 2021 496 2077 Typogr.
533 2031 637 2076 part.
675 2018 733 2060 II.
767 2034 808 2075 p.
841 2022 908 2060 21.
940 2019 1202 2068 recensitam,
1233 2029 1275 2060 ct
1304 2034 1329 2059 a
1358 2019 1518 2061 Fabric.
1550 2020 1592 2061 in

308 2078 417 2120 Bibl.
443 2077 596 2119 Latina
621 2092 674 2117 ex
700 2075 871 2117 Graevii
901 2075 1157 2117 bibliotheca
1185 2086 1477 2126 memoratum,
1499 2092 1595 2133 pos-

303 2135 434 2177 sideo.
500 2134 688 2175 Exhibet
717 2143 857 2174 autem
887 2132 1011 2174 simul
1036 2132 1230 2175 Sabellici
1254 2134 1297 2174 in
1321 2133 1491 2175 Livium
1521 2150 1595 2175 an-

308 2193 557 2241 notationes,
595 2191 747 2232 omissa
783 2201 923 2232 tamen
961 2191 1051 2231 eius
1088 2190 1141 2231 ad
1177 2190 1431 2232 Cornarium
1468 2191 1595 2233 Prae-

306 2250 476 2291 fatione.
542 2249 612 2290 Ad
649 2249 778 2289 finem
815 2248 910 2288 libri
948 2247 1052 2288 hacc
1088 2247 1313 2303 leguntur:
1365 2248 1445 2289 ‘T.
1484 2248 1593 2289 Livii

310 2307 530 2348 ‘Patavini
569 2306 748 2347 decades
779 2305 1027 2361 expliciunt,
1059 2304 1252 2345 Venetiis
1283 2320 1358 2361 per
1390 2304 1594 2347 Ioannem

309 2371 384 2405 ‘ac
423 2363 734 2405 Bernardinum
771 2363 862 2403 eius
896 2363 1064 2403 fratrem
1104 2361 1396 2403 Vercellenscs
1432 2378 1595 2404 summa

310 2428 437 2462 ‘cura
479 2430 522 2462 et
562 2420 755 2475 diligenti
802 2419 941 2460 studio
985 2419 1222 2475 impressae,
1264 2435 1376 2460 anno
1418 2419 1594 2463 Domini

310 2478 702 2520 ‘MCCCCCNL
736 2477 933 2518 XXVII.
969 2475 1116 2517 Nonas
1149 2475 1332 2517 Ianuarii
1361 2477 1593 2534 imperante

310 2542 321 2560 ‘
341 2535 614 2577 Screnissirno
650 2533 874 2575 Leonardo
909 2533 1152 2574 Lauridano
1175 2533 1215 2573 V
1218 2534 1453 2574 enetiarum
1485 2535 1593 2575 duce

311 2599 323 2616 ‘
339 2592 604 2633 felicissimo.'

199 2653 321 2692 1510.
356 2649 524 2690 Parisiis
566 2649 764 2705 impensis
808 2648 1007 2689 Iohannis
1052 2648 1173 2689 Parvi
1215 2658 1257 2689 et
1300 2649 1507 2696 Ascensii,
1550 2649 1591 2688 in

252 2706 386 2747 forma
407 2707 577 2747 maiore.

372 2762 497 2804 Hanc
533 2762 778 2812 editionem,
815 2778 839 2803 a
873 2762 1088 2805 Maittaire
1126 2764 1168 2804 in
1205 2762 1362 2805 Annal.
1403 2762 1589 2818 Typogr.

312 2828 410 2860 torn.
449 2819 507 2861 11.
546 2834 586 2876 p.
625 2822 722 2860 216.
762 2829 1048 2869 memoratam,
1086 2820 1292 2876 possideo.
1358 2818 1410 2859 Ei
1450 2828 1590 2858 autem

312 2876 555 2931 praefigitur
572 2875 715 2917 lodoci
741 2875 861 2918 Badii
880 2877 1071 2917 Ascensii
1089 2877 1265 2932 epistola
1285 2876 1338 2916 ad
1358 2874 1590 2929 Georgium

1293 2945 1321 2971 o
1342 2946 1369 2987 g
1392 2934 1415 2973 2
