1888 3194
492 387 543 430 T.
584 386 765 430 LIVII
805 387 1160 431 PATAVINI

180 507 634 552 HISTORIARUM
675 509 791 552 LIB.
835 509 961 553 XCI.
1005 511 1467 556 FRAGMENTUM

414 631 490 674 IN
535 632 810 676 CODICE
852 633 1236 677 VATICANO

330 755 367 792 A
408 756 676 795 PAULLO
717 756 971 795 IACOBO
1009 758 1320 796 BRUNSIO

604 874 1044 907 REPERTUM.

896 1071 932 1102 τὸ
950 1070 981 1102 δὲ
999 1071 1210 1113 ζητούμενον

466 1124 613 1156 ἁλωτόν·
630 1125 778 1167 ἐκφεύγει
795 1124 825 1156 δὲ
841 1125 1108 1166 τάμελούμενον.

785 1179 978 1211 Sornocnffi
994 1180 1027 1211 in
1044 1180 1174 1220 Oedipo
1190 1180 1346 1220 Tyranno
1363 1191 1391 1211 v.
1413 1181 1481 1211 110.

539 1399 1114 1448 EPISTOLA

378 1543 631 1581 PAULLI
679 1542 926 1582 IACOBI
974 1541 1267 1580 BRUNSII

232 1641 322 1679 AD
364 1640 837 1679 BENIAMINUM
879 1637 1415 1678 KENNICOTTUM.

708 1783 952 1805 *O——Q

234 1902 378 1947 UUM
406 1903 621 1960 superiore
652 1917 764 1944 anno
792 1916 936 1943 mense
963 1901 1083 1943 Maio
1113 1900 1277 1943 Romae
1308 1901 1361 1942 de
1393 1916 1520 1952 erem,

260 1960 532 2019 pei-volutatis
559 1958 826 2001 orientalium
852 1958 1093 2016 linguarum
1126 1958 1342 2000 codicibus
1363 1916 1523 2001 {iblio-

121 2019 267 2062 thecae
303 2017 550 2067 vaticanae,
590 2016 645 2058 ad
685 2015 940 2058 evolvendos
979 2015 1178 2066 Graecos,
1220 2015 1409 2066 Latinos,
1446 2016 1520 2073 qui

120 2076 313 2119 instituto
333 2091 429 2117 meo
450 2074 652 2117 inservire
673 2084 857 2131 possent,
875 2089 942 2115 me
959 2073 1161 2115 converti.
1210 2072 1278 2114 Ex
1299 2072 1365 2114 his'
1380 2082 1522 2115 autem

121 2149 192 2177 eos
221 2134 486 2191 potissimum
512 2132 752 2189 seligendos
779 2147 867 2173 csse
894 2131 1012 2181 duxi,
1036 2131 1110 2197 qui
1141 2129 1232 2172 aliis
1259 2130 1395 2172 doctis
1423 2131 1522 2173 viris

121 2193 176 2234 ob
188 2191 483 2249 praestantiam
498 2190 881 2246 antiquitatemque
898 2188 1058 2230 laudan
1073 2196 1204 2230 erant.
1244 2187 1523 2231 Blanchinius

121 2264 220 2292 vero
240 2263 373 2307 quum
393 2249 436 2290 in
461 2247 755 2305 Evangeliario
776 2256 820 2288 et
841 2245 1052 2288 Vindiciis
1079 2245 1233 2288 multos
1254 2246 1451 2303 antiquos
1478 2255 1522 2289 et

121 2307 306 2365 insignes
321 2307 467 2349 afferat
487 2305 666 2355 codices,
684 2304 877 2362 pluteum
910 2320 962 2346 ue
980 2312 1024 2346 et
1042 2304 1197 2354 locum,
1214 2303 1289 2346 ubi
1309 2303 1354 2345 in
1370 2303 1523 2346 biblio-

121 2364 244 2408 theca
264 2364 471 2406 Vaticana
499 2362 809 2413 custodiuntur,
835 2363 880 2404 in
914 2362 1021 2404 icet:
1057 2361 1210 2404 horum
1240 2361 1442 2403 librorum
1474 2371 1522 2403 ut

120 2422 225 2465 mihi
250 2422 372 2480 copia
391 2421 525 2472 fieret,
547 2436 572 2463 a
591 2420 813 2478 praefectis
867 2420 955 2471 etii,
978 2427 1118 2477 atque,
1141 2434 1249 2476 quac
1271 2434 1419 2461 eorum
1438 2419 1520 2461 fuit

120 2480 165 2522 in
194 2495 262 2523 me
293 2479 450 2523 eximia
478 2479 731 2529 humanitas,
753 2477 827 2519 nul
845 2494 871 2520 o
898 2492 1089 2534 unquam
1119 2492 1198 2519 nec
1224 2476 1413 2519 locorum
1441 2491 1521 2519 nec

121 2538 320 2596 temporis
361 2535 582 2579 intervallo
624 2535 900 2586 obliteranda,
944 2535 1064 2577 facile
1107 2535 1341 2592 impetravi.
1404 2533 1523 2576 Inter

120 2593 213 2638 illos
243 2603 385 2638 autem
415 2594 616 2652 singulari
646 2593 771 2636 laude
799 2609 825 2635 a
852 2592 1107 2634 Blanchinio
1137 2592 1356 2635 extollitur
1385 2591 1521 2634 codex

122 2651 312 2704 Latinus,
342 2652 586 2710 designatus
614 2650 698 2694 No.
724 2655 792 2694 24.
822 2651 868 2693 in
898 2650 1155 2693 bibliotheca
1182 2649 1521 2692 Palatino-Vati-

121 2717 260 2763 cana),
282 2709 566 2767 complectens
593 2709 720 2752 libros
747 2709 924 2759 Tobiae,
949 2707 1161 2759 Iudithae‚
1184 2707 1278 2750 Iobi
1302 2716 1345 2750 et
1371 2706 1524 2750 Esthe-

169 2837 180 2859 ι
209 2828 262 2860 De
287 2828 452 2861 codicibus
477 2829 648 2866 Palatinis,
668 2828 799 2860 calami·
844 2827 1001 2869 sacrilega
1037 2838 1137 2859 manu
1174 2827 1324 2859 abductis
1361 2830 1404 2864 ct,
1439 2826 1525 2866 quod

123 2876 193 2902 noso
216 2870 293 2901 belli
319 2871 351 2902 in
376 2871 575 2913 trigesimum
599 2882 722 2903 annum
746 2882 799 2903 ex·
845 2875 974 2902 nostrae
993 2870 1095 2902 aetati
1116 2869 1263 2910 contigit,
1279 2874 1315 2900 ut
1332 2868 1524 2902 videremus,

122 2913 216 2945 tracti
241 2917 387 2952 tempore
413 2913 633 2954 lleidelbergn
659 2904 800 2946 Iffimum
846 2923 885 2946 ex
905 2917 996 2953 parte
1011 2913 1127 2945 saltem
1150 2913 1184 2944 in
1206 2911 1343 2952 patriam
1360 2910 1526 2944 restitutis,
