1888 3194
136 183 514 227 EDITIONIS
555 182 1323 227 DRAKENBORCHIANAE.
1376 191 1456 228 501

63 275 164 316 dam
203 289 259 316 ex
290 274 498 330 proxima
542 272 746 320 Thracia,
781 287 892 327 quae
931 273 1171 315 indubitate
1206 274 1460 329 Lysimachi

49 332 238 387 suerint.
298 330 375 372 Ad
391 344 444 371 ea
463 329 680 384 facienda
702 328 746 369 in
766 329 988 384 antiquum
1009 330 1242 371 venisse—
1258 330 1362 386 Cap.
1387 334 1455 373 41.

62 388 338 436 sermonibus,
360 385 524 443 effecit]
549 385 825 427 sermonibus.
841 385 1022 428 —Ibid.
1046 387 1162 428 Nam
1192 393 1233 428 et
1261 388 1459 429 dissimu-

63 443 203 499 labat]
237 458 334 485 nam
367 443 680 484 dissimulabat.
699 466 756 471 —-
775 441 888 484 Ibid.
922 443 961 484 si
995 449 1080 484 tum
1112 444 1383 499 occupasset]
1421 447 1460 486 si

63 507 150 543 tum
188 501 361 542 occasio
400 506 524 541 esset.
543 524 601 529 —
622 499 734 541 Ibid.
777 499 977 555 navigat]
1019 501 1246 556 navigans.
1265 525 1322 530 -—
1343 501 1458 543 Ibid.

62 558 138 613 qui
167 558 376 614 adfidem
395 557 668 612 faciendam,
698 556 810 597 nihil
838 563 1089 598 novaturum
1121 573 1282 614 regem,
1317 559 1369 599 cle
1392 573 1459 600 so-

61 614 219 656 cietate
249 613 448 670 agerent]
491 615 564 669 qui
604 615 664 654 ad
686 613 824 668 fidem
860 615 912 655 de
945 615 1154 656 societate
1189 622 1383 670 agerent.
1402 640 1460 645 —

61 670 176 713 Ibid.
203 670 570 725 Chelidoniarum]
602 671 911 712 Chelidonium.
930 671 1115 713 -lbid.
1140 672 1313 714 Blultae
1327 673 1461 727 frac-

61 733 146 778 tae,
172 729 329 770 multae
355 729 518 770 eiectae
547 727 695 782 naues]
730 728 889 769 multae
920 743 1050 770 naves
1079 729 1256 770 eiectae.
1272 753 1327 759 —
1345 730 1457 771 Ibid.

60 784 222 838 enarit]
255 786 462 827 enaverit.
480 784 665 826 -lbid.
697 800 779 826 non
810 786 1015 841 remigum
1043 787 1166 827 modo
1199 787 1460 842 militumque

59 842 237 898 ignotae
259 843 423 891 turbae,
446 843 524 883 sed
549 842 678 883 etiam
707 841 937 898 insignium
961 843 1080 898 regis
1105 843 1354 898 amicorum]
1378 860 1458 885 non

59 900 269 955 remigum
309 905 473 940 tantum
512 900 775 953 militumque
815 900 1070 955 ignotorum,
1111 902 1190 941 sed
1228 901 1357 942 etiam
1397 903 1457 942 in-

57 956 247 1012 signium
281 957 526 997 amicorum.
543 955 728 996 —Ibid.
763 956 989 1010 concessit]
1019 958 1253 1011 processit.
1271 982 1328 986 —
1346 957 1454 1012 Cap.

57 1013 128 1054 42.
160 1013 356 1054 tribunus
380 1013 542 1068 plebis]
578 1013 785 1054 tribunus.
803 1037 860 1041 —
877 1013 988 1054 Ibid.
1016 1020 1057 1054 et
1085 1015 1138 1054 P.
1158 1014 1371 1069 sslanlius]
1404 1016 1455 1056 P.

58 1068 271 1111 Manlius.
285 1068 466 1110 ——Ibid.
485 1070 630 1110 datum
650 1068 732 1121 est]
755 1070 982 1110 clatum.—
996 1069 1107 1112 Ibid.
1124 1071 1338 1126 persolvi]
1353 1087 1459 1127 per-

57 1124 437 1168 solvere—Ibid.
476 1126 638 1167 tribuni
670 1125 837 1180 plebis]
881 1126 1255 1168 tribunt—Ibid.
1290 1129 1344 1169 L.
1378 1129 1458 1170 Va-

57 1183 190 1224 lerius
228 1181 434 1236 Flaccus]
476 1182 529 1223 L.
570 1182 777 1223 Valerius.
796 1206 854 1210 —-
874 1182 985 1223 Ibid.
1029 1183 1101 1224 Eo
1142 1199 1253 1224 anno
1293 1186 1458 1226 aediles

58 1238 247 1294 curules]
287 1238 466 1281 Aediles
505 1238 892 1280 curules.—Ibid.
925 1240 1261 1295 descripserunt]
1303 1243 1459 1283 divise-

57 1295 362 1351 runt.—-Cap.
393 1297 462 1338 43.
497 1296 563 1338 M.
590 1297 774 1337 Porcius
806 1296 916 1337 Cato
945 1297 1136 1338 consules
1155 1298 1308 1339 Idibus
1331 1298 1460 1339 Alar—

59 1353 151 1408 tiis]
178 1353 246 1395 M.
271 1353 470 1394 Porcius.
487 1377 545 1382 ——
563 1353 675 1394 Ibid.
701 1353 940 1409 quindecim
969 1353 1124 1408 millia]
1155 1355 1340 1410 quinque
1367 1356 1458 1396 mil-

58 1409 332 1452 lim—Ibid.
351 1409 636 1466 octingentos]
661 1412 930 1465 quingentos.
944 1410 1126 1453 —Ibid.
1147 1412 1292 1466 datus]
1317 1413 1456 1454 claim.

57 1491 117 1497 —
132 1466 245 1509 Ibid.
267 1468 345 1508 sed
362 1468 445 1508 iam
468 1467 613 1521 etiam]
643 1469 722 1508 sed
745 1468 884 1509 etiam.
903 1492 960 1496 —
976 1467 1088 1510 Ibid.
1111 1468 1335 1520 scriberet]
1364 1484 1460 1511 con-

58 1523 468 1566 scribere.—Ibid.
511 1523 564 1569 Q.
600 1523 815 1578 Minucio]
854 1524 1262 1580 Minucia—Cap.
1296 1527 1364 1567 44.
1403 1542 1460 1568 ex

59 1582 230 1623 decreto
239 1581 491 1636 pontificum
511 1580 802 1635 iussisecere]
825 1596 881 1622 ea:
894 1582 1147 1636 pontificum
1164 1584 1280 1623 iussu
1287 1583 1457 1638 secere.

58 1637 242 1680 —Ibid.
286 1639 411 1693 quod,
450 1652 574 1694 quum
612 1638 840 1693 IIispania
881 1639 1092 1688 movisset,
1131 1640 1279 1680 bellum
1323 1642 1460 1695 negt'i-

55 1694 229 1751 gerent]
258 1696 374 1750 quod
391 1695 618 1751 IIispania
648 1696 858 1743 movisset,
890 1695 1039 1736 bellum
1071 1697 1457 1752 neglect—Ibid.

60 1754 196 1807 utique
217 1759 310 1807 post
335 1750 569 1807 adventum]
599 1758 691 1806 post
715 1753 927 1791 adventum
950 1754 1093 1806 utique.
1112 1777 1169 1782 ———
1188 1729 1292 1809 δίῳ.
1316 1757 1384 1794 45.
1409 1756 1460 1795 ab

60 1808 163 1864 tam]
215 1812 296 1850 iam
347 1810 408 1849 ab.
432 1834 488 1838 -—
510 1807 616 1849 Ibid.
659 1810 910 1858 audirentur,
962 1812 1091 1849 maior
1141 1809 1221 1866 res]
1275 1813 1463 1853 audirent

60 1868 239 1907 maiores.
263 1891 320 1896 —
341 1865 448 1907 Ibid.
474 1868 719 1906 maturanda
742 1869 882 1921 maffl's,
905 1866 1085 1922 quando]
1117 1870 1361 1908 maturanda
1383 1870 1458 1918 his,

88 1938 194 1964 uum.
213 1948 270 1953 ——
286 1922 393 1964 Ibid.
422 1939 495 1964 cur
519 1925 791 1964 decerneretur
815 1923 977 1979 bellum]
1009 1940 1082 1964 eur
1102 1926 1385 1966 decerneretur.
1404 1951 1460 1955 —

60 1938 170 2022 Zbid.
213 1980 338 2036 quod]
380 1996 493 2036 quae.
512 2006 568 2010 ——
585 1979 693 2022 Ibid.
736 1982 793 2020 ad
830 1996 1026 2021 szmimam
1063 1983 1364 2037 rempublicmn]
1408 1985 1465 2023 ad

60 2053 257 2079 summam
307 2054 400 2079 rem.
425 2063 482 2068 ——
503 2036 610 2079 Ibid.
654 2037 891 2094 hospitibus]
945 2041 1095 2079 amieis.
1119 2065 1175 2068 —
1198 2039 1304 2080 Ibid.
1350 2042 1460 2081 nulla

61 2097 259 2137 mitescere
279 2095 384 2150 arte]
416 2111 632 2150 numquam
664 2099 871 2136 mitescere.
891 2120 947 2124 —
965 2094 1071 2136 Ibid.
1095 2103 1132 2136 et
1153 2098 1460 2152 implaealu‘lem]

62 2153 364 2208 implacabilem.
383 2178 439 2182 —
457 2152 564 2194 Ibid.
602 2154 853 2193 Mareeseere
889 2155 966 2193 otio
1000 2156 1167 2208 situque,
1206 2158 1329 2210 queri,
1368 2158 1463 2195 eici—

62 2216 196 2261 tatm,
229 2217 267 2251 et
298 2213 442 2251 inertia
475 2211 618 2265 sopiri]
662 2226 900 2251 marcescere
941 2213 1017 2250 otio
1057 2214 1211 2266 situque
1252 2214 1461 2262 cii-itatem,

62 2270 177 2324 queri
214 2283 315 2317 eum,
352 2275 390 2308 et
428 2271 571 2308 inertia
613 2271 751 2322 operis.
770 2293 827 2298 —
846 2268 951 2324 Cap.
985 2270 1053 2309 46.
1099 2271 1182 2319 Qui
1217 2285 1339 2310 unum
1381 2273 1464 2310 cius

63 2326 216 2366 ordinis
237 2325 482 2380 offendisset]
507 2327 578 2380 qui
605 2341 726 2365 unum
755 2328 838 2365 eius
866 2327 1028 2366 ordinis.
1050 2351 1106 2354 —
1123 2326 1230 2367 Ibid.
1254 2330 1392 2367 vacari
1411 2329 1467 2366 ml

62 2397 103 2423 se
123 2390 371 2438 quaestorem
395 2385 519 2424 iussit.
592 2384 790 2434 Quaestor
819 2384 862 2422 id
885 2400 963 2437 pro
985 2385 1108 2423 nihilo
1135 2383 1295 2440 hahuit]
1324 2400 1464 2424 vocare

63 2440 121 2481 ad
148 2455 188 2481 se
217 2447 473 2496 quaestorem.
538 2440 647 2480 Idem
679 2456 756 2494 pro
791 2442 914 2480 nihilo
947 2442 1096 2481 hahuit.
1122 2466 1176 2470 ——r-
1200 2441 1305 2482 Ibid.
1341 2442 1465 2496 offin-

64 2496 198 2552 derat]
221 2499 462 2552 obfeudebat.
483 2522 538 2526 —
562 2496 668 2538 Ibid.
693 2499 854 2538 Adiecit
873 2505 910 2538 et
929 2498 1062 2552 aliud]
1086 2499 1245 2538 Adiecit
1266 2500 1390 2539 aliud.
1412 2523 1463 2529 —

68 2551 175 2611 Cap.
205 2556 274 2596 47.
306 2555 392 2610 Ita]
426 2554 772 2610 linqua—Ibid.
812 2556 863 2595 Ι).
899 2556 1082 2610 ›S'eipioue
1115 2556 1334 2611 Africano]
1379 2559 1467 2596 Sei-

58 2612 180 2666 pione
227 2613 443 2666 Africano,
464 2636 518 2642 —-
537 2611 643 2652 Ibid.
687 2615 758 2667 qui
797 2628 947 2667 parum
999 2628 1044 2652 ea·
1088 2614 1281 2668 ‹liyuitate
1324 2615 1469 2669 populi

68 2668 247 2710 Romani
271 2685 351 2710 esse
378 2669 562 2724 ducebat]
595 2671 691 2725 qnia
716 2685 868 2724 parum
902 2686 947 2709 cx
968 2671 1113 2724 papuli
1133 2672 1312 2711 Rumam·
1337 2672 1468 2725 ‹liqui-

68 2730 149 2766 tate
169 2740 248 2767 esse
267 2727 444 2767 ducebat.
463 2752 521 2757 —
540 2726 645 2767 Ibid.
669 2726 967 2781 aecusatormu]
991 2729 1395 2783 accusationibusque.
1413 2752 1466 2756 »-

70 2780 179 2823 Ibid.
207 2784 264 2823 ad
286 2784 485 2838 senatum]
520 2785 633 2839 apud
657 2791 837 2825 swuatum
853 2809 907 2814 -—
923 2783 1029 2825 Ibid.
1068 2786 1140 2826 Cn.
1169 2785 1379 2838 Sem-ilias]
1422 2786 1464 2824 (ἶ

75 2839 279 2880 Servilius.
297 2865 352 2871 —
367 2839 473 2881 Ibid.
497 2857 617 2896 quum
648 2842 934 2897 Cartlmyinem
956 2842 1167 2896 venissent]
1199 2858 1321 2896 quum
1343 2843 1468 2880 venis-

70 2902 165 2937 sent.
182 2920 237 2926 -—
251 2894 357 2937 Ibid.
381 2899 527 2938 venisse
547 2899 606 2950 se]
627 2901 783 2939 venisse.
805 2925 858 2931 -—
879 2897 982 2939 Ibid.
1018 2899 1152 2939 Uumn
1174 2896 1465 2948 Ilannibalem]
