1888 3194
627 195 1054 238 KREYSSIGII.
1455 203 1537 240 345

143 287 352 328 laceratis
368 304 383 327 .·
414 300 552 341 quum,
575 285 771 326 manibus
794 287 855 326 ad
879 286 1134 342 capiendum
1155 286 1280 326 telum
1302 287 1537 337 inutilibus,

144 344 188 385 in
221 344 382 385 rabiem
416 344 486 383 ira
521 356 683 390 versu-5,
719 343 924 383 laniando
957 343 1154 384 dentibus
1188 343 1363 391 hostem,
1395 345 1541 398 exspi-

144 406 296 442 rasset.
362 398 533 454 Quippe
571 397 790 439 Romanus
828 398 912 448 ille,
950 413 1078 454 quem
1116 397 1307 439 Numida
1341 398 1540 441 dentibus

145 456 433 505 dilaniaverat,
456 454 699 496 vulneribus
719 455 935 497 confectus
955 464 999 497 et
1019 455 1102 497 iam
1123 455 1294 512 propior
1313 455 1398 497 leto
1427 456 1541 512 cogi-

144 512 307 563 tandus,
329 512 461 554 veluti
491 512 709 569 quosdam,
732 513 775 554 id
806 513 921 569 quod
950 512 1096 554 Livius
1123 528 1236 569 supr.
1225 528 1249 554 a
1279 514 1539 563 memoravit,

141 570 327 612 iacentes
347 570 462 611 vivos
490 570 659 611 succisus
679 570 904 612 feminibus
931 570 1245 636 poplitibusque
1273 571 1538 612 invenerunt.

146 627 282 669 Cuius
312 627 486 684 quidem
519 628 800 678 coniecturae,
823 628 923 670 olim
954 628 1000 668 in
1029 627 1227 669 Obss.1n
1258 637 1384 669 auett.
1413 628 1537 669 Rom.

143 684 258 726 class.
297 684 416 741 Spec.
447 684 481 725 Ι.
515 700 549 726 a.
590 689 712 727 1810.
746 685 875 736 edito,
910 701 949 742 p.
990 689 1053 727 13.
1089 700 1178 742 sqq.
1222 686 1431 742 copiosius
1467 701 1541 727 ex-

141 742 301 797 positae
329 751 456 798 atque
490 743 535 783 in
557 742 672 784 Actt.
705 743 909 784 Seminar.
947 743 1053 800 Reg.
1084 752 1127 784 et
1163 742 1254 784 Soc.
1290 743 1392 800 phil.
1422 742 1538 800 Lips.

142 799 239 841 Vol.
262 799 320 841 II.
344 799 456 841 Part.
480 799 537 841 II.
562 816 601 856 p.
624 804 722 842 444.
747 816 807 856 sq.
841 778 1041 842 brevite?
1053 800 1270 857 repetitae,
1291 815 1406 842 nunc
1435 816 1542 857 quo-

143 872 227 914 que
251 872 339 898 non
367 866 443 908 est,
466 873 541 899 cur
567 873 634 899 me
662 858 1180 914 poeniteat3p1‘oesert1m
1202 873 1334 914 quum
1355 867 1539 900 nostram

143 889 482 971 qualemcunque
518 915 762 971 opinionem
798 916 965 972 egiegie
999 916 1220 957 confirmet
1259 915 1365 958 Cod.
1400 915 1541 973 Lipsi-

143 972 268 1022 ensis,
300 972 344 1012 in
376 988 462 1028 quo
494 973 563 1014 hic
594 973 711 1014 locus
744 973 803 1014 ita
834 982 1028 1015 exmatus
1049 984 1137 1014 est:
1173 974 1419 1029 Praecipue
1445 990 1543 1016 eon-

143 1031 274 1071 vertit
305 1045 446 1071 omnes
480 1032 726 1072 subtractus
758 1032 926 1072 memide
958 1038 1121 1072 mortuo
1152 1031 1542 1086 superincumbenti

143 1101 343 1128 romanus
364 1088 493 1128 vivus.
554 1087 679 1128 Naso
701 1088 963 1142 auribusque
991 1089 1199 1129 lac-eratis
1229 1103 1319 1129 cum
1347 1090 1542 1130 manibus

143 1144 188 1185 in
213 1144 391 1184 rabilem
422 1145 491 1184 ira
513 1159 659 1185 tersus
680 1145 883 1185 lanicmdo
904 1145 1098 1186 dentibus
1118 1146 1279 1186 hostem
1300 1147 1539 1200 expitttsse.

146 1199 323 1242 Utinam
345 1208 494 1241 testem
516 1200 643 1242 citare
664 1201 819 1257 possim
841 1201 1171 1258 locupletiorem.

261 1286 475 1328 Misenae.
502 1289 624 1328 1819.

203 1399 346 1441 Huius
379 1399 592 1457 Epistolae
623 1416 717 1456 pars
747 1401 910 1457 reliqua
936 1401 1212 1450 desideratur,
1246 1415 1373 1457 quam
1412 1401 1544 1443 Goel-

144 1457 258 1499 lerus
283 1457 460 1499 editioni
488 1474 586 1500 suae
615 1459 666 1500 Γ.
687 1458 798 1500 Livii
824 1459 918 1502 lib1i
943 1458 1452 1502 XXX111.Franc0furt.
1489 1458 1542 1501 ad

148 1514 293 1557 Moen.
320 1519 442 1557 1822.
467 1516 654 1558 subiecit.
691 1516 814 1572 [Eu]
