1888 3194
81 244 126 277 U.
143 244 182 276 C.
205 244 276 284 584.

80 289 121 320 A.
145 288 184 319 C.
209 286 278 319 168.

155 637 219 675 14.

97 1846 281 1887 Misagenes

97 1891 179 1920 alter
196 1889 279 1919 filius

97 1931 296 1963 Masinissae.

293 147 372 186 186
799 143 948 185 ΤΙΤΙ
987 142 1165 185 LIVII

291 239 303 258 ⁶
319 234 370 276 ab
391 249 435 276 se
455 233 556 284 dati,
578 248 687 290 quae
708 233 766 275 ibi
786 233 1046 290 proveniant.
1109 231 1161 273 Id
1183 230 1430 273 Masinissae
1459 230 1557 272 satis
1576 237 1691 279 esse,

293 297 304 316 ‘
320 301 363 333 et
383 292 484 342 fore,
507 291 623 348 quod
642 290 799 348 populo
823 291 1017 332 Romano
1039 298 1284 346 superesset.
1349 288 1462 330 Cum
1486 288 1535 329 iis
1562 293 1693 328 man-'

293 349 429 390 ‘datis
464 365 488 390 a
521 358 639 405 patre
675 348 909 405 profectum
941 357 1086 404 postea
1120 355 1365 389 consecutos
1397 345 1572 402 equites,
1607 343 1682 400 qui

294 412 306 430 ‘
322 407 529 448 devictam
553 406 852 447 Macedoniam
880 406 1136 454 nuntiarent,
1159 404 1497 461 gratulatumque
1519 401 1714 445 senatui5

295 465 517 505 ‘iuberent
536 464 736 513 indicare,
759 471 898 504 tantae
920 477 1013 503 eam
1037 477 1126 503 rem
1151 461 1333 503 laetitiae
1355 461 1460 517 patri
1484 475 1559 501 suo
1580 474 1682 508 esse,

296 527 372 562 ‘ut
393 521 575 562 Romam
602 521 745 561 venire
772 520 885 569 velit,
908 519 1083 575 Iovique
1109 519 1283 576 Optimo
1312 518 1505 559 BIaximo
1532 517 1577 557 in
1601 515 1686 557 Ca-

298 584 310 603 ‘
325 578 473 635 pitolio
500 578 742 627 sacrificare,
765 588 808 618 et
836 585 974 632 grates
1003 591 1152 631 agere:
1185 576 1242 625 id,
1265 576 1344 616 nisi
1372 574 1591 616 molestum
1619 573 1684 623 sit,

300 641 311 660 ⁶
327 644 374 677 ut
400 636 440 677 ei
466 635 744 690 permittatur,
767 634 818 675 ab
840 643 989 674 senatu
1015 633 1184 688 petere.’
1244 632 1512 688 Responsum
1539 630 1686 686 regulo

298 702 385 734 est:
421 698 432 716 ‘
449 692 603 733 Facere
628 700 788 747 patrem
814 691 903 731 eius
925 689 1206 739 Masinissam,
1229 689 1345 744 quod
1365 689 1500 730 virum
1520 697 1687 744 gratum

299 756 311 774 ‘
326 751 569 804 bonumque
597 748 733 789 facere
761 747 920 796 deceat,
944 755 990 787 ut
1019 747 1204 802 pretium
1229 746 1518 801 honoremque
1543 745 1688 786 debito

299 806 532 848 ‘beneficio
573 805 711 846 addat.
775 803 832 844 Et
871 803 1075 860 populum
1112 803 1355 844 Romanum
1390 802 1442 843 ab
1477 816 1541 851 eo,
1577 800 1688 843 bello

299 863 503 912 ‘Punico,
533 862 629 903 forti
656 861 856 917 fidelique
888 875 1016 917 opera
1047 859 1251 910 adiutum,
1285 868 1327 901 et
1358 858 1490 909 illum,
1522 858 1689 900 favente

299 919 483 977 ‘populo
511 919 718 968 Romano,
740 933 918 974 regnum
946 917 1174 974 adeptum3
1207 917 1417 973 aequitate
1446 931 1521 957 sua
1545 919 1722 972 postea6

300 983 312 1002 ‘
329 978 455 1018 trium
475 991 623 1033 regum
643 976 762 1018 bellis
779 976 979 1031 deinceps
995 975 1190 1016 omnibus
1207 990 1305 1016 eum
1321 974 1514 1015 functum
1530 973 1688 1015 officiis.

300 1034 518 1076 ‘Victoria
541 1049 639 1075 vero
667 1033 814 1090 populi
842 1032 1027 1074 Romani
1057 1032 1203 1073 laetari
1233 1047 1331 1073 eum
1362 1046 1505 1087 regem
1537 1031 1692 1071 mirum

300 1099 414 1133 ‘non
445 1106 546 1141 esse,
570 1091 644 1147 qui
671 1099 823 1132 sortem
854 1105 1024 1131 omnem
1053 1089 1242 1130 fortunae
1270 1089 1474 1145 regnique
1503 1088 1568 1129 sui
1594 1102 1692 1129 cum

301 1156 313 1174 ‘
328 1150 452 1191 rebus
475 1148 678 1190 Romanis
699 1147 1001 1189 immiscuisset.
1067 1146 1219 1188 Grates
1240 1146 1319 1187 diis
1339 1161 1416 1202 pro
1436 1144 1582 1201 populi
1603 1145 1693 1186 Ro-

301 1207 442 1248 ‘mani
474 1206 648 1247 victoria
677 1205 790 1261 apud
822 1220 917 1246 suos
947 1212 1120 1260 penates
1151 1212 1318 1260 ageret3
1361 1203 1523 1244 Romae
1556 1201 1693 1243 filium

302 1270 404 1320 ‘pro
425 1279 476 1305 eo
501 1271 703 1304 acturum.
769 1262 1037 1304 Gratulatum
1066 1276 1234 1316 quoque
1263 1260 1361 1301 satis
1388 1275 1463 1301 suo
1491 1274 1539 1300 ac
1565 1259 1694 1315 patris

302 1322 500 1362 ‘nomine
534 1335 633 1361 esse.
696 1319 841 1376 Ipsum
874 1319 1111 1374 relinquere
1144 1333 1335 1374 regnum,
1370 1326 1413 1358 et
1446 1317 1594 1358 Africa
1619 1331 1695 1358 ex-

303 1378 492 1427 ‘cedere,
526 1386 819 1434 praeterquam
855 1376 970 1432 quod
1002 1375 1062 1416 illi
1094 1375 1243 1416 inutile
1277 1382 1396 1425 esset,
1428 1389 1516 1415 non
1548 1389 1637 1416 esse
1669 1389 1693 1415 e

304 1435 544 1492 ‘republica
587 1434 734 1491 populi
777 1433 973 1483 Romani,
1020 1442 1212 1475 senatum
1257 1432 1453 1473 censere?
1523 1430 1695 1473 Petenti

303 1493 543 1558 BIasgabae,
586 1500 633 1533 ut
669 1491 826 1532 Hanno
869 1490 1121 1531 Hamilcaris
1160 1490 1271 1530 filius
1311 1490 1430 1530 obses
1470 1488 1516 1529 in
1554 1489 1727 1530 locum7

304 1551 326 1572 '¹¹‘
348 1559 548 1605 exigeret.
612 1549 798 1589 Munera
847 1563 901 1589 ex
951 1546 1313 1588 senatusconsulto
1363 1561 1501 1587 emere
1551 1545 1697 1602 regulo

303 1615 499 1663 quaestor
520 1607 653 1647 iussus
675 1621 728 1647 ex
749 1613 919 1646 centum
947 1604 1089 1661 pondo
1118 1604 1294 1660 argenti,
1317 1611 1359 1645 et
1378 1603 1578 1660 prosequi
1598 1611 1697 1644 eum

304 1664 515 1713 Puteolos,
538 1678 792 1719 omnemque
812 1671 1040 1718 sumptum,
1063 1661 1203 1718 quoad
1227 1661 1272 1702 in
1293 1660 1416 1702 Italia
1435 1670 1555 1711 esset,
1577 1675 1698 1717 prae-

304 1723 416 1771 bere,
453 1731 496 1762 et
531 1721 633 1762 duas
669 1735 795 1762 naves
831 1720 1081 1769 conducere,
1119 1719 1271 1775 quibus
1309 1719 1398 1775 ipse
1439 1718 1731 1774 comitesque8

306 1780 415 1835 regis
455 1779 499 1819 in
535 1779 724 1820 Africam
764 1777 1096 1819 deveherentur:
1146 1785 1189 1818 et
1228 1776 1450 1817 comitibus
1489 1775 1697 1825 omnibus,

306 1837 446 1878 liberis
478 1837 703 1892 servisque,
736 1836 988 1876 vestimenta
1019 1834 1127 1875 data.
1191 1833 1322 1875 Haud
1352 1833 1411 1874 ita
1441 1833 1575 1875 multo
1605 1840 1699 1889 post

308 1894 360 1935 de
396 1893 526 1935 altero
564 1893 811 1933 Masinissae
847 1892 934 1932 filio
970 1891 1190 1947 Misagene
1226 1891 1370 1931 literae
1406 1890 1552 1931 aUatae
1587 1898 1697 1939 sunt,

310 1958 322 1975 ‘
338 1951 518 1992 Missum
564 1965 662 1990 eum
707 1950 758 1990 ab
800 1949 848 1989 L.
877 1948 1024 1989 Paullo
1069 1957 1164 2004 post
1203 1947 1416 1988 devictum
1457 1947 1610 1988 Persea
1655 1947 1700 1987 in

310 2014 322 2032 ‘
338 2008 525 2048 Africam
552 2021 649 2047 cum
674 2006 885 2061 equitibus
912 2005 1021 2053 suis3
1055 2005 1336 2060 navigantem,
1358 2004 1545 2060 dispersa
1571 2003 1698 2045 classe
1874 2031 1881 2046 ,¹

310 2065 383 2105 ‘in
416 2063 662 2104 Hadriatico
695 2063 811 2111 mari,
849 2061 1122 2102 Brundisium
1156 2062 1289 2102 tribus
1321 2061 1496 2102 navibus
1528 2075 1701 2117 aegrum
1866 2042 1885 2094 ἰ

310 2121 550 2162 ‘delatum’
610 2120 683 2160 Ad
719 2134 816 2160 eum
852 2134 948 2160 cum
983 2119 1132 2159 iisdem
1169 2118 1425 2168 muneribus,
1459 2133 1568 2174 quae
1604 2118 1703 2159 data
1868 2127 1869 2130 ’

310 2179 473 2220 Romae
494 2177 610 2218 fratri
631 2177 720 2218 eius
741 2185 872 2226 erant,
895 2176 944 2217 L.
965 2175 1187 2217 Stertinius
1209 2184 1404 2232 quaestor
1424 2175 1701 2216 Brundisium

311 2236 483 2277 missus:
518 2235 735 2289 iussusque
764 2248 921 2283 curare,
943 2242 991 2274 ut
1017 2233 1141 2274 aedes
1168 2232 1373 2289 hospi[tio
1400 2233 1548 2289 reguli,
1577 2231 1702 2273 simul

311 2293 464 2341 omnia,
497 2307 604 2347 quae
636 2291 689 2332 ad
724 2291 1009 2332 valetudinem
1046 2306 1150 2346 opus
1186 2299 1336 2340 essent,
1372 2291 1700 2347 praeberentur;

311 2350 608 2405 impensaeque
629 2348 855 2389 liberaliter
875 2363 1007 2404 quum
1032 2348 1111 2404 ipsi
1138 2356 1226 2388 tum
1249 2348 1325 2388 toti
1346 2347 1562 2389 comitatui
1582 2361 1703 2403 prae-

312 2415 544 2455 starentur3
578 2421 704 2447 naves
734 2406 860 2446 etiam
891 2415 938 2446 ut
967 2406 1320 2461 prospicerentur,
1343 2405 1496 2460 quibus
1523 2419 1566 2445 se
1596 2405 1702 2445 bene

1870 945 1875 953 ‹
1865 912 1873 932 „v
1859 778 1871 906 ..ν-...Ν
1863 739 1875 770 ἐκ,

313 2501 409 2537 sabai.
419 2512 444 2532 e.
457 2501 829 2541 Romanis‚proz·eni(mt
840 2501 985 2532 Pcrizon.

1033 2501 1187 2537 oratione,
1203 2511 1285 2539 quae
1305 2503 1375 2530 tota
1396 2500 1429 2530 in
1445 2510 1483 2530 eo
1499 2502 1558 2537 est,
1573 2502 1610 2530 ut
1628 2509 1704 2530 cum

315 2544 453 2574 coniicit.

1031 2543 1223 2574 Masinissae
1246 2542 1462 2581 gratulatione
1487 2545 1518 2572 et
1544 2542 1704 2572 modestia.

360 2596 375 2625 5
402 2588 671 2626 Gratulatumque
690 2588 819 2616 senatui
840 2587 987 2616 iuberent

314 2628 475 2667 itzde't‘are]
508 2629 551 2658 Et
575 2629 720 2658 iuberent
745 2640 789 2663 se,
814 2633 986 2667 postquam

314 2671 493 2710 gratulatus
537 2676 617 2701 esset
662 2671 798 2707 senatui,
835 2671 985 2701 iudicare.

316 2715 421 2744 Cum.

400 2757 574 2795 Aequimte
596 2754 672 2793 sua]
706 2756 777 2784 Has
800 2765 893 2784 voces
917 2756 987 2785 loco

316 2798 437 2829 alienas
453 2808 519 2827 esse
532 2797 714 2827 Crevierius
729 2797 919 2835 suspicatur,
932 2798 986 2835 qui

316 2852 354 2871 (ιο
370 2842 488 2870 virtute
503 2851 563 2869 sua
577 2840 796 2878 reponendum
812 2843 931 2874 cons-ot,
944 2840 988 2869 ita*

317 2887 350 2913 ut
368 2883 448 2913 haec
464 2885 680 2913 consentanea
696 2881 758 2911 sint
776 2892 848 2912 cum
866 2882 987 2920 reliqua

1032 2589 1153 2615 certent
1173 2585 1312 2615 Romani
1330 2585 1482 2615 comitate
1493 2588 1525 2614 et
1540 2584 1701 2615 laudibus.

1076 2636 1091 2667 7
1115 2630 1136 2658 I
1137 2639 1157 2657 n
1173 2629 1273 2658 locum
1285 2628 1301 2643 ᾖ
1311 2626 1467 2666 ω’ἰρενει]
1495 2627 1601 2657 Locus
1616 2627 1704 2657 haud

1032 2671 1128 2700 dubie
1148 2680 1292 2706 mancus,
1309 2670 1360 2699 cui
1379 2669 1507 2699 medela
1526 2669 1634 2699 adhuc
1650 2669 1704 2699 de-

1032 2713 1199 2749 sideratur,
1223 2722 1323 2751 quum
1348 2711 1508 2742 sententia
1529 2711 1613 2742 Livii
1637 2721 1704 2741 om-

1032 2755 1109 2785 nino
1126 2756 1259 2785 obscura
1276 2754 1325 2785 sit.

1075 2799 1093 2828 8
1118 2798 1313 2837 Comites-que
1328 2797 1428 2835 reglis]
1448 2798 1531 2827 Eius
1547 2806 1605 2836 pro
1620 2797 1705 2836 reyis

1033 2839 1217 2871 Gronovius
1232 2839 1472 2870 emendandum
1489 2842 1607 2870 censet.
