1888 3194
337 176 417 213 140
851 173 1000 215 ΤΙΤΙ
1041 173 1221 218 LIVII

67 302 69 305 ,
122 267 166 299 U
185 269 223 299 C.
249 268 320 308 583.
332 261 421 303 dies
454 263 655 313 recitavit,
678 263 830 329 quibus
863 272 959 305 ante
992 263 1106 305 diem
1135 264 1157 285 *
1179 263 1201 285 *
1229 263 1274 304 in
1307 263 1453 304 urbem
1486 269 1724 303 venturum.

121 311 161 342 A.
185 312 225 342 C.
253 310 321 352 169.

120 353 274 386 Comitia.

193 1577 256 1614 18.

125 1631 212 1662 Belli
230 1632 301 1662 Ma-

124 1674 269 1704 cedonici

123 1721 308 1756 apparatus.

334 319 391 360 Et
410 320 556 361 consul
577 321 811 371 maturavit,
836 330 879 362 et
898 321 1067 362 comitia
1088 336 1138 362 eo
1159 321 1240 370 die,
1258 321 1331 376 qui
1352 321 1489 362 dictus
1509 328 1611 369 erat,
1628 326 1727 360 sunt

332 377 528 433 perfecta.
594 378 803 419 Consules
843 379 971 419 creati
1016 378 1065 419 L.
1091 377 1300 419 Aemilius
1346 377 1519 418 Paullus
1558 377 1725 425 iterum,

332 442 482 490 quarto
503 435 668 477 decimo
702 451 812 477 anno
845 444 1067 492 postquam
1095 435 1230 491 piimo
1258 435 1405 476 consul
1432 435 1579 483 fuerat,
1601 441 1645 475 et
1672 432 1723 474 C.
1741 445 1760 479 7

333 491 524 533 Licinius
547 491 733 534 Crassus.
789 493 1009 534 Praetores
1030 503 1198 548 postero
1219 492 1287 533 dic
1308 492 1420 542 facti,
1445 491 1526 533 Cn.
1543 465 1728 532 Baebius

333 548 595 604 Tamphilus,
630 549 680 590 L.
702 549 880 590 Anicius
914 549 1074 598 Gallus,
1110 549 1191 591 Cn.
1214 548 1427 598 Octavius,
1458 548 1507 589 P.
1526 547 1727 589 Fonteius

334 605 504 655 Balbus,
534 605 596 647 M.
615 606 825 648 Aebutius
848 606 965 655 Elva,
999 607 1048 648 C.
1073 606 1265 661 Papirius
1288 606 1438 647 Carbo.
1503 605 1660 647 Omnia
1680 612 1728 645 ut

334 663 534 704 maturius
583 672 819 719 agerentur,
860 663 960 703 belli
1010 662 1280 703 Macedonici
1328 662 1568 704 stimulabat
1612 676 1723 703 cura·

333 718 482 784 Itaque
511 720 749 775 designatos
777 719 992 775 extemplo
1020 719 1156 760 sortiri
1186 719 1344 775 placuit
1370 719 1631 775 provincias3
1664 726 1725 768 ut,

332 777 416 817 utri
443 776 699 818 Macedonia
730 776 905 825 consuli,
935 791 1087 840 cuique
1120 776 1302 832 praetori
1334 776 1472 817 classis
1505 776 1724 826 evenisset,
1739 789 1759 820 8

332 834 532 874 sciretur:
567 842 614 874 ut
644 834 726 874 iam
758 833 857 874 inde
889 833 1122 889 cogitarent
1151 842 1446 898 pararentque,
1478 848 1586 889 quae
1616 832 1727 874 bello

333 890 427 930 usui
460 890 611 940 forent,
645 898 921 946 senatumque
939 869 1237 940 Dconsulerent,
1271 889 1305 931 si
1338 905 1422 955 qua
1455 904 1500 931 re
1535 889 1727 931 consulto

333 961 438 1003 opus
462 956 581 989 esset.
645 953 657 971 ‘
674 947 866 1012 Latinas,
883 947 955 988 ubi
983 947 1272 1003 magistratum
1300 947 1487 997 inissent,
1509 947 1626 1003 quod
1651 961 1729 1003 per

335 1004 584 1060 ‘religiones
620 1014 772 1061 posset,
805 1004 940 1061 primo
977 1020 1147 1060 quoque
1184 1014 1371 1060 tempore
1407 1004 1499 1046 fieri
1533 1004 1725 1061 placere3

334 1067 501 1118 ‘neque
551 1062 781 1112 consulem,
822 1062 890 1103 cui
935 1062 1123 1103 eundum
1169 1062 1214 1103 in
1260 1061 1559 1103 Macedoniam
1604 1069 1727 1112 esset,

335 1119 523 1160 ‘teneri.’
584 1118 665 1160 His
705 1119 896 1169 decretis,
933 1119 1173 1160 consulibus
1214 1117 1335 1160 Italia
1375 1129 1417 1160 et
1458 1118 1726 1169 Macedonia,

333 1176 606 1231 praetoribus,
628 1185 793 1232 praeter
823 1176 926 1217 duas
957 1176 1266 1217 iurisdictiones
1296 1176 1341 1216 in
1373 1177 1488 1225 urbe,
1510 1175 1663 1225 classis,
1684 1183 1729 1217 et

336 1232 554 1288 Hispania,
577 1243 619 1274 et
643 1233 796 1283 Sicilia,
818 1243 860 1274 et
885 1233 1077 1275 Sardinia
1095 1233 1334 1289 provinciae
1355 1233 1594 1274 nominatae
1616 1244 1725 1274 sunt.

338 1289 587 1340 Consulum,
634 1290 819 1332 Aemilio
871 1290 1138 1341 Macedonia,
1185 1290 1351 1331 Licinio
1402 1290 1525 1331 Italia
1573 1290 1725 1332 evenit.

335 1347 566 1398 Praetores,
601 1348 679 1389 Cn.
705 1347 887 1389 Baebius
917 1348 1133 1398 urbanam,
1171 1347 1220 1388 L.
1241 1347 1420 1388 Anicius
1450 1347 1727 1403 peregrinam,

334 1413 376 1445 ct
398 1404 431 1445 si
453 1420 537 1460 quo
558 1414 727 1446 senatus
752 1405 991 1454 censuisset,
1019 1404 1099 1446 Cn.
1122 1405 1322 1446 Octavius
1342 1405 1527 1454 classem,
1550 1405 1598 1446 P.
1617 1404 1730 1445 Fon-

335 1461 441 1502 teius
475 1461 738 1518 Hispaniam,
774 1462 836 1503 M.
857 1463 1067 1503 Aebutius
1102 1461 1300 1512 Siciliam,
1339 1463 1387 1504 C.
1403 1462 1596 1518 Papirius
1634 1461 1730 1503 Sar-

335 1518 494 1559 diniam
516 1529 578 1560 est
598 1534 665 1560 sor
668 1520 779 1561 titus.

392 1575 619 1632 Extemplo
647 1577 839 1632 apparuit
867 1576 1074 1627 omnibus,
1097 1592 1184 1617 non
1211 1577 1396 1633 segniter
1424 1577 1468 1617 id
1495 1575 1654 1618 bellum
1674 1575 1725 1618 L.

334 1632 567 1674 Aemilium
607 1643 847 1689 gesturum3
895 1643 1188 1698 praeterquam
1225 1633 1341 1690 quod
1380 1633 1484 1675 alius
1523 1634 1587 1675 vir
1626 1642 1728 1684 erat,

334 1689 460 1730 etiam
488 1690 604 1745 quod
634 1691 723 1731 dies
759 1700 987 1747 noctesque
1024 1691 1211 1732 intentus
1247 1706 1296 1732 ea
1331 1691 1430 1741 sola,
1461 1706 1569 1747 quae
1600 1690 1655 1732 ad
1684 1690 1730 1733 id

334 1746 491 1788 bellum
513 1748 783 1803 pertinerent,
807 1763 946 1789 ammo
968 1748 1161 1804 agitabat.
1224 1748 1314 1789 Iam
1336 1748 1523 1789 omnium
1545 1748 1730 1804 primum

334 1819 358 1845 a
393 1813 541 1845 senatu
577 1805 711 1860 petiit,
748 1814 796 1846 ut
831 1805 989 1861 legatos
1022 1806 1065 1845 in
1101 1805 1398 1847 Macedoniam
1429 1806 1644 1847 mitterent
1675 1804 1731 1847 ad

335 1861 544 1903 exercitus
565 1862 759 1904 visendos
780 1862 1053 1918 classemque,
1075 1871 1117 1903 et
1138 1872 1352 1918 comperta
1372 1862 1602 1912 referenda,
1625 1861 1730 1918 quid

335 1927 407 1959 aut
428 1919 690 1959 terrestribus
718 1928 790 1960 aut
818 1919 1033 1960 navalibus
1061 1919 1191 1974 copiis
1220 1935 1323 1975 opus
1349 1929 1481 1960 esset:
1515 1927 1731 1974 praeterea

335 1984 381 2016 ut
403 1975 668 2030 explorarent
688 1976 828 2031 copias
849 1976 994 2031 regiaS,
1013 1985 1218 2031 quantum
1239 1985 1421 2031 possent,
1444 1991 1611 2031 quaque
1632 1991 1731 2032 pro-

335 2031 472 2072 vincia
491 2041 643 2081 nostra,
666 2047 751 2087 qua
770 2032 953 2073 hostium
974 2032 1105 2073 foret:
1140 2042 1280 2073 utrum
1310 2033 1418 2073 intra
1445 2032 1572 2074 saltus
1596 2042 1732 2075 castra

338 2088 521 2129 Romani
543 2088 758 2138 haba-,ent
782 2104 834 2129 an
860 2089 944 2129 iam
969 2104 1114 2129 omnes
1142 2089 1357 2145 angustiae
1379 2099 1664 2146 exsuperatae‚
1686 2098 1730 2132 et

336 2145 382 2185 in
417 2160 551 2200 aequa
585 2145 677 2186 loca
713 2146 1026 2202 pervenissent:
1066 2146 1139 2201 qui
1175 2146 1320 2187 fideles
1352 2147 1472 2187 nobis
1507 2147 1621 2197 socii,
1655 2147 1730 2213 qui

337 2202 455 2242 dubii
490 2216 798 2266 suspensaeque
831 2217 884 2243 ex
916 2203 1082 2243 fortuna
1112 2203 1224 2253 fidei,
1257 2205 1330 2259 qui
1364 2204 1466 2245 certi
1498 2204 1638 2246 hostes
1667 2204 1730 2246 vi-

337 2259 561 2299 derentur:
596 2260 743 2314 quanti
774 2260 1006 2316 praeparati
1037 2268 1305 2310 commeatus,
1333 2269 1376 2301 et
1404 2261 1517 2302 unde
1547 2261 1729 2303 terrestri

337 2316 500 2379 itineie,
523 2316 636 2357 unde
658 2316 832 2357 navibus
854 2326 1222 2372 supportalentur:
1252 2318 1356 2373 quid
1377 2333 1427 2359 ea
1447 2326 1602 2359 aestate
1621 2327 1730 2360 terra

338 2372 525 2427 marique
548 2387 686 2413 rerum
707 2383 917 2428 gestarum
939 2384 1072 2423 esset3
1105 2389 1158 2415 ex
1188 2374 1251 2415 his
1284 2375 1390 2416 bene
1412 2375 1590 2431 cognitis
1617 2384 1761 2428 certa9

338 2430 381 2470 in
402 2429 590 2470 futurum
610 2430 783 2471 consilia
803 2431 894 2486 capi
916 2446 1047 2495 posse,
1057 2441 1181 2472 ratus.
1246 2431 1426 2473 Senatus
1450 2433 1530 2474 Cn.
1553 2432 1729 2474 Servilio

337 2485 498 2527 consuli
533 2487 751 2541 negotium
786 2488 918 2537 dedit,
955 2497 1002 2529 ut
1038 2488 1071 2529 is
1107 2489 1150 2529 in
1188 2488 1502 2539 Macedoniam,
1536 2505 1641 2545 quos
1676 2489 1726 2531 L.

340 2542 523 2584 Aemilio
557 2543 782 2594 vidcietur,
820 2544 988 2600 legirct.
1052 2545 1203 2601 Legati
1240 2546 1368 2586 biduo
1405 2555 1499 2602 post
1538 2546 1728 2602 profecti,

341 2600 421 2641 Cn.
468 2600 682 2642 Domitius
740 2601 1062 2652 Ahenobarbus,
1123 2603 1175 2643 A.
1215 2602 1406 2644 Licinius
1463 2603 1618 2653 Nerva,
1676 2603 1726 2646 L.

340 2657 534 2698 Baebius.

383 2780 546 2816 7Qnarto
575 2779 708 2816 decimo]
750 2779 801 2809 Ita
825 2781 1008 2811 cmcndaxit
1053 2783 1150 2813 nisset
1170 2782 1234 2820 hic,
1253 2786 1289 2813 ut
1315 2783 1392 2813 alibi
1417 2793 1436 2814 a
1461 2783 1565 2821 Liuio,
1581 2784 1729 2824 usurpari

338 2821 392 2859 sig
383 2785 486 2850 ⁷7011ius
502 2830 559 2859 pio
577 2821 660 2859 vg.ul
676 2823 806 2860 ,ςιμιὶηιο
822 2824 948 2853 ‹lca-imo.
1054 2825 1228 2856 existimat.

381 2863 399 2891 8
423 2863 608 2901 Evenisset]
642 2863 734 2893 Bekl
739 2874 810 2894 erus
843 2865 916 2903 vulg
907 2868 1007 2895 atum
1096 2876 1115 2906 9
1140 2869 1449 2906 Reruch-stmzcm]
1469 2867 1634 2900 Emendat
1646 2868 1727 2900 Gro-

341 2905 474 2935 acuisset
500 2906 618 2942 tuctui,
643 2909 672 2935 ct
687 2906 820 2937 venisset
845 2917 901 2945 1110
922 2909 1007 2938 olne-
1055 2909 1195 2939 noxius(
1180 2914 1313 2948 yestum.
