<?xml version="1.0" encoding="UTF-8"?>
<!DOCTYPE html PUBLIC "-//W3C//DTD XHTML 1.0 Transitional//EN"
    "http://www.w3.org/TR/xhtml1/DTD/xhtml1-transitional.dtd">
<html xmlns="http://www.w3.org/1999/xhtml" xml:lang="en" lang="en">
 <head>
  <title>
</title>
<meta http-equiv="Content-Type" content="text/html;charset=utf-8" />
  <meta name='ocr-system' content='tesseract 3.04.00' />
  <meta name='ocr-capabilities' content='ocr_page ocr_carea ocr_par ocr_line ocrx_word'/>
</head>
<body>
  <div class='ocr_page' id='page_1' title='image "./historiarumli04livyuoft/historiarumli04livyuoft_0131.png"; bbox 0 0 1888 3194; ppageno 0'>
   <div class='ocr_carea' id='block_1_1' title="bbox 340 574 1291 629">
    <p class='ocr_par' dir='ltr' id='par_1_1' title="bbox 340 574 1291 629">
     <span class='ocr_line' id='line_1_1' title="bbox 340 574 1291 629; baseline -0.001 -1"><span class='ocrx_word' id='word_1_1' title='bbox 340 574 705 629; x_wconf 91' lang='lat' dir='ltr'><strong>EPITOME</strong></span> <span class='ocrx_word' id='word_1_2' title='bbox 765 574 852 628; x_wconf 95' lang='lat' dir='ltr'><em>LI</em></span> <span class='ocrx_word' id='word_1_3' title='bbox 867 574 916 628; x_wconf 90' lang='lat' dir='ltr'>B</span> <span class='ocrx_word' id='word_1_4' title='bbox 931 575 977 628; x_wconf 83' lang='lat' dir='ltr'>R</span> <span class='ocrx_word' id='word_1_5' title='bbox 993 575 1021 628; x_wconf 95' lang='grc' dir='ltr'><strong>Ι</strong></span> <span class='ocrx_word' id='word_1_6' title='bbox 1079 574 1291 628; x_wconf 87' lang='lat' dir='ltr'>XLIV.</span> 
     </span>
    </p>
   </div>
   <div class='ocr_carea' id='block_1_2' title="bbox 117 991 1520 2072">
    <p class='ocr_par' dir='ltr' id='par_1_2' title="bbox 117 991 1520 2072">
     <span class='ocr_line' id='line_1_2' title="bbox 131 991 1518 1047; baseline -0.001 -13"><span class='ocrx_word' id='word_1_7' title='bbox 131 993 182 1043; x_wconf 81' lang='lat' dir='ltr'><em>Q.</em></span> <span class='ocrx_word' id='word_1_8' title='bbox 202 991 498 1033; x_wconf 82' lang='lat' dir='ltr'><em>MARCIUS</em></span> <span class='ocrx_word' id='word_1_9' title='bbox 521 991 876 1033; x_wconf 81' lang='lat' dir='ltr'><em>PHILIPPUS</em></span> <span class='ocrx_word' id='word_1_10' title='bbox 893 1007 969 1046; x_wconf 82' lang='lat' dir='ltr'><em>per</em></span> <span class='ocrx_word' id='word_1_11' title='bbox 996 994 1120 1032; x_wconf 66' lang='lat' dir='ltr'><em>invios</em></span> <span class='ocrx_word' id='word_1_12' title='bbox 1148 992 1277 1033; x_wconf 85' lang='lat' dir='ltr'><em>saltus</em></span> <span class='ocrx_word' id='word_1_13' title='bbox 1291 995 1518 1047; x_wconf 86' lang='lat' dir='ltr'><em>penetravit</em></span> 
     </span>
     <span class='ocr_line' id='line_1_3' title="bbox 123 1050 1516 1104; baseline 0.001 -14"><span class='ocrx_word' id='word_1_14' title='bbox 123 1053 165 1091; x_wconf 92' lang='lat' dir='ltr'><em>in</em></span> <span class='ocrx_word' id='word_1_15' title='bbox 182 1050 476 1098; x_wconf 76' lang='lat' dir='ltr'><em>Macedoniam,</em></span> <span class='ocrx_word' id='word_1_16' title='bbox 497 1050 790 1104; x_wconf 79' lang='lat' dir='ltr'><em>compluresque</em></span> <span class='ocrx_word' id='word_1_17' title='bbox 805 1051 918 1089; x_wconf 86' lang='lat' dir='ltr'><em>urbes</em></span> <span class='ocrx_word' id='word_1_18' title='bbox 934 1052 1150 1104; x_wconf 80' lang='lat' dir='ltr'><em>occupavit.</em></span> <span class='ocrx_word' id='word_1_19' title='bbox 1213 1051 1365 1090; x_wconf 80' lang='lat' dir='ltr'><em>Rhodii</em></span> <span class='ocrx_word' id='word_1_20' title='bbox 1379 1053 1516 1092; x_wconf 81' lang='lat' dir='ltr'><em>misere</em></span> 
     </span>
     <span class='ocr_line' id='line_1_4' title="bbox 123 1107 1516 1163; baseline 0.001 -15"><span class='ocrx_word' id='word_1_21' title='bbox 123 1109 271 1163; x_wconf 73' lang='lat' dir='ltr'><em>leqatos</em></span> <span class='ocrx_word' id='word_1_22' title='bbox 299 1107 484 1156; x_wconf 81' lang='lat' dir='ltr'><em>Romam,</em></span> <span class='ocrx_word' id='word_1_23' title='bbox 508 1108 714 1155; x_wconf 86' lang='lat' dir='ltr'><em>minantes,</em></span> <span class='ocrx_word' id='word_1_24' title='bbox 736 1122 776 1146; x_wconf 86' lang='lat' dir='ltr'><em>sc</em></span> <span class='ocrx_word' id='word_1_25' title='bbox 804 1108 951 1148; x_wconf 87' lang='lat' dir='ltr'><em>Perseo</em></span> <span class='ocrx_word' id='word_1_26' title='bbox 971 1108 1120 1147; x_wconf 71' lang='lat' dir='ltr'><em>auxilio</em></span> <span class='ocrx_word' id='word_1_27' title='bbox 1135 1109 1319 1161; x_wconf 75' lang='lat' dir='ltr'><em>ficturos,</em></span> <span class='ocrx_word' id='word_1_28' title='bbox 1342 1111 1421 1149; x_wconf 85' lang='lat' dir='ltr'><em>nisi</em></span> <span class='ocrx_word' id='word_1_29' title='bbox 1439 1124 1516 1163; x_wconf 88' lang='lat' dir='ltr'><em>po-</em></span> 
     </span>
     <span class='ocr_line' id='line_1_5' title="bbox 117 1165 1516 1220; baseline 0.001 -15"><span class='ocrx_word' id='word_1_30' title='bbox 117 1165 242 1220; x_wconf 84' lang='lat' dir='ltr'><em>pulus</em></span> <span class='ocrx_word' id='word_1_31' title='bbox 262 1165 472 1204; x_wconf 86' lang='lat' dir='ltr'><em>Romanus</em></span> <span class='ocrx_word' id='word_1_32' title='bbox 492 1179 580 1204; x_wconf 89' lang='lat' dir='ltr'><em>cum</em></span> <span class='ocrx_word' id='word_1_33' title='bbox 602 1179 643 1203; x_wconf 89' lang='lat' dir='ltr'><em>eo</em></span> <span class='ocrx_word' id='word_1_34' title='bbox 657 1179 799 1218; x_wconf 81' lang='lat' dir='ltr'><em>pacem</em></span> <span class='ocrx_word' id='word_1_35' title='bbox 816 1171 934 1219; x_wconf 87' lang='lat' dir='ltr'><em>atque</em></span> <span class='ocrx_word' id='word_1_36' title='bbox 953 1166 1172 1204; x_wconf 50' lang='lat' dir='ltr'><em>amzmcitzam</em></span> <span class='ocrx_word' id='word_1_37' title='bbox 1194 1167 1333 1220; x_wconf 79' lang='lat' dir='ltr'><em>iunqer</em></span> <span class='ocrx_word' id='word_1_38' title='bbox 1334 1173 1380 1206; x_wconf 83' lang='lat' dir='ltr'><em>et.</em></span> <span class='ocrx_word' id='word_1_39' title='bbox 1444 1167 1516 1206; x_wconf 93' lang='lat' dir='ltr'><em>In-</em></span> 
     </span>
     <span class='ocr_line' id='line_1_6' title="bbox 122 1222 1516 1278; baseline 0 -15"><span class='ocrx_word' id='word_1_40' title='bbox 122 1223 239 1278; x_wconf 72' lang='lat' dir='ltr'><em>diyne</em></span> <span class='ocrx_word' id='word_1_41' title='bbox 259 1223 303 1262; x_wconf 86' lang='lat' dir='ltr'><em>id</em></span> <span class='ocrx_word' id='word_1_42' title='bbox 323 1222 460 1262; x_wconf 87' lang='lat' dir='ltr'><em>latum.</em></span> <span class='ocrx_word' id='word_1_43' title='bbox 532 1222 666 1272; x_wconf 81' lang='lat' dir='ltr'><em>Quum</em></span> <span class='ocrx_word' id='word_1_44' title='bbox 688 1223 732 1262; x_wconf 78' lang='lat' dir='ltr'><em>id</em></span> <span class='ocrx_word' id='word_1_45' title='bbox 749 1222 889 1262; x_wconf 83' lang='lat' dir='ltr'><em>bellum</em></span> <span class='ocrx_word' id='word_1_46' title='bbox 910 1222 962 1263; x_wconf 90' lang='lat' dir='ltr'><em>L.</em></span> <span class='ocrx_word' id='word_1_47' title='bbox 981 1222 1151 1262; x_wconf 85' lang='lat' dir='ltr'><em>Aemilio</em></span> <span class='ocrx_word' id='word_1_48' title='bbox 1170 1223 1333 1272; x_wconf 77' lang='lat' dir='ltr'><em>Paullo,</em></span> <span class='ocrx_word' id='word_1_49' title='bbox 1355 1238 1516 1278; x_wconf 85' lang='lat' dir='ltr'><em>sequen-</em></span> 
     </span>
     <span class='ocr_line' id='line_1_7' title="bbox 123 1280 1517 1330; baseline 0 -9"><span class='ocrx_word' id='word_1_50' title='bbox 123 1283 175 1322; x_wconf 86' lang='lat' dir='ltr'><em>tis</em></span> <span class='ocrx_word' id='word_1_51' title='bbox 198 1281 298 1320; x_wconf 86' lang='lat' dir='ltr'><em>anni</em></span> <span class='ocrx_word' id='word_1_52' title='bbox 320 1280 472 1320; x_wconf 89' lang='lat' dir='ltr'><em>consuli</em></span> <span class='ocrx_word' id='word_1_53' title='bbox 495 1281 649 1329; x_wconf 85' lang='lat' dir='ltr'><em>iterum,</em></span> <span class='ocrx_word' id='word_1_54' title='bbox 672 1281 906 1320; x_wconf 83' lang='lat' dir='ltr'><em>mandatum</em></span> <span class='ocrx_word' id='word_1_55' title='bbox 933 1286 1040 1329; x_wconf 78' lang='lat' dir='ltr'><em>esset,</em></span> <span class='ocrx_word' id='word_1_56' title='bbox 1063 1280 1252 1330; x_wconf 87' lang='lat' dir='ltr'><em>Paullus,</em></span> <span class='ocrx_word' id='word_1_57' title='bbox 1275 1283 1316 1321; x_wconf 86' lang='lat' dir='ltr'><em>in</em></span> <span class='ocrx_word' id='word_1_58' title='bbox 1337 1283 1517 1322; x_wconf 81' lang='lat' dir='ltr'><em>concione</em></span> 
     </span>
     <span class='ocr_line' id='line_1_8' title="bbox 117 1337 1516 1394; baseline 0 -15"><span class='ocrx_word' id='word_1_59' title='bbox 117 1344 320 1394; x_wconf 77' lang='lat' dir='ltr'><em>precatus,</em></span> <span class='ocrx_word' id='word_1_60' title='bbox 351 1344 406 1387; x_wconf 86' lang='lat' dir='ltr'><em>ut,</em></span> <span class='ocrx_word' id='word_1_61' title='bbox 429 1337 619 1393; x_wconf 83' lang='lat' dir='ltr'><em>quicquid</em></span> <span class='ocrx_word' id='word_1_62' title='bbox 643 1338 725 1377; x_wconf 82' lang='lat' dir='ltr'><em>diri</em></span> <span class='ocrx_word' id='word_1_63' title='bbox 743 1338 895 1392; x_wconf 87' lang='lat' dir='ltr'><em>populo</em></span> <span class='ocrx_word' id='word_1_64' title='bbox 921 1339 1105 1378; x_wconf 81' lang='lat' dir='ltr'><em>Romano</em></span> <span class='ocrx_word' id='word_1_65' title='bbox 1132 1340 1362 1388; x_wconf 79' lang='lat' dir='ltr'><em>immineret,</em></span> <span class='ocrx_word' id='word_1_66' title='bbox 1385 1341 1426 1379; x_wconf 91' lang='lat' dir='ltr'><em>in</em></span> <span class='ocrx_word' id='word_1_67' title='bbox 1447 1340 1516 1379; x_wconf 87' lang='lat' dir='ltr'><em>do-</em></span> 
     </span>
     <span class='ocr_line' id='line_1_9' title="bbox 123 1396 1518 1450; baseline -0.001 -13"><span class='ocrx_word' id='word_1_68' title='bbox 123 1411 232 1437; x_wconf 89' lang='lat' dir='ltr'><em>mum</em></span> <span class='ocrx_word' id='word_1_69' title='bbox 258 1410 373 1436; x_wconf 89' lang='lat' dir='ltr'><em>suam</em></span> <span class='ocrx_word' id='word_1_70' title='bbox 404 1401 703 1444; x_wconf 83' lang='lat' dir='ltr'><em>converteretur,</em></span> <span class='ocrx_word' id='word_1_71' title='bbox 732 1402 770 1435; x_wconf 85' lang='lat' dir='ltr'><em>et</em></span> <span class='ocrx_word' id='word_1_72' title='bbox 799 1397 839 1436; x_wconf 89' lang='lat' dir='ltr'><em>in</em></span> <span class='ocrx_word' id='word_1_73' title='bbox 868 1396 1150 1436; x_wconf 67' lang='lat' dir='ltr'><em>sslacea&#39;oniam</em></span> <span class='ocrx_word' id='word_1_74' title='bbox 1175 1397 1394 1450; x_wconf 76' lang='lat' dir='ltr'><em>profectus,</em></span> <span class='ocrx_word' id='word_1_75' title='bbox 1424 1399 1518 1437; x_wconf 78' lang='lat' dir='ltr'><em>vicit</em></span> 
     </span>
     <span class='ocr_line' id='line_1_10' title="bbox 123 1453 1517 1508; baseline 0 -14"><span class='ocrx_word' id='word_1_76' title='bbox 123 1454 287 1503; x_wconf 84' lang='lat' dir='ltr'><em>Persen,</em></span> <span class='ocrx_word' id='word_1_77' title='bbox 310 1460 507 1508; x_wconf 85' lang='lat' dir='ltr'><em>totamque</em></span> <span class='ocrx_word' id='word_1_78' title='bbox 535 1453 817 1493; x_wconf 77' lang='lat' dir='ltr'><em>Macedoniam.</em></span> <span class='ocrx_word' id='word_1_79' title='bbox 846 1455 886 1494; x_wconf 92' lang='lat' dir='ltr'><em>in</em></span> <span class='ocrx_word' id='word_1_80' title='bbox 907 1460 1141 1508; x_wconf 83' lang='lat' dir='ltr'><em>potestatem</em></span> <span class='ocrx_word' id='word_1_81' title='bbox 1170 1455 1327 1508; x_wconf 71' lang='lat' dir='ltr'><em>reeleffl&#39;t.</em></span> <span class='ocrx_word' id='word_1_82' title='bbox 1389 1455 1517 1495; x_wconf 85' lang='lat' dir='ltr'><em>Ante-</em></span> 
     </span>
     <span class='ocr_line' id='line_1_11' title="bbox 123 1510 1517 1568; baseline 0.001 -17"><span class='ocrx_word' id='word_1_83' title='bbox 123 1527 246 1568; x_wconf 85' lang='lat' dir='ltr'><em>quam</em></span> <span class='ocrx_word' id='word_1_84' title='bbox 266 1511 504 1566; x_wconf 75' lang='lat' dir='ltr'><em>confliqeret,</em></span> <span class='ocrx_word' id='word_1_85' title='bbox 534 1511 578 1552; x_wconf 85' lang='lat' dir='ltr'><em>C.</em></span> <span class='ocrx_word' id='word_1_86' title='bbox 602 1510 806 1566; x_wconf 77' lang='lat' dir='ltr'><em>Sulpicius</em></span> <span class='ocrx_word' id='word_1_87' title='bbox 833 1512 980 1552; x_wconf 83' lang='lat' dir='ltr'><em>Gallus</em></span> <span class='ocrx_word' id='word_1_88' title='bbox 1008 1512 1190 1552; x_wconf 85' lang='lat' dir='ltr'><em>tribunus</em></span> <span class='ocrx_word' id='word_1_89' title='bbox 1210 1513 1379 1552; x_wconf 82' lang='lat' dir='ltr'><em>militum</em></span> <span class='ocrx_word' id='word_1_90' title='bbox 1395 1528 1517 1567; x_wconf 81' lang='lat' dir='ltr'><em>prae-</em></span> 
     </span>
     <span class='ocr_line' id='line_1_12' title="bbox 125 1570 1518 1624; baseline 0 -14"><span class='ocrx_word' id='word_1_91' title='bbox 125 1571 228 1610; x_wconf 66' lang='lat' dir='ltr'><em>dizit</em></span> <span class='ocrx_word' id='word_1_92' title='bbox 241 1571 438 1618; x_wconf 75' lang='lat' dir='ltr'><em>exercitui,</em></span> <span class='ocrx_word' id='word_1_93' title='bbox 457 1584 504 1609; x_wconf 87' lang='lat' dir='ltr'><em>ne</em></span> <span class='ocrx_word' id='word_1_94' title='bbox 519 1571 747 1618; x_wconf 83' lang='lat' dir='ltr'><em>miraretur,</em></span> <span class='ocrx_word' id='word_1_95' title='bbox 762 1570 868 1624; x_wconf 71' lang='lat' dir='ltr'><em>quo&#39;d</em></span> <span class='ocrx_word' id='word_1_96' title='bbox 882 1570 978 1610; x_wconf 82' lang='lat' dir='ltr'><em>luna</em></span> <span class='ocrx_word' id='word_1_97' title='bbox 995 1576 1103 1610; x_wconf 83' lang='lat' dir='ltr'><em>nocte</em></span> <span class='ocrx_word' id='word_1_98' title='bbox 1111 1571 1300 1624; x_wconf 70' lang='lat' dir='ltr'><em>proxima</em></span> <span class='ocrx_word' id='word_1_99' title='bbox 1313 1571 1518 1624; x_wconf 74' lang='lat' dir='ltr'><em>defectura</em></span> 
     </span>
     <span class='ocr_line' id='line_1_13' title="bbox 126 1627 1518 1682; baseline 0 -14"><span class='ocrx_word' id='word_1_100' title='bbox 126 1634 232 1668; x_wconf 84' lang='lat' dir='ltr'><em>esset.</em></span> <span class='ocrx_word' id='word_1_101' title='bbox 301 1627 469 1667; x_wconf 77' lang='lat' dir='ltr'><em>Gentius</em></span> <span class='ocrx_word' id='word_1_102' title='bbox 495 1641 646 1681; x_wconf 84' lang='lat' dir='ltr'><em>quoque</em></span> <span class='ocrx_word' id='word_1_103' title='bbox 676 1642 744 1666; x_wconf 69' lang='lat' dir='ltr'><em>rea·</em></span> <span class='ocrx_word' id='word_1_104' title='bbox 775 1627 1024 1681; x_wconf 76' lang='lat' dir='ltr'><em>Illyriorum,</em></span> <span class='ocrx_word' id='word_1_105' title='bbox 1056 1642 1178 1682; x_wconf 84' lang='lat' dir='ltr'><em>quum</em></span> <span class='ocrx_word' id='word_1_106' title='bbox 1208 1628 1441 1677; x_wconf 82' lang='lat' dir='ltr'><em>rebellasset,</em></span> <span class='ocrx_word' id='word_1_107' title='bbox 1467 1629 1518 1668; x_wconf 77' lang='lat' dir='ltr'><em>al)</em></span> 
     </span>
     <span class='ocr_line' id='line_1_14' title="bbox 127 1685 1520 1738; baseline 0.001 -13"><span class='ocrx_word' id='word_1_108' title='bbox 127 1686 273 1726; x_wconf 80' lang='lat' dir='ltr'><em>Anicio</em></span> <span class='ocrx_word' id='word_1_109' title='bbox 292 1691 478 1738; x_wconf 85' lang='lat' dir='ltr'><em>praetore</em></span> <span class='ocrx_word' id='word_1_110' title='bbox 505 1686 642 1733; x_wconf 83' lang='lat' dir='ltr'><em>victus,</em></span> <span class='ocrx_word' id='word_1_111' title='bbox 671 1686 773 1724; x_wconf 86' lang='lat' dir='ltr'><em>venit</em></span> <span class='ocrx_word' id='word_1_112' title='bbox 802 1686 842 1724; x_wconf 88' lang='lat' dir='ltr'><em>in</em></span> <span class='ocrx_word' id='word_1_113' title='bbox 869 1685 1113 1734; x_wconf 80' lang='lat' dir='ltr'><em>deditionem,</em></span> <span class='ocrx_word' id='word_1_114' title='bbox 1136 1692 1173 1724; x_wconf 80' lang='lat' dir='ltr'><em>et</em></span> <span class='ocrx_word' id='word_1_115' title='bbox 1204 1700 1291 1725; x_wconf 86' lang='lat' dir='ltr'><em>cum</em></span> <span class='ocrx_word' id='word_1_116' title='bbox 1321 1700 1453 1734; x_wconf 58' lang='lat' dir='ltr'><em>umore,</em></span> <span class='ocrx_word' id='word_1_117' title='bbox 1482 1693 1520 1726; x_wconf 88' lang='lat' dir='ltr'><em>et</em></span> 
     </span>
     <span class='ocr_line' id='line_1_15' title="bbox 129 1742 1520 1797; baseline 0 -14"><span class='ocrx_word' id='word_1_118' title='bbox 129 1743 271 1791; x_wconf 85' lang='lat' dir='ltr'><em>liberis,</em></span> <span class='ocrx_word' id='word_1_119' title='bbox 293 1748 331 1781; x_wconf 88' lang='lat' dir='ltr'><em>et</em></span> <span class='ocrx_word' id='word_1_120' title='bbox 349 1743 601 1796; x_wconf 79' lang='lat' dir='ltr'><em>propinquis,</em></span> <span class='ocrx_word' id='word_1_121' title='bbox 625 1742 794 1782; x_wconf 85' lang='lat' dir='ltr'><em>Romam</em></span> <span class='ocrx_word' id='word_1_122' title='bbox 825 1744 965 1782; x_wconf 88' lang='lat' dir='ltr'><em>missus</em></span> <span class='ocrx_word' id='word_1_123' title='bbox 991 1749 1057 1782; x_wconf 86' lang='lat' dir='ltr'><em>cst.</em></span> <span class='ocrx_word' id='word_1_124' title='bbox 1119 1743 1371 1782; x_wconf 57' lang='lat' dir='ltr'><em>Alexandria</em></span> <span class='ocrx_word' id='word_1_125' title='bbox 1400 1744 1520 1797; x_wconf 70' lang='lat' dir='ltr'><em>leyati</em></span> 
     </span>
     <span class='ocr_line' id='line_1_16' title="bbox 128 1799 1519 1854; baseline 0 -14"><span class='ocrx_word' id='word_1_126' title='bbox 128 1816 154 1840; x_wconf 86' lang='lat' dir='ltr'><em>a</em></span> <span class='ocrx_word' id='word_1_127' title='bbox 183 1800 397 1854; x_wconf 83' lang='lat' dir='ltr'><em>Cleopatra</em></span> <span class='ocrx_word' id='word_1_128' title='bbox 425 1806 462 1839; x_wconf 90' lang='lat' dir='ltr'><em>et</em></span> <span class='ocrx_word' id='word_1_129' title='bbox 487 1799 712 1839; x_wconf 78' lang='lat' dir='ltr'><em>Ptolemaeo</em></span> <span class='ocrx_word' id='word_1_130' title='bbox 735 1800 888 1854; x_wconf 63' lang='lat' dir='ltr'><em>reyiltus</em></span> <span class='ocrx_word' id='word_1_131' title='bbox 914 1806 1113 1848; x_wconf 70' lang='lat' dir='ltr'><em>venerunt,</em></span> <span class='ocrx_word' id='word_1_132' title='bbox 1136 1807 1336 1854; x_wconf 71' lang='lat' dir='ltr'><em>querentes</em></span> <span class='ocrx_word' id='word_1_133' title='bbox 1362 1800 1410 1840; x_wconf 80' lang='lat' dir='ltr'><em>de</em></span> <span class='ocrx_word' id='word_1_134' title='bbox 1429 1801 1519 1841; x_wconf 83' lang='lat' dir='ltr'><em>An-</em></span> 
     </span>
     <span class='ocr_line' id='line_1_17' title="bbox 129 1857 1520 1911; baseline -0.001 -12"><span class='ocrx_word' id='word_1_135' title='bbox 129 1858 256 1899; x_wconf 80' lang='lat' dir='ltr'><em>tioclw</em></span> <span class='ocrx_word' id='word_1_136' title='bbox 284 1873 371 1911; x_wconf 61' lang='lat' dir='ltr'><em>resse</em></span> <span class='ocrx_word' id='word_1_137' title='bbox 400 1857 557 1911; x_wconf 58' lang='lat' dir='ltr'><em>Syriae,</em></span> <span class='ocrx_word' id='word_1_138' title='bbox 580 1858 686 1911; x_wconf 82' lang='lat' dir='ltr'><em>quod</em></span> <span class='ocrx_word' id='word_1_139' title='bbox 711 1858 772 1896; x_wconf 71' lang='lat' dir='ltr'><em>liis</em></span> <span class='ocrx_word' id='word_1_140' title='bbox 792 1857 932 1897; x_wconf 80' lang='lat' dir='ltr'><em>bellum</em></span> <span class='ocrx_word' id='word_1_141' title='bbox 959 1859 1133 1911; x_wconf 68' lang='lat' dir='ltr'><em>inferret.</em></span> <span class='ocrx_word' id='word_1_142' title='bbox 1198 1858 1352 1905; x_wconf 80' lang='lat' dir='ltr'><em>Perses,</em></span> <span class='ocrx_word' id='word_1_143' title='bbox 1375 1858 1520 1898; x_wconf 85' lang='lat' dir='ltr'><em>sollici—</em></span> 
     </span>
     <span class='ocr_line' id='line_1_18' title="bbox 129 1915 1519 1970; baseline -0.001 -14"><span class='ocrx_word' id='word_1_144' title='bbox 129 1917 224 1956; x_wconf 86' lang='lat' dir='ltr'><em>tatis</em></span> <span class='ocrx_word' id='word_1_145' title='bbox 252 1917 292 1955; x_wconf 90' lang='lat' dir='ltr'><em>in</em></span> <span class='ocrx_word' id='word_1_146' title='bbox 313 1916 506 1954; x_wconf 62' lang='lat' dir='ltr'><em>auxilium</em></span> <span class='ocrx_word' id='word_1_147' title='bbox 535 1915 717 1954; x_wconf 85' lang='lat' dir='ltr'><em>Eumene</em></span> <span class='ocrx_word' id='word_1_148' title='bbox 737 1930 825 1968; x_wconf 76' lang='lat' dir='ltr'><em>reyc</em></span> <span class='ocrx_word' id='word_1_149' title='bbox 846 1915 1051 1969; x_wconf 74' lang='lat' dir='ltr'><em>I&#39;eryami‚</em></span> <span class='ocrx_word' id='word_1_150' title='bbox 1074 1922 1110 1954; x_wconf 80' lang='lat' dir='ltr'><em>et</em></span> <span class='ocrx_word' id='word_1_151' title='bbox 1137 1916 1280 1955; x_wconf 79' lang='lat' dir='ltr'><em>Gentio</em></span> <span class='ocrx_word' id='word_1_152' title='bbox 1309 1931 1395 1969; x_wconf 70' lang='lat' dir='ltr'><em>reqe</em></span> <span class='ocrx_word' id='word_1_153' title='bbox 1416 1916 1519 1970; x_wconf 76' lang='lat' dir='ltr'><em>Illy-</em></span> 
     </span>
     <span class='ocr_line' id='line_1_19' title="bbox 130 1973 1518 2027; baseline 0.001 -14"><span class='ocrx_word' id='word_1_154' title='bbox 130 1975 293 2021; x_wconf 81' lang='lat' dir='ltr'><em>riorum,</em></span> <span class='ocrx_word' id='word_1_155' title='bbox 322 1974 418 2026; x_wconf 82' lang='lat' dir='ltr'><em>quia</em></span> <span class='ocrx_word' id='word_1_156' title='bbox 445 1973 506 2012; x_wconf 74' lang='lat' dir='ltr'><em>liis</em></span> <span class='ocrx_word' id='word_1_157' title='bbox 526 1974 754 2027; x_wconf 81' lang='lat' dir='ltr'><em>pecuniam,</em></span> <span class='ocrx_word' id='word_1_158' title='bbox 778 1987 897 2027; x_wconf 74' lang='lat' dir='ltr'><em>quam</em></span> <span class='ocrx_word' id='word_1_159' title='bbox 919 1975 1172 2027; x_wconf 81' lang='lat' dir='ltr'><em>promiserat,</em></span> <span class='ocrx_word' id='word_1_160' title='bbox 1203 1988 1278 2014; x_wconf 80' lang='lat' dir='ltr'><em>uon</em></span> <span class='ocrx_word' id='word_1_161' title='bbox 1306 1974 1440 2023; x_wconf 79' lang='lat' dir='ltr'><em>dalmt,</em></span> <span class='ocrx_word' id='word_1_162' title='bbox 1467 1974 1518 2015; x_wconf 80' lang='lat' dir='ltr'><em>ab</em></span> 
     </span>
     <span class='ocr_line' id='line_1_20' title="bbox 128 2030 440 2072; baseline -0.006 -1"><span class='ocrx_word' id='word_1_163' title='bbox 128 2033 177 2072; x_wconf 86' lang='lat' dir='ltr'><em>iis</em></span> <span class='ocrx_word' id='word_1_164' title='bbox 198 2030 355 2071; x_wconf 82' lang='lat' dir='ltr'><em>relictus</em></span> <span class='ocrx_word' id='word_1_165' title='bbox 375 2036 440 2070; x_wconf 80' lang='lat' dir='ltr'><em>est.</em></span> 
     </span>
    </p>
   </div>
  </div>
 </body>
</html>
