1888 3194
261 159 343 198 206
781 155 928 198 ΤΙΤΙ
968 155 1147 197 LIVII

53 256 96 288 U.
113 257 152 288 C.
175 248 366 296 585.haec
391 247 541 297 omnis,
563 247 752 303 duraque
778 246 908 297 cultu,
937 256 981 288 ct
1008 261 1154 302 aspera
1181 246 1304 303 plaga
1331 254 1415 287 est:
1449 245 1656 287 cultorum

48 299 87 331 A·
113 300 150 330 C.
179 298 431 362 ¹67·quoque
468 305 641 361 ingenia
676 313 809 346 terrae
845 304 997 345 similia
1031 304 1169 345 habet.
1232 303 1473 345 Ferociores
1509 318 1580 344 cos
1614 312 1658 344 et

262 363 426 405 accolae
462 363 626 404 barbari
662 362 846 411 faciunt3
881 376 996 402 nunc
1029 361 1139 402 bello
1176 369 1434 410 exercentes,
1466 375 1581 401 nunc
1613 360 1658 401 in

262 436 365 477 pace
405 420 629 461 miscentes
668 420 772 461 ritus
807 434 913 460 suos,
977 418 1149 460 Divisae
1189 419 1330 475 itaque
1363 417 1657 467 Macedoniae,

263 478 446 534 partium
467 477 610 519 usibus
631 477 842 533 separatis,
866 484 1024 532 quanta
1047 476 1262 517 universos
1293 484 1433 517 teneat
1455 475 1659 517 Macedo·
1673 486 1692 513 4

263 551 350 585 nas,
372 535 552 576 formula
572 534 696 584 dicta,
720 549 852 590 quum
882 533 996 589 leges
1017 548 1186 589 quoque
1217 548 1260 574 se
1291 533 1487 574 daturum
1519 541 1659 574 osten-

265 593 405 634 disset.

119 662 186 700 31,
325 649 469 691 Aetoli
490 648 645 690 deinde
667 648 806 689 citati:
841 647 883 687 in
907 662 992 702 qua
1011 646 1252 701 cognitione
1279 647 1423 703 magis,
1445 656 1539 688 utra
1564 661 1660 703 pars

54 717 219 748 Iudicium
268 707 486 756 Romanis,
509 715 603 747 utra
622 705 712 760 regi
733 704 911 753 favisset,
935 704 1170 759 quaesitum
1191 713 1266 753 est,
1289 719 1414 759 quam
1437 705 1520 745 utri
1540 704 1661 745 fecis-

53 760 95 790 de
111 760 246 792 Aetolis.
267 773 360 805 sent
381 763 590 812 iniuriam,
608 772 681 803 aut
701 761 972 816 accepissent.
1021 760 1149 801 Noxa
1168 760 1332 801 liberati
1353 761 1658 815 interfectores:

268 821 463 862 exsilium
487 819 617 876 pulsis
641 833 774 874 aeque
806 826 943 858 ratum
968 817 1060 867 fuit,
1083 832 1131 859 ac
1161 832 1271 858 mors
1299 817 1542 859 interfectis.
1604 818 1658 859 A.

269 878 453 919 Baebius
483 892 593 918 unus
623 884 686 917 est
716 875 951 924 damnatus,
975 874 1090 931 quod
1121 874 1274 916 milites
1299 875 1512 916 Romanos
1542 890 1662 931 prae-

266 935 424 976 buisset
459 934 512 975 ad
549 933 826 974 ministerium
862 932 1012 973 caedis.
1077 931 1163 973 Hic
1198 941 1374 973 eventus
1414 932 1662 974 Aetolorum

267 1007 414 1034 causae
448 991 493 1032 in
522 991 717 1033 omnibus
750 989 953 1031 Graeciae
989 990 1186 1046 gentibus
1217 990 1469 1046 populisque
1501 1005 1660 1040 eorum,

268 1050 342 1106 qui
374 1049 504 1105 partis
537 1049 828 1090 Romanorum
861 1047 1039 1097 fuerant,
1069 1047 1231 1088 inflavit
1262 1047 1316 1088 ad
1356 1047 1663 1089 intolerabilem

267 1107 505 1164 superbiam
544 1107 732 1155 anim0s3
770 1114 813 1146 et
843 1105 1047 1146 obnoxios
1079 1105 1259 1161 pedibus
1294 1119 1439 1146 eorum
1470 1105 1661 1155 subiecit,

267 1180 373 1220 quos
413 1164 554 1220 aliqua
592 1171 709 1220 parte
746 1162 926 1218 suspicio
961 1162 1110 1203 favoris
1150 1162 1194 1202 in
1235 1177 1378 1218 regem
1414 1162 1660 1218 contigerat.

268 1222 372 1263 Tria
410 1236 567 1278 genera
605 1220 845 1276 principum
879 1221 923 1260 in
959 1219 1198 1260 civitatibus
1233 1228 1378 1261 erant:
1417 1219 1516 1269 duo,
1554 1234 1661 1276 quae

267 1279 479 1320 adulando
500 1287 573 1320 aut
593 1278 883 1319 Romanorum
905 1277 1141 1332 imperium,
1160 1285 1233 1318 aut
1253 1277 1480 1318 amicitiam
1501 1292 1662 1333 regum,

267 1337 347 1378 sibi
376 1336 572 1393 privatim
593 1350 693 1392 opes
714 1334 920 1391 oppressis
940 1334 1149 1375 faciebant
1175 1334 1438 1375 civitatibus:
1475 1334 1662 1376 medium
1676 1346 1693 1377 5

268 1409 415 1444 unum,
437 1393 606 1449 utrique
637 1393 782 1448 generi
807 1391 1040 1441 adversum,
1064 1391 1297 1433 libertatem
1320 1399 1363 1432 et
1383 1391 1496 1446 leges
1518 1392 1664 1433 tueba-

268 1460 348 1493 tur.
407 1450 488 1492 His
509 1459 555 1492 ut
576 1451 707 1491 maior
727 1449 841 1505 apud
861 1464 956 1490 suos
977 1449 1138 1498 caritas,
1156 1449 1215 1489 ita
1235 1449 1373 1490 minor
1393 1449 1447 1489 ad
1468 1458 1664 1490 externos

267 1509 402 1564 gratia
421 1516 520 1549 erat.
587 1507 792 1549 Secundis
816 1507 940 1547 rebus
971 1505 1067 1547 elati
1102 1506 1393 1547 Romanorum
1418 1507 1548 1562 partis
1574 1506 1663 1547 eius

268 1567 462 1616 fautores,
500 1565 576 1606 soli
616 1573 705 1606 tum
744 1564 786 1605 in
829 1563 1150 1619 magistratibus,
1184 1563 1261 1604 soli
1300 1563 1345 1604 in
1385 1563 1664 1619 legationibus

269 1632 399 1664 erant.
463 1622 524 1664 Hi
565 1637 698 1678 quum
737 1621 980 1677 frequentes
1020 1629 1063 1662 et
1103 1636 1156 1662 ex
1187 1620 1497 1676 Peloponneso,
1531 1629 1574 1662 et
1609 1636 1663 1662 ex

272 1680 460 1730 Boeotia,
483 1688 526 1721 et
547 1695 601 1721 ex
625 1678 828 1720 Graeciae
851 1678 1037 1719 conciliis
1058 1678 1265 1728 adessent,
1287 1678 1513 1735 implevere
1544 1693 1664 1720 aures

270 1737 419 1779 decem
440 1737 698 1793 legatorum:
735 1741 747 1760 ‘
762 1735 864 1777 Non
886 1751 956 1777 eos
978 1744 1156 1786 tantum,
1179 1736 1252 1792 qui
1277 1750 1321 1777 se
1350 1735 1566 1792 propalam
1590 1751 1665 1792 per

273 1795 528 1837 ‘vanitatem
559 1795 792 1843 iactassent,
816 1802 1016 1849 tanquam
1045 1793 1229 1849 hospites
1260 1802 1302 1834 et
1332 1794 1486 1835 amicos
1505 1793 1663 1843 Persei,

272 1852 373 1894 ‘sed
408 1852 542 1893 multo
575 1851 716 1908 plures
748 1851 849 1892 alios
883 1866 935 1891 ex
971 1850 1137 1892 occulto
1167 1851 1341 1892 favisse:
1377 1851 1560 1906 reliquos
1590 1865 1666 1907 per

272 1915 284 1934 ‘
300 1910 483 1966 speciem
505 1908 686 1950 tuendae
708 1907 912 1949 libertatis
942 1908 987 1948 in
1015 1908 1202 1949 conciliis
1230 1907 1427 1949 adversus
1452 1908 1664 1949 Romanos

271 1973 284 1991 ζ
300 1968 441 2008 omnia
466 1965 734 2006 instruxisse:
769 1980 847 2005 nec
869 1965 989 2006 aliter
1009 1980 1078 2005 eas
1099 1980 1312 2006 mansuras
1334 1965 1377 2005 in
1399 1964 1482 2005 fide
1503 1974 1663 2021 gentes,

271 2024 393 2073 ‘nisi,
434 2023 574 2064 fractis
613 2022 763 2063 animis
802 2022 999 2077 partium,
1041 2021 1221 2063 aleretur
1261 2022 1664 2079 confirmareturque

271 2087 284 2105 ⁶
299 2080 523 2122 auctoritas
545 2094 703 2128 eorum,
722 2079 796 2134 qui
817 2078 922 2119 nihil
943 2087 1108 2134 praeter
1129 2079 1352 2135 imperium
1375 2079 1663 2121 Romanorum

272 2137 562 2194 ‘spectarent.'
623 2137 692 2177 Ab
722 2136 786 2177 his
813 2135 938 2177 editis
968 2136 1222 2186 nominibus,
1245 2136 1407 2178 evocati
1436 2136 1567 2178 literis
1587 2137 1699 2178 ini-6

270 2195 471 2252 peratoris
501 2209 555 2235 ex
585 2193 766 2243 Aetolia,
798 2194 1138 2250 Acarnaniaque,
1168 2203 1211 2235 et
1243 2193 1387 2250 Epiro,
1409 2202 1452 2235 et
1474 2193 1664 2244 Boeotia,

56 956 243 986 Assentato-

55 1007 127 1027 rum
145 998 211 1028 Ro-

55 1049 171 1070 manae
188 1049 243 1079 po-

56 1083 178 1112 tentiae
193 1092 242 1112 su-

56 1125 177 1163 perbia.

59 1748 244 1788 Inquisitio-

58 1801 115 1822 nes
130 1791 164 1821 in
180 1801 234 1822 eos

58 1834 114 1873 qui
129 1834 213 1864 fave-

58 1880 131 1906 rant
149 1877 223 1907 Per-

59 1928 123 1950 seO.

272 2313 458 2352 Geograph.
475 2313 551 2343 Ant.
568 2311 599 2343 ii.
621 2320 668 2350 13.
685 2311 856 2351 legendum
876 2321 945 2341 sua-
990 2310 1162 2351 disceptari
1184 2315 1216 2342 et
1240 2311 1373 2342 iudicari
1390 2312 1554 2350 deberent,
1569 2315 1666 2351 atque

272 2357 361 2394 dent,
376 2360 409 2386 at
426 2355 591 2395 vulgatum
615 2353 696 2384 tueri
722 2354 848 2384 videtur
865 2353 945 2384 Gro-

272 2398 396 2435 novius,
412 2397 466 2436 qui
489 2407 575 2436 supr.
592 2397 693 2427 xxxii.
714 2405 761 2435 13.
778 2406 835 2436 pro
851 2397 945 2427 estin

274 2440 463 2479 Triplzyllz'a'
481 2444 586 2470 terrae
607 2440 782 2475 Melotidis,
806 2438 947 2469 fortassis

271 2487 318 2513 est
346 2483 577 2521 Stymphaliam
612 2483 697 2512 inter
727 2486 758 2512 et
786 2482 945 2512 Elimioti-

271 2526 334 2556 den
349 2525 570 2563 reponendum
585 2524 775 2563 suspicatur.

315 2577 335 2604 4
359 2568 489 2604 Quanta
512 2567 678 2597 universos
700 2567 821 2604 teneat]
857 2567 947 2603 Quae

272 2613 370 2640 antea
386 2610 550 2639 universos
571 2609 686 2643 tenuit,
701 2608 843 2647 reposuit
861 2608 946 2638 Bek-

273 2652 341 2682 ker.
386 2652 477 2687 Quae
497 2651 663 2680 universos
685 2654 806 2680 teneret
822 2650 946 2680 Grono-

275 2693 344 2723 vius
367 2693 528 2723 emendat.
567 2692 720 2722 Ceterum
743 2702 803 2721 vox
820 2693 946 2729 formu-

272 2737 305 2766 la
329 2737 369 2766 de
393 2735 460 2765 iure
482 2738 514 2764 et
536 2734 669 2770 ditione,
690 2744 775 2772 supr.
792 2733 878 2763 xxvi.
897 2743 945 2771 24.

273 2778 407 2808 xxxviii.
431 2787 461 2817 9.
485 2780 517 2807 et
540 2777 580 2806 de
603 2775 757 2806 divisione
781 2779 946 2813 terrarum,

273 2831 359 2860 supr.
377 2819 428 2856 26,
450 2829 574 2849 necnon
597 2819 637 2848 de
658 2817 838 2857 cognitione
860 2828 945 2857 supr.

274 2863 316 2894 xi.
335 2872 381 2894 12.
393 2862 519 2892 dicitur.
549 2861 624 2891 Hoc
638 2862 709 2891 loco
722 2860 891 2899 significari
905 2859 944 2889 vi-

273 2907 368 2937 detur
377 2905 527 2941 formula,
541 2914 580 2934 ex
594 2914 656 2942 qua
668 2913 716 2934 res
726 2906 948 2933 controversae

989 2354 1031 2384 ad
1056 2364 1152 2393 quam
1176 2354 1297 2384 astricti
1320 2354 1384 2385 sint
1407 2354 1540 2391 iudices,
1563 2355 1666 2385 donec

990 2397 1076 2435 leges
1105 2398 1145 2426 ab
1176 2396 1318 2427 Aemilio
1348 2397 1443 2426 datae
1473 2396 1603 2433 fuerint,
1632 2396 1665 2426 id

991 2440 1077 2478 quod
1104 2438 1176 2470 infr.
1204 2447 1254 2477 32.
1285 2442 1439 2470 narratur.
1494 2438 1557 2468 Pro
1588 2448 1666 2469 voce

991 2483 1075 2512 dicta
1087 2481 1260 2511 KValchius
1271 2482 1389 2511 abolita
1404 2481 1576 2519 legendum
1593 2491 1665 2511 cen-

991 2528 1050 2561 set,
1065 2525 1236 2554 interdicta
1253 2523 1482 2562 Heusingerus.

1034 2574 1051 2604 5
1075 2567 1143 2596 Sibi
1163 2566 1318 2605 privatim
1340 2566 1428 2604 opes]
1463 2564 1530 2595 Sibi
1553 2568 1665 2604 poten-

991 2607 1070 2638 tiam
1083 2607 1352 2637 etauctoritatem
1368 2608 1534 2646 parabant.
1555 2608 1665 2639 Dorm.

1034 2649 1054 2680 6
1076 2651 1194 2680 Literis
1217 2648 1436 2688 imperatoris]
1466 2650 1538 2680 Has
1558 2650 1667 2681 literas

991 2691 1110 2721 invitus
1139 2691 1229 2721 dedit
1254 2691 1422 2728 Aemilius,
1449 2695 1485 2721 ut
1515 2691 1667 2723 discimus

992 2744 1031 2763 ex
1058 2733 1206 2772 Polybio,
1228 2743 1304 2763 xxx.
1331 2743 1377 2764 10.
1396 2733 1451 2772 qui
1475 2737 1611 2764 testatur
1636 2735 1665 2765 ei

992 2776 1082 2805 nullo
1104 2776 1200 2805 modo
1224 2775 1383 2814 placuisse
1399 2776 1578 2807 calumnias
1592 2776 1666 2807 illas

991 2821 1223 2848 assentatorum
1241 2818 1409 2848 Romanae
1427 2819 1604 2857 potentiae,
1620 2819 1666 2850 id-

992 2870 1054 2899 que
1070 2870 1143 2890 cum
1161 2861 1255 2890 rebus
1276 2860 1353 2899 ipsis
1375 2860 1451 2892 satis
1473 2861 1666 2901 significasse

992 2903 1140 2933 affirmat.
1164 2903 1270 2933 (ἷκεν.

1848 2302 1863 2378 .»-=⁴
1849 2251 1851 2254 “
