1888 3194
542 229 670 271 LIB.
704 228 848 271 XLII.
895 228 1041 271 CAP.
1078 233 1142 272 15.
1474 236 1525 275 51

136 326 150 345 ‘
161 328 383 376 antequam
398 319 441 360 in
459 318 623 361 Italiam
639 319 860 370 traiecerit‚
875 329 1081 361 armatum
1098 334 1378 362 occursurum.
1427 321 1524 364 Hoc
1540 332 1583 365 U.
1600 333 1638 365 C.
1660 334 1733 374 580·

136 383 289 434 ‘quam
318 377 435 419 vobis
466 386 604 418 tutum
635 386 707 419 aut
736 377 960 419 honestum
990 377 1056 427 sit,
1087 392 1160 419 vos
1190 378 1400 419 videritis:
1443 394 1522 434 ego
1536 377 1575 408 A.
1599 377 1637 408 C.
1663 387 1672 407 ¹
1683 386 1733 416 72·

135 440 271 476 ‘certe
300 435 404 476 mihi
433 443 553 492 turpe
582 449 670 476 esse
686 435 814 501 duxi,
837 435 951 492 prius
979 435 1132 477 Persea
1159 435 1213 477 ad
1239 435 1396 477 bellum
1417 435 1523 478 infe-

134 497 147 517 ‘
161 492 354 558 rendum,
376 496 503 549 quam
525 507 592 534 me
613 493 772 534 socium
797 493 850 534 ad
874 493 1217 549 praedicendum,
1240 502 1288 535 ut
1307 494 1520 544 caveretis,

134 550 303 592 ‘venire
345 550 389 591 in
425 549 602 591 Italiam.
666 549 852 592 Functus
886 550 1120 592 necessario
1152 550 1257 592 mihi
1297 550 1446 601 officio,
1479 561 1523 593 et

133 607 344 664 ‘quodam
380 608 506 649 modo
540 607 715 650 liberata
749 617 874 665 atque
910 617 1136 650 exonerata
1164 608 1247 650 fide
1279 623 1387 659 mea,
1417 609 1522 666 quid

133 665 271 707 ‘ultra
289 665 424 708 facere
445 681 627 722 possum,
651 681 776 722 quam
799 666 861 708 uti
882 666 982 707 deos
1003 666 1185 723 deasque
1207 681 1364 723 precer,
1382 676 1430 708 ut
1449 682 1522 708 vos

133 729 201 765 ‘et
219 733 381 766 vestrae
404 723 670 781 reipublicae,
693 733 735 765 et
759 724 880 766 nobis
900 724 1022 766 sociis
1047 733 1173 781 atque
1195 724 1351 775 amicis,
1374 725 1448 781 qui
1469 739 1522 766 ex

133 781 273 823 ‘vobis
293 781 539 847 pendemus,
562 781 833 824 οοῃ<υ13ῑ189’

191 838 310 881 Haec
327 840 459 881 oratio
480 840 609 881 movit
630 839 777 881 Panes
792 839 1058 906 conscriptos:
1123 839 1353 882 Ceterum
1342 856 1384 881 1n
1403 855 1523 897 prae-
1603 842 1666 880 14.

133 897 266 939 sentia
292 897 410 948 nihil,
433 907 725 955 praeterquam
752 897 914 939 fuisse
904 913 949 938 m
970 898 1085 939 curia
1105 912 1260 954 regem,
1282 898 1386 940 scire
1408 899 1522 955 quis-
1535 897 1621 928 Miro
1636 897 1731 929 silen

104 972 120 1004 7
134 970 260 1012 quam
281 955 440 1012 potuit:
474 970 525 997 eo
545 955 711 997 silentio
739 955 877 997 clausa
897 956 1012 997 curia
1032 965 1132 999 erat.
1196 955 1317 998 Bello
1337 956 1521 1013 denique
1534 940 1706 1015 {ffn-cgausa

133 1012 330 1070 perfecto,
353 1028 545 1070 quaeque
575 1014 688 1055 dicta
711 1014 763 1055 ab
788 1028 899 1070 rege,
923 1029 1115 1071 quaeque
1144 1028 1343 1071 responsa
1369 1023 1521 1065 essent,

133 1085 391 1112 emanavere.

190 1127 333 1169 Persei
354 1128 509 1170 deinde
531 1128 639 1184 regis
659 1128 806 1185 legatis
826 1136 919 1185 post
938 1143 1093 1185 paucos
1109 1128 1198 1170 dies
1213 1137 1381 1171 senatus
1400 1129 1522 1171 datus
1536 1138 1649 1180 Legati
1658 1139 1734 1171 Per

132 1194 206 1228 est.
253 1184 470 1236 Ceterum,
493 1186 805 1251 praeoccupatis
826 1201 912 1228 non
934 1186 1105 1228 auribus
1126 1186 1270 1243 magis,
1285 1202 1412 1244 quam
1432 1187 1523 1228 ani·
1534 1182 1590 1215 sei.

120 1243 223 1293 mis,
245 1243 296 1286 ab
315 1243 507 1285 Eumene
528 1258 640 1301 rege,
659 1243 794 1286 omnis
815 1252 858 1286 et
878 1243 1065 1285 defensio
1086 1252 1130 1286 et
1150 1243 1389 1301 deprecatio
1410 1243 1524 1302 lega-

101 1309 270 1349 storum
306 1301 601 1367 respuebatur:
639 1311 681 1343 et
718 1302 979 1358 exasperavit
1014 1301 1175 1344 animos
1206 1302 1360 1344 ferocia
1393 1303 1524 1345 nimia

135 1358 205 1401 Ha
257 1358 324 1410 ali,
355 1375 429 1416 qul
459 1359 653 1417 princeps
684 1359 901 1416 legationis
932 1368 1030 1401 erat.
1093 1359 1147 1410 Is,
1176 1359 1323 1402 ‘Velle
1350 1360 1524 1417 quidem

135 1422 202 1459 ‘et
247 1417 443 1468 aborare,’
478 1417 597 1468 dixit,
632 1424 814 1474 ‘regem,
847 1426 894 1459 ut
922 1418 1132 1475 purganti,
1161 1432 1204 1460 se
1237 1417 1342 1459 nihil
1374 1418 1523 1460 hostile

135 1475 314 1517 ‘dixisse
335 1485 408 1517 aut
427 1475 585 1525 fecisse,
606 1453 730 1517 fideso
733 1475 956 1517 habeatur:
991 1485 1189 1526 ceterum,
1212 1476 1246 1517 si
1267 1476 1524 1533 pervicacius

135 1538 327 1575 ‘causam
361 1533 459 1575 belli
494 1533 639 1590 quaeri
670 1533 822 1584 videat,
855 1533 950 1575 forti
985 1534 1126 1575 animo
1159 1533 1430 1576 defensurum
1465 1549 1521 1576 se.

135 1596 147 1615 ‘
161 1590 343 1632 Martem
365 1606 632 1633 communem
653 1606 754 1642 esse,
777 1600 820 1633 et
840 1601 1038 1633 eventurn
1059 1591 1266 1634 incertum
1286 1592 1412 1634 belli!

195 1647 404 1690 Omnibus
434 1649 669 1691 civitatibus
702 1649 904 1690 Graeciae
938 1658 1064 1706 atque
1097 1650 1225 1692 Asiae
1261 1665 1385 1692 curae
1421 1659 1522 1700 erat,

135 1705 239 1763 quid
269 1705 412 1748 Persei
446 1705 585 1762 legati,
617 1706 721 1771 quid
759 1706 970 1748 Eumenes
1009 1722 1053 1747 111
1085 1717 1232 1750 senatu
1267 1707 1443 1764 egisset:
1482 1717 1525 1749 et

135 1773 306 1821 propter
332 1763 560 1805 adventum
593 1764 696 1813 eius,
723 1779 850 1820 quem
883 1773 1094 1805 moturum
1121 1764 1282 1822 aliquid
1312 1766 1522 1816 rebantur,

136 1822 332 1863 miserant
407 1836 586 1877 eraeque
617 1822 818 1871 civitates,
841 1821 921 1862 alia
951 1822 995 1862 in
1025 1823 1208 1878 speciem
1227 1822 1522 1879 praeferentes,

95 1878 203 1935 ·91eg
205 1888 304 1921 atos.
362 1821 427 1920 {It
457 1879 610 1944 legatio
634 1879 897 1921 Rhodiorum
919 1888 1018 1929 erat,
1041 1895 1088 1921 ac
1113 1879 1285 1937 Satyrus
1314 1881 1522 1937 princeps,

134 1894 248 1978 hagud
269 1936 433 2002 dubius,
456 1937 559 1992 quin
583 1936 795 1978 Eumenes
815 1936 1028 1978 civitatem
1050 1952 1218 1994 quoque
1241 1953 1358 1979 suam
1379 1937 1523 1980 Persei

134 1994 378 2036 criminibus
417 1994 631 2035 iunxisset.
702 1993 850 2051 Itaque
891 1994 1007 2035 omni
1048 1995 1173 2036 modo
1213 2010 1288 2052 per
1327 2004 1524 2052 patronos

134 2051 401 2109 hospitesque
423 2051 686 2108 disceptandi
707 2067 803 2094 cum
834 2067 932 2108 rege
953 2051 1124 2094 locum
1114 2068 1156 2094 1n
1179 2062 1326 2095 senatu
1348 2068 1524 2110 quaere-

106 2127 117 2149 1
135 2110 217 2152 bat.
273 2110 401 2159 Quod
423 2125 552 2166 quum
582 2125 668 2151 non
689 2110 943 2167 contigisset,
966 2109 1155 2152 libertate
1177 2111 1524 2168 intemperantius
1538 2123 1733 2157 Rhodiifru-

135 2168 324 2210 invectus
355 2169 399 2209 in
426 2183 581 2224 regem,
604 2168 719 2224 quod
742 2167 970 2225 Lyciorum
993 2178 1164 2225 gentem
1186 2169 1383 2211 adversus
1405 2169 1523 2212 Rho-
1535 2172 1599 2198 εἴη
1613 2168 1732 2200 Eume-

135 2225 225 2267 dios
255 2226 514 2276 concitasset,
546 2226 794 2283 graviorque
823 2226 950 2267 Asiae
982 2236 1102 2277 esset,
1125 2242 1252 2284 quam
1286 2227 1523 2270 Antiochus
1535 2221 1617 2287 ξξῐὶῗ
1625 2222 1719 2243 ⁸⁶⁰¹*

135 2283 303 2333 fuisset3
338 2284 583 2341 popularem
637 2284 778 2325 uidem
809 2299 856 2325 ac
886 2292 1046 2340 gratam
1067 2285 1234 2350 populis
1257 2286 1383 2328 Asiae
1404 2287 1522 2342 (nam

135 2357 186 2383 eo
203 2357 371 2408 quoque
390 2342 470 2383 iam
488 2342 551 2383 sav
544 2299 650 2384 ogi)
633 2342 756 2383 'ersei
773 2343 964 2398 venerat)
977 2343 1208 2384 orationem
1225 2343 1391 2385 habuit:
1412 2354 1523 2386 cete-

135 2414 227 2440 rum
250 2401 423 2441 invisam
446 2400 621 2449 senatui,
639 2399 916 2457 inutilemque
938 2400 1015 2442 sibi
1037 2410 1079 2442 et
1101 2401 1257 2443 civitati
1279 2417 1388 2443 suae.
1436 2401 1522 2443 Eu·

136 2457 249 2499 meni
270 2473 368 2500 vero
389 2457 640 2514 conspiratio
671 2457 866 2499 adversus
897 2473 993 2499 eum
1024 2459 1206 2500 favorem
1231 2459 1345 2516 apud
1368 2459 1526 2501 Roma-

136 2530 212 2557 nos
243 2515 353 2557 fecit.
418 2515 483 2557 Ita
518 2530 663 2557 omnes
698 2516 736 2557 ei
774 2515 952 2557 honores
987 2516 1132 2567 habiti,
1167 2516 1360 2574 donaque
1382 2533 1524 2584 'quam

136 2587 201 2614 am
236 2573 389 2615 lissima
409 2573 520 2624 data,
541 2589 637 2615 cum
659 2573 760 2615 sella
779 2573 913 2615 curuli
935 2583 1062 2631 atque
1084 2574 1270 2617 eburneo
1291 2575 1488 2632 scipione.

194 2588 496 2688 liiegationibus
525 2631 718 2682 dimissis,
740 2646 871 2688 quum
905 2630 1128 2689 Harpalus,
1155 2643 1313 2689 quanta
1344 2634 1527 2675 maxima
1607 2635 1669 2673 lo.

187 2802 204 2834 7
228 2795 276 2825 Εο
301 2795 443 2833 silentio]
484 2793 557 2825 Tali
585 2793 713 2825 silentio
739 2798 808 2825 tum
855 2795 998 2835 Harpali
1016 2796 1167 2835 reposuit.

138 2837 258 2873 omnin,
273 2847 356 2877 quae
372 2837 403 2867 in
420 2836 506 2868 curia
524 2838 712 2877 agebantur,
728 2837 809 2868 cele-
897 2848 916 2878 9
941 2839 984 2869 Et
1010 2840 1126 2878 Ieyatio
1152 2840 1366 2878 Rhodiorum]
1405 2840 1528 2869 Grono-

139 2879 263 2910 bantur.
290 2881 414 2911 Rnscn.
856 2880 926 2911 vius
961 2885 1053 2921 putat
1083 2881 1240 2912 excidisse
1272 2882 1406 2921 aliquid,
1435 2882 1530 2921 (prule

182 2922 201 2952 8
225 2923 358 2954 Ferocia
381 2924 481 2953 nimia
503 2924 646 2963 Harpali
652 2924 664 2962 ]
707 2923 759 2954 Ita
782 2933 811 2953 e-
857 2923 949 2960 foret‚
966 2925 1050 2955 inter
1066 2929 1186 2956 ceteras
1201 2930 1231 2955 et
1248 2925 1372 2964 leyatio.

141 2964 304 2995 mondavit
319 2965 502 2995 Gronovius
520 2976 575 3005 pro
593 2966 676 3005 vulg.
686 2966 813 3005 ferocia
911 2976 920 2996 Ι
954 2967 1245 3006 Intemperauen'us]
1297 2967 1530 3006 Intrmpcmnli

142 3007 242 3037 animi
276 3008 430 3047 Harpali.
489 3008 657 3038 Bekkerus
686 3008 813 3046 ser-ocia
859 3014 989 3040 auctore
1005 3009 1170 3039 Gronovio
1186 3009 1325 3047 reposuit
1347 3009 1484 3039 Bekker.

1230 3055 1300 3090 n2
