1888 3194
342 162 424 201 252
854 157 1225 201 EPITOMAE

341 260 384 292 et
404 265 528 292 omne
550 250 615 292 ius
636 249 775 306 legum
797 249 1069 291 ferendarum
1090 250 1260 291 ademit.
1323 249 1580 291 Pontificum
1602 265 1735 306 augu-

341 323 519 364 rumque
560 307 785 364 collegium
820 307 1046 364 ampliavit,
1085 316 1130 348 ut
1171 315 1311 348 essent
1351 306 1624 363 quindecim;
1670 322 1734 348 se-

341 374 488 407 natum
509 380 563 407 ex
588 365 773 421 equestri
802 365 949 406 ordine
978 364 1213 421 supplevit:
1247 365 1575 421 proscriptorum
1593 364 1735 406 liberis

341 423 406 464 ius
421 423 702 479 petendorum
722 422 931 463 honorum
952 421 1118 478 eripuit,
1141 430 1185 463 et
1211 422 1323 463 bona
1346 437 1492 463 eorum
1513 421 1732 463 vendidit:

341 495 395 522 ex
416 481 569 536 quibus
589 479 770 536 plurima
789 479 925 536 primo
946 479 1096 535 rapuit.
1159 478 1398 520 Redactum
1419 487 1482 520 est
1497 479 1736 520 sestertium

342 546 406 579 ter
444 537 596 578 millies
631 536 912 593 quingenties.
978 536 1031 584 Q.
1063 536 1310 577 Lucretium
1349 536 1544 587 Ofellam,
1585 551 1737 577 consu-

340 594 472 636 latum
491 594 687 636 adversus
703 594 964 634 voluntatem
986 608 1102 634 suam
1123 601 1266 649 petere
1287 608 1448 643 ausum,
1466 593 1585 634 iussit
1599 592 1737 634 occidi

342 652 387 692 in
414 652 529 693 foro:
564 660 619 701 et,
649 665 781 707 quum
813 650 894 690 hoc
927 650 1102 705 indigne
1133 650 1260 690 ferret
1290 650 1471 706 populus
1503 651 1735 700 Romanus,

342 710 545 750 concione
587 708 799 756 advocata,
837 722 878 747 se
920 707 1084 747 iussisse
1121 706 1240 747 dixit.
1306 706 1387 748 Cn.
1421 707 1651 764 Pompeius
1690 707 1737 748 in

341 766 488 807 Africa
511 765 592 806 Cn.
609 764 847 805 Domitium
868 764 1148 819 proscriptum
1174 771 1216 804 et
1239 762 1455 813 Hiarbam,
1477 779 1620 819 regem
1642 764 1738 805 Nu-

342 823 510 872 midiae,
542 821 700 862 bellum
731 820 965 870 molientes,
997 821 1128 861 victos
1159 820 1339 869 occidit3
1377 829 1433 870 et,
1466 829 1666 876 quattuor
1695 829 1739 862 et

342 879 491 935 viginti
527 894 658 920 annos
695 886 829 928 natus,
868 877 1006 919 adhuc
1043 893 1172 934 eques
1210 877 1442 928 Romanus,
1480 878 1596 934 quod
1631 877 1739 919 nulli

342 937 585 992 contigerat,
608 951 661 977 ex
680 935 824 977 Africa
845 935 1130 991 triumphavit.
1196 933 1246 976 C.
1264 934 1490 976 Norbanus
1510 934 1739 977 consularis

341 994 610 1050 proscriptus,
632 994 677 1034 in
707 993 810 1034 urbe
838 992 993 1034 Rhodo
1022 1007 1155 1049 quum
1185 992 1626 1048 comprehenderetur,
1649 992 1738 1049 ipse

342 1067 384 1093 se
431 1051 597 1093 occidit.
661 1050 855 1100 Mutilus,
900 1065 1008 1091 unus
1053 1065 1106 1091 ex
1151 1050 1406 1106 proscriptiS,
1448 1050 1554 1091 clam
1600 1050 1738 1106 capite

342 1109 544 1165 adoperto
565 1108 618 1149 ad
639 1108 818 1164 posticas
839 1107 964 1148 aedes
987 1107 1152 1148 Bastiae
1175 1108 1317 1148 uxoris
1333 1122 1465 1163 quum
1487 1107 1738 1158 accessisset,

342 1166 546 1207 admissus
574 1181 660 1207 non
689 1174 764 1215 est,
788 1165 888 1221 quia
916 1164 1034 1205 illum
1068 1164 1347 1220 proscriptum
1377 1164 1562 1214 diceret3
1595 1165 1738 1220 itaque

343 1239 386 1265 se
408 1223 642 1272 transfodit,
664 1231 707 1264 et
731 1222 934 1279 sanguine
960 1237 1035 1263 suo
1056 1222 1164 1263 fores
1189 1222 1331 1262 uxoris
1351 1222 1557 1278 respersit.
1623 1221 1741 1263 Sulla

344 1280 499 1322 Nolam
521 1296 545 1321 a
569 1280 825 1322 Samnitibus
846 1279 1030 1335 recepit:
1064 1279 1344 1335 quadraginta
1370 1288 1531 1335 septem
1552 1278 1740 1335 legiones

342 1338 387 1379 in
409 1353 529 1393 agros
550 1346 692 1393 captos
713 1337 903 1386 deduxit,
926 1346 969 1377 et
989 1351 1059 1377 eos
1080 1336 1130 1377 iis
1151 1336 1303 1377 divisit.
1352 1336 1605 1386 Volaterras,
1623 1336 1741 1392 quod

342 1395 546 1452 oppidum
569 1395 707 1436 adhuc
733 1395 777 1435 in
803 1395 927 1435 armis
953 1402 1054 1443 erat,
1076 1394 1303 1443 obsessum,
1325 1393 1369 1434 in
1390 1393 1651 1435 deditionem
1671 1408 1741 1434 ac-

342 1453 465 1509 cepit.
529 1452 765 1508 Mitylenae
803 1466 972 1507 quoque
1010 1451 1054 1491 in
1092 1451 1207 1500 Asia,
1245 1465 1353 1506 quae
1389 1450 1476 1491 sola
1511 1451 1610 1491 urbs
1644 1458 1741 1506 post

342 1510 499 1551 victum
517 1509 811 1551 Mithridatem
834 1523 948 1549 arma
963 1508 1183 1558 retinebat,
1202 1516 1469 1564 expugnatae
1490 1507 1739 1564 dirutaeque

342 1576 451 1608 sunt.

991 1741 1090 1783 XC.

347 1861 549 1904 SULLA
575 1859 767 1909 decessit,
790 1859 1008 1914 honosque
1037 1857 1076 1898 ei
1104 1873 1128 1899 a
1155 1867 1304 1899 senatu
1331 1858 1497 1899 habitus
1524 1866 1599 1908 est,
1623 1866 1668 1899 ut
1696 1857 1742 1898 in

344 1934 492 1974 campo
530 1917 688 1959 Martio
724 1916 980 1971 sepeliretur.
1043 1914 1106 1955 M.
1127 1915 1337 1956 Aemilius
1372 1915 1575 1971 Lepidus,
1607 1929 1741 1970 quum

344 1986 437 2017 acta
456 1975 596 2016 Sullae
614 1982 796 2015 tentaret
811 1972 1063 2020 rescindere,
1078 1971 1235 2012 bellum
1253 1972 1467 2021 excitavit,
1482 1980 1526 2013 et
1542 1986 1567 2012 a
1586 1972 1639 2020 Q.
1658 1972 1742 2014 Ca-

345 2033 432 2074 tulo
454 2032 614 2087 collega
634 2029 757 2071 Italia
776 2028 921 2085 pulsus
942 2037 1026 2069 est:
1057 2036 1100 2069 et
1120 2028 1165 2068 in
1189 2027 1393 2078 Sardinia,
1410 2028 1562 2070 frustra
1581 2028 1742 2070 bellum

345 2089 527 2138 molitus,
561 2087 697 2144 periit.
762 2085 823 2127 M.
849 2085 1020 2134 Brutus,
1050 2084 1124 2140 qui
1158 2085 1418 2141 Cisalpinam
1452 2085 1635 2127 Galliam
1668 2086 1743 2127 ob-

346 2147 518 2195 tinebat,
560 2161 585 2186 a
626 2145 705 2186 Cn.
738 2143 942 2199 Pompeio
983 2142 1143 2183 occisus
1178 2150 1252 2184 est.
1318 2142 1371 2191 Q„
1399 2142 1606 2184 Sertorius
1645 2158 1742 2199 pro-

346 2204 523 2260 scriptus
545 2202 588 2242 in
609 2200 805 2242 ulteriore
830 2200 1037 2256 Hispania
1062 2199 1210 2256 ingens
1234 2199 1392 2241 bellum
1414 2200 1625 2242 excitavit.
1687 2199 1739 2242 L.

347 2260 536 2302 Manlius
570 2258 793 2315 proconsul
834 2266 876 2298 et
911 2257 961 2299 L.
986 2257 1203 2298 Domitius
1242 2256 1404 2314 legatus
1439 2258 1490 2300 ab
1527 2256 1741 2299 Hirtuleio

347 2326 566 2373 quaestore
598 2315 758 2372 proelio
785 2315 884 2356 victi
917 2323 1025 2356 sunt.
1087 2315 1312 2356 Praeterea
1343 2330 1407 2356 res
1439 2330 1464 2356 a
1496 2315 1544 2357 P.
1566 2314 1741 2357 Servilio

346 2373 593 2431 proconsule
616 2373 811 2415 adversus
835 2372 990 2414 Cilicas
1010 2381 1146 2429 gestas
1167 2372 1365 2415 continet.

982 2590 1105 2632 XCI.

350 2709 448 2752 CN.
472 2707 804 2756 POMPEIUS,
827 2721 959 2762 quum
985 2706 1123 2746 adhuc
1148 2720 1278 2761 eques
1304 2715 1423 2756 esset,
1446 2722 1543 2748 cnm
1564 2708 1740 2763 imperio

346 2766 553 2809 consulari
574 2764 770 2806 adversus
794 2763 1023 2805 Sertorium
1045 2763 1193 2804 missus
1214 2771 1286 2804 est.
1352 2762 1559 2805 Sertorius
1580 2764 1741 2820 aliquot

347 2825 470 2866 urbes
486 2821 755 2879 expugnavit,
774 2821 1057 2876 plurimasque
1074 2820 1262 2861 civitates
1283 2821 1327 2861 in
1348 2830 1599 2876 potestatem
1621 2836 1740 2863 suam

346 2881 519 2938 redegit.
583 2881 665 2935 Ap.
685 2877 889 2920 Claudius
910 2877 1133 2934 proconsul
1154 2877 1340 2919 Thracas
1361 2877 1550 2934 pluribus
1571 2878 1740 2935 proeliis
