1888 3194
319 174 404 212 300
833 169 983 212 TITI
1024 169 1203 211 LIVII

319 259 492 302 omnino
523 259 621 300 huic
653 259 888 315 fragmento
921 267 1171 300 eventurum
1202 257 1382 307 confido,
1411 273 1458 299 ac
1491 272 1545 298 ne
1577 271 1711 298 unum

320 316 494 374 quidem
524 316 670 373 (modo
703 331 757 357 ne
790 316 824 357 is
856 317 901 357 in
933 316 1044 357 Livii
1074 316 1255 357 lectione
1284 315 1456 356 omnino
1485 314 1637 370 hospes
1663 329 1711 355 ac

320 374 565 431 peregrinus
592 373 664 429 sit)
688 373 890 423 futurum,
913 373 987 429 qui
1014 373 1120 414 illud
1146 372 1275 413 semel
1295 373 1430 412 visum
1458 387 1544 412 non
1570 371 1711 412 statim

319 432 481 488 probet,
507 431 729 487 probatum
759 439 901 472 autem
932 445 1017 471 non
1047 430 1283 486 legitimum
1313 428 1594 470 florentissimi
1622 427 1712 469 Ro-

320 503 538 530 manarum
554 487 821 529 historiarum
837 487 1048 543 scriptoris
1060 487 1221 528 foetum
1237 495 1446 542 agnoscat.
1501 484 1712 534 Quocirca

319 561 453 601 quum
474 545 571 586 satis
590 545 668 585 hac
690 544 863 600 quidem
890 552 1006 599 parte
1034 559 1110 599 per
1129 559 1217 584 sese
1239 558 1304 584 res
1324 544 1414 599 ipsa
1433 543 1625 584 locutura
1644 542 1710 592 sit,

320 617 470 659 operae
491 602 675 657 pretium
695 616 762 642 me
784 601 989 641 facturum
1010 609 1126 655 puto,
1149 600 1183 640 si
1203 600 1281 640 hac
1303 615 1402 641 cura
1422 599 1710 656 supersedens,

321 660 539 714 missisque
566 658 825 713 longioribus
852 657 1121 698 exordiorum
1149 657 1404 712 ambagibus,
1428 658 1629 698 continuo
1657 656 1713 697 ad

320 716 536 757 historiam
557 714 712 769 reperti
732 714 955 769 fragmenti
976 713 1310 769 persequendam
1339 714 1582 769 aggrediar3
1621 721 1711 754 tum

321 773 427 828 quid
454 773 498 812 in
526 787 575 812 eo
597 771 874 811 describendo
901 785 1025 810 curae
1055 785 1102 811 ac
1129 769 1281 811 laboris
1308 785 1333 810 a
1360 770 1595 811 clarissimis
1614 770 1713 810 viris

320 830 559 884 impensum
574 827 713 877 fuerit,
732 827 836 882 quid
857 827 901 867 in
922 827 1088 868 edendo
1109 842 1134 867 a
1154 841 1220 867 me
1242 827 1501 882 praestitum,
1519 835 1566 868 ut
1586 841 1714 883 quam

319 885 644 934 ornatissimum,
668 892 709 925 et
730 899 856 940 quam
889 883 1195 925 accuratissime
1227 898 1483 939 expressum,
1507 892 1713 940 quantum

320 942 494 998 quidem
529 941 574 982 in
610 956 677 982 me
713 941 806 991 fuit,
841 941 885 981 in
920 956 1069 982 manus
1101 940 1322 981 doctorum
1354 942 1539 982 virorum
1569 940 1713 982 venire

321 1007 474 1056 posset,
496 999 682 1054 denique
711 999 743 1039 si
770 1013 854 1054 qua
881 998 961 1039 alia
988 998 1114 1039 huius
1140 998 1305 1053 generis
1333 1013 1357 1039 a
1384 998 1555 1040 curiosis
1584 998 1714 1040 lecto-

320 1057 433 1098 ribus
454 1056 688 1112 exspectari
708 1055 857 1104 solent,
879 1055 1024 1111 paucis
1045 1055 1278 1111 expediam.

565 1284 597 1325 Ῑ.
632 1286 799 1339 Reperti
817 1285 987 1325 Liviani
1005 1285 1246 1340 Fraqmentz‘
1263 1285 1461 1325 ffl’storz'a.

319 1399 627 1441 VERSABATUR
649 1398 811 1439 Romae
834 1406 930 1439 ante
958 1398 1035 1439 hos
1060 1413 1146 1440 non
1172 1398 1326 1439 multos
1347 1413 1510 1440 menses
1530 1399 1593 1439 vir
1613 1398 1714 1441 doc—

320 1457 515 1506 tissimus,
554 1455 726 1497 Paullus
762 1455 939 1497 Iacobus
976 1455 1193 1504 Brunsius,
1233 1455 1502 1505 Lubecensis,
1540 1463 1588 1497 ut
1623 1455 1715 1498 He-

319 1514 481 1555 braicos
501 1513 652 1555 veteris
675 1512 937 1554 Testamenti
968 1512 1133 1553 codices
1162 1512 1368 1554 conferret
1394 1512 1440 1552 in
1467 1512 1713 1564 editionem,

320 1586 427 1627 quae
449 1570 576 1612 modo
597 1569 710 1626 apud
726 1569 891 1626 Anglos
915 1568 964 1610 C.
981 1569 1034 1610 V.
1055 1569 1295 1610 Beniamini
1318 1569 1569 1612 Kennicotti
1588 1585 1716 1626 opera

320 1628 548 1669 adornatur
564 1643 574 1676 3
607 1627 727 1668 cuius
748 1627 809 1668 rei
829 1627 962 1683 gratia
982 1641 1114 1682 quum
1136 1626 1236 1667 alias
1258 1626 1470 1668 Romanas
1490 1627 1715 1670 bibliothe-

320 1700 389 1727 cas
423 1685 706 1741 frequentare,
735 1692 825 1725 tum
853 1683 1104 1725 Vaticanam
1140 1684 1185 1724 in
1219 1683 1378 1740 primis,
1412 1684 1715 1741 amplissimum

320 1742 428 1783 illud
457 1750 584 1798 atque
616 1742 955 1798 augustissimum
985 1741 1207 1783 Musarum
1238 1741 1511 1792 domicilium,
1543 1742 1712 1784 solebat.

321 1799 388 1841 Ibi
416 1815 548 1855 quum
576 1799 656 1840 hoc
686 1798 843 1840 illudve
868 1798 1068 1840 volumen
1097 1813 1173 1855 pro
1201 1806 1389 1855 tempore
1418 1814 1465 1840 ac
1492 1814 1537 1841 re
1565 1815 1717 1842 consu-

320 1856 495 1898 lendum
531 1857 610 1898 sibi
646 1871 694 1897 ac
729 1856 1032 1897 conferendum
1068 1856 1308 1912 susciperet,
1345 1856 1496 1898 incidit
1528 1857 1635 1899 forte
1669 1857 1715 1899 in

321 1914 512 1956 codicem
543 1913 911 1955 membranaceum
944 1913 1185 1962 Palatinum
1217 1928 1332 1954 num.
1368 1917 1435 1954 24.
1471 1929 1598 1969 quem
1627 1929 1715 1955 non

323 1971 491 2012 infimae
527 1978 651 2012 notae
687 1985 790 2020 esse,
821 1985 876 2010 ex
914 1969 964 2010 C.
983 1969 1036 2010 V.
1075 1970 1245 2025 Iosephi
1276 1969 1531 2020 Blanchinii,
1563 1971 1638 2026 qui
1672 1978 1716 2012 et

321 2028 538 2082 specimen
558 2027 846 2068 characterum
871 2026 961 2067 eius
981 2026 1136 2067 codicis
1163 2027 1208 2066 in
1229 2041 1297 2067 aes
1325 2026 1505 2068 incisum
1528 2026 1714 2078 exhibet,

321 2083 531 2124 Vindiciis
551 2083 767 2124 didicerat.
823 2082 1131 2139 Complectitur
1151 2091 1292 2123 autem
1313 2083 1348 2124 is
1368 2083 1502 2125 codex
1523 2083 1715 2126 historias

322 2140 497 2190 Tobiae,
524 2139 734 2190 Iudithae,
756 2139 850 2181 Iobi
879 2148 1004 2195 atque
1035 2139 1223 2181 Estheris
1250 2140 1302 2181 ab
1324 2139 1588 2197 Hieronymo
1615 2156 1717 2183 con-

320 2212 468 2239 versas.
531 2196 680 2253 Itaque
707 2197 810 2238 dum
836 2196 956 2238 illum
984 2197 1138 2238 librum
1165 2197 1383 2253 pervolvit,
1405 2198 1715 2249 animadvertit,

321 2269 375 2296 ex
397 2269 542 2295 eorum
569 2269 746 2295 numero
767 2268 869 2304 esse,
892 2268 997 2310 quos
1016 2253 1142 2310 vulgo
1170 2253 1324 2295 eruditi
1356 2260 1367 2278 ‘
1382 2255 1622 2311 rescriptos’
1643 2271 1717 2313 ap-

320 2311 493 2367 pellant,
515 2311 568 2352 de
591 2311 757 2367 quibuS,
781 2311 814 2351 si
846 2312 914 2352 cui
945 2311 989 2352 id
1020 2325 1153 2367 genus
1183 2311 1385 2353 librorum
1415 2312 1609 2369 ignotum
1639 2321 1715 2364 est,

321 2368 454 2409 videri
493 2376 669 2423 possunt
712 2367 943 2409 Clarissimi
983 2367 1329 2410 Montfauconius
1368 2369 1414 2410 in
1453 2384 1529 2411 sua
1566 2369 1717 2412 Paleo-

321 2424 508 2481 graphia,
533 2424 767 2466 Knittelius
793 2424 846 2466 ad
867 2425 1120 2481 Fragmenta
1142 2425 1355 2482 Ulphilae,
1378 2426 1588 2468 Auctores
1617 2426 1717 2468 novi

323 2482 459 2538 operis
481 2481 753 2537 diplomatici,
776 2482 945 2538 aliique,
963 2498 1067 2538 quos
1088 2482 1230 2524 laudat
1251 2483 1454 2539 elegantis
1474 2483 1537 2524 vir
1555 2483 1717 2539 ingenii

324 2538 505 2580 Ioannes
522 2539 742 2595 Augustus
760 2539 980 2581 Ernestius
995 2540 1041 2580 in
1057 2539 1339 2596 Archaelogia
1353 2540 1535 2581 literaria
1548 2555 1589 2597 p.
1605 2544 1714 2582 392⁷.

327 2595 469 2644 Quare
490 2595 605 2645 dum,
630 2596 734 2651 quid
761 2597 807 2637 in
831 2611 997 2638 recessu
1022 2597 1084 2638 rei
1113 2597 1273 2646 lateret,
1295 2597 1485 2653 quidque
1514 2597 1717 2654 scriptum

368 2738 407 2768 27
433 2728 565 2760 Praeter
602 2729 661 2759 hos
691 2729 849 2760 Brunsius
878 2730 911 2760 in
943 2741 1000 2761 suo
1045 2731 1165 2769 Maius,
1197 2731 1398 2762 Niebuhrius
1428 2735 1460 2763 et
1489 2732 1655 2772 Peyronus
1684 2733 1718 2764 in

324 2771 473 2802 editionis
490 2771 746 2811 Hamburgensis
758 2773 910 2811 exemplo
927 2782 999 2803 cou-
1044 2773 1132 2803 libris
1147 2784 1167 2803 a
1182 2784 1214 2804 sc
1227 2774 1321 2804 editis
1333 2775 1372 2804 de
1385 2774 1548 2805 codicibus
1558 2775 1719 2815 rescriptis

325 2814 397 2844 ferri
425 2813 515 2843 iussit
543 2813 661 2844 Leonis
685 2814 799 2844 Allatii
825 2814 998 2846 Animadv.
1043 2815 1109 2846 sive
1134 2816 1351 2855 palimpsestis
1375 2816 1592 2847 disseruerunt
1615 2822 1647 2849 et
1671 2822 1718 2849 ta-

325 2856 358 2885 in
386 2855 545 2894 Antiquit.
574 2855 735 2886 Etruscar.
761 2856 941 2896 fragmenta
967 2868 998 2897 p,
1044 2857 1128 2887 bulis
1165 2858 1229 2888 aeri
1267 2858 1373 2890 incisis
1405 2859 1583 2898 legentium
1616 2859 1718 2891 oculis

330 2907 398 2929 102.
423 2908 490 2937 sqq.
517 2898 623 2935 Adde,
649 2908 732 2936 quae
759 2903 867 2930 nostra
893 2903 999 2930 aetate
1044 2900 1259 2932 subiecerunt.
