<?xml version="1.0" encoding="UTF-8"?>
<!DOCTYPE html PUBLIC "-//W3C//DTD XHTML 1.0 Transitional//EN"
    "http://www.w3.org/TR/xhtml1/DTD/xhtml1-transitional.dtd">
<html xmlns="http://www.w3.org/1999/xhtml" xml:lang="en" lang="en">
 <head>
  <title>
</title>
<meta http-equiv="Content-Type" content="text/html;charset=utf-8" />
  <meta name='ocr-system' content='tesseract 3.04.00' />
  <meta name='ocr-capabilities' content='ocr_page ocr_carea ocr_par ocr_line ocrx_word'/>
</head>
<body>
  <div class='ocr_page' id='page_1' title='image "./historiarumli04livyuoft/historiarumli04livyuoft_0102.png"; bbox 0 0 1888 3194; ppageno 0'>
   <div class='ocr_carea' id='block_1_1' title="bbox 377 183 1257 228">
    <p class='ocr_par' dir='ltr' id='par_1_1' title="bbox 377 183 1257 228">
     <span class='ocr_line' id='line_1_1' title="bbox 377 183 1257 228; baseline -0.002 0"><span class='ocrx_word' id='word_1_1' title='bbox 377 190 430 228; x_wconf 89' lang='lat'>94</span> <span class='ocrx_word' id='word_1_2' title='bbox 889 183 1038 226; x_wconf 94' lang='grc' dir='ltr'><strong>ΤΙΤΙ</strong></span> <span class='ocrx_word' id='word_1_3' title='bbox 1078 184 1257 226; x_wconf 87' lang='lat' dir='ltr'><strong>LIVII</strong></span> 
     </span>
    </p>
   </div>
   <div class='ocr_carea' id='block_1_2' title="bbox 167 275 1822 2747">
    <p class='ocr_par' dir='ltr' id='par_1_2' title="bbox 172 275 1796 332">
     <span class='ocr_line' id='line_1_2' title="bbox 172 275 1796 332; baseline 0.002 -18"><span class='ocrx_word' id='word_1_4' title='bbox 172 283 214 314; x_wconf 86' lang='lat' dir='ltr'>U.</span> <span class='ocrx_word' id='word_1_5' title='bbox 231 282 270 314; x_wconf 89' lang='lat' dir='ltr'>C.</span> <span class='ocrx_word' id='word_1_6' title='bbox 292 275 531 323; x_wconf 81' lang='lat' dir='ltr'>581.deinde</span> <span class='ocrx_word' id='word_1_7' title='bbox 553 284 649 318; x_wconf 89' lang='lat' dir='ltr'>ante</span> <span class='ocrx_word' id='word_1_8' title='bbox 670 291 744 317; x_wconf 91' lang='lat' dir='ltr'>sua</span> <span class='ocrx_word' id='word_1_9' title='bbox 764 290 975 332; x_wconf 86' lang='lat' dir='ltr'>quemque</span> <span class='ocrx_word' id='word_1_10' title='bbox 1005 275 1184 317; x_wconf 85' lang='lat' dir='ltr'>tentoria</span> <span class='ocrx_word' id='word_1_11' title='bbox 1213 275 1346 332; x_wconf 89' lang='lat' dir='ltr'>spicas</span> <span class='ocrx_word' id='word_1_12' title='bbox 1366 276 1545 318; x_wconf 84' lang='lat' dir='ltr'>fascibus</span> <span class='ocrx_word' id='word_1_13' title='bbox 1566 276 1764 318; x_wconf 90' lang='lat' dir='ltr'>desecan-</span> <span class='ocrx_word' id='word_1_14' title='bbox 1779 292 1796 326; x_wconf 75' lang='lat'>7</span> 
     </span>
    </p>

    <p class='ocr_par' dir='ltr' id='par_1_3' title="bbox 167 326 1767 1196">
     <span class='ocr_line' id='line_1_3' title="bbox 167 326 1766 390; baseline -0.001 -14"><span class='ocrx_word' id='word_1_15' title='bbox 167 327 208 357; x_wconf 85' lang='lat' dir='ltr'>A.</span> <span class='ocrx_word' id='word_1_16' title='bbox 233 326 271 358; x_wconf 89' lang='lat' dir='ltr'>C.</span> <span class='ocrx_word' id='word_1_17' title='bbox 296 333 477 384; x_wconf 82' lang='lat' dir='ltr'>¹7¹·tem,</span> <span class='ocrx_word' id='word_1_18' title='bbox 500 350 584 390; x_wconf 93' lang='lat' dir='ltr'>quo</span> <span class='ocrx_word' id='word_1_19' title='bbox 614 334 759 390; x_wconf 87' lang='lat' dir='ltr'>purius</span> <span class='ocrx_word' id='word_1_20' title='bbox 788 333 1046 375; x_wconf 86' lang='lat' dir='ltr'>frumentum</span> <span class='ocrx_word' id='word_1_21' title='bbox 1077 342 1243 383; x_wconf 86' lang='lat' dir='ltr'>tereret,</span> <span class='ocrx_word' id='word_1_22' title='bbox 1270 333 1463 390; x_wconf 83' lang='lat' dir='ltr'><strong>ingentes</strong></span> <span class='ocrx_word' id='word_1_23' title='bbox 1493 349 1660 376; x_wconf 90' lang='lat' dir='ltr'>acervos</span> <span class='ocrx_word' id='word_1_24' title='bbox 1689 349 1766 390; x_wconf 89' lang='lat' dir='ltr'>per</span> 
     </span>
     <span class='ocr_line' id='line_1_4' title="bbox 377 391 1767 448; baseline -0.001 -15"><span class='ocrx_word' id='word_1_25' title='bbox 377 401 466 434; x_wconf 92' lang='lat' dir='ltr'>tota</span> <span class='ocrx_word' id='word_1_26' title='bbox 486 401 618 433; x_wconf 88' lang='lat' dir='ltr'>castra</span> <span class='ocrx_word' id='word_1_27' title='bbox 638 400 959 432; x_wconf 84' lang='lat' dir='ltr'>stramentorum</span> <span class='ocrx_word' id='word_1_28' title='bbox 975 391 1144 432; x_wconf 89' lang='lat' dir='ltr'>fecisse:</span> <span class='ocrx_word' id='word_1_29' title='bbox 1177 400 1290 432; x_wconf 90' lang='lat' dir='ltr'>ratus</span> <span class='ocrx_word' id='word_1_30' title='bbox 1311 391 1508 433; x_wconf 90' lang='lat' dir='ltr'>incendio</span> <span class='ocrx_word' id='word_1_31' title='bbox 1530 400 1767 448; x_wconf 87' lang='lat' dir='ltr'>opportuna</span> 
     </span>
     <span class='ocr_line' id='line_1_5' title="bbox 378 448 1764 505; baseline -0.001 -14"><span class='ocrx_word' id='word_1_32' title='bbox 378 465 479 499; x_wconf 89' lang='lat' dir='ltr'>esse,</span> <span class='ocrx_word' id='word_1_33' title='bbox 513 450 635 498; x_wconf 88' lang='lat' dir='ltr'>faces,</span> <span class='ocrx_word' id='word_1_34' title='bbox 670 449 934 504; x_wconf 84' lang='lat' dir='ltr'>taedamque,</span> <span class='ocrx_word' id='word_1_35' title='bbox 971 459 1014 489; x_wconf 89' lang='lat' dir='ltr'>et</span> <span class='ocrx_word' id='word_1_36' title='bbox 1049 448 1262 490; x_wconf 86' lang='lat' dir='ltr'>malleolos</span> <span class='ocrx_word' id='word_1_37' title='bbox 1302 458 1476 505; x_wconf 90' lang='lat' dir='ltr'>stuppae</span> <span class='ocrx_word' id='word_1_38' title='bbox 1509 448 1635 490; x_wconf 90' lang='lat' dir='ltr'>illitos</span> <span class='ocrx_word' id='word_1_39' title='bbox 1669 449 1764 505; x_wconf 88' lang='lat' dir='ltr'>pice</span> 
     </span>
     <span class='ocr_line' id='line_1_6' title="bbox 377 506 1767 564; baseline -0.001 -16"><span class='ocrx_word' id='word_1_40' title='bbox 377 507 512 564; x_wconf 88' lang='lat' dir='ltr'>parari</span> <span class='ocrx_word' id='word_1_41' title='bbox 542 507 680 548; x_wconf 85' lang='lat' dir='ltr'>iubet:</span> <span class='ocrx_word' id='word_1_42' title='bbox 715 515 840 562; x_wconf 88' lang='lat' dir='ltr'>atque</span> <span class='ocrx_word' id='word_1_43' title='bbox 875 506 933 547; x_wconf 88' lang='lat' dir='ltr'>ita</span> <span class='ocrx_word' id='word_1_44' title='bbox 967 506 1106 546; x_wconf 86' lang='lat' dir='ltr'>media</span> <span class='ocrx_word' id='word_1_45' title='bbox 1142 515 1264 547; x_wconf 90' lang='lat' dir='ltr'>nocte</span> <span class='ocrx_word' id='word_1_46' title='bbox 1300 507 1520 562; x_wconf 87' lang='lat' dir='ltr'>profectus,</span> <span class='ocrx_word' id='word_1_47' title='bbox 1552 515 1600 548; x_wconf 92' lang='lat' dir='ltr'>ut</span> <span class='ocrx_word' id='word_1_48' title='bbox 1630 506 1767 563; x_wconf 88' lang='lat' dir='ltr'>prima</span> 
     </span>
     <span class='ocr_line' id='line_1_7' title="bbox 377 563 1766 621; baseline -0.001 -15"><span class='ocrx_word' id='word_1_49' title='bbox 377 566 470 606; x_wconf 90' lang='lat' dir='ltr'>luce</span> <span class='ocrx_word' id='word_1_50' title='bbox 506 579 720 621; x_wconf 79' lang='lat' dir='ltr'>aggressus</span> <span class='ocrx_word' id='word_1_51' title='bbox 755 563 926 604; x_wconf 86' lang='lat' dir='ltr'>falleret.</span> <span class='ocrx_word' id='word_1_52' title='bbox 989 563 1298 619; x_wconf 82' lang='lat' dir='ltr'>Nequicquam.</span> <span class='ocrx_word' id='word_1_53' title='bbox 1363 564 1529 605; x_wconf 87' lang='lat' dir='ltr'>Primae</span> <span class='ocrx_word' id='word_1_54' title='bbox 1567 564 1766 605; x_wconf 84' lang='lat' dir='ltr'>stationes</span> 
     </span>
     <span class='ocr_line' id='line_1_8' title="bbox 379 621 1762 679; baseline -0.001 -15"><span class='ocrx_word' id='word_1_55' title='bbox 379 638 597 679; x_wconf 81' lang='lat' dir='ltr'>oppressae</span> <span class='ocrx_word' id='word_1_56' title='bbox 640 621 824 662; x_wconf 88' lang='lat' dir='ltr'>tumultu</span> <span class='ocrx_word' id='word_1_57' title='bbox 863 636 910 661; x_wconf 88' lang='lat' dir='ltr'>ac</span> <span class='ocrx_word' id='word_1_58' title='bbox 951 629 1105 661; x_wconf 87' lang='lat' dir='ltr'>terrore</span> <span class='ocrx_word' id='word_1_59' title='bbox 1142 636 1216 662; x_wconf 91' lang='lat' dir='ltr'>suo</span> <span class='ocrx_word' id='word_1_60' title='bbox 1256 631 1416 662; x_wconf 92' lang='lat' dir='ltr'>ceteros</span> <span class='ocrx_word' id='word_1_61' title='bbox 1451 622 1762 663; x_wconf 81' lang='lat' dir='ltr'>excitaverunt:</span> 
     </span>
     <span class='ocr_line' id='line_1_9' title="bbox 379 678 1766 736; baseline -0.001 -15"><span class='ocrx_word' id='word_1_62' title='bbox 379 681 629 736; x_wconf 80' lang='lat' dir='ltr'>signumque</span> <span class='ocrx_word' id='word_1_63' title='bbox 656 679 801 720; x_wconf 92' lang='lat' dir='ltr'>datum</span> <span class='ocrx_word' id='word_1_64' title='bbox 832 687 894 719; x_wconf 91' lang='lat' dir='ltr'>est</span> <span class='ocrx_word' id='word_1_65' title='bbox 924 693 1037 718; x_wconf 88' lang='lat' dir='ltr'>arma</span> <span class='ocrx_word' id='word_1_66' title='bbox 1067 678 1279 734; x_wconf 86' lang='lat' dir='ltr'>extemplo</span> <span class='ocrx_word' id='word_1_67' title='bbox 1307 679 1524 734; x_wconf 81' lang='lat' dir='ltr'>capiendi3</span> <span class='ocrx_word' id='word_1_68' title='bbox 1557 679 1766 735; x_wconf 87' lang='lat' dir='ltr'>simulque</span> 
     </span>
     <span class='ocr_line' id='line_1_10' title="bbox 378 735 1767 793; baseline 0 -15"><span class='ocrx_word' id='word_1_69' title='bbox 378 738 425 778; x_wconf 91' lang='lat' dir='ltr'>in</span> <span class='ocrx_word' id='word_1_70' title='bbox 447 737 565 786; x_wconf 86' lang='lat' dir='ltr'>vallo,</span> <span class='ocrx_word' id='word_1_71' title='bbox 589 737 643 777; x_wconf 92' lang='lat' dir='ltr'>ad</span> <span class='ocrx_word' id='word_1_72' title='bbox 672 745 823 792; x_wconf 89' lang='lat' dir='ltr'>portas,</span> <span class='ocrx_word' id='word_1_73' title='bbox 856 735 974 776; x_wconf 87' lang='lat' dir='ltr'>miles</span> <span class='ocrx_word' id='word_1_74' title='bbox 1003 735 1230 776; x_wconf 90' lang='lat' dir='ltr'>instructus</span> <span class='ocrx_word' id='word_1_75' title='bbox 1261 746 1361 785; x_wconf 90' lang='lat' dir='ltr'>erat,</span> <span class='ocrx_word' id='word_1_76' title='bbox 1384 745 1426 777; x_wconf 85' lang='lat' dir='ltr'>et</span> <span class='ocrx_word' id='word_1_77' title='bbox 1455 737 1641 778; x_wconf 90' lang='lat' dir='ltr'>intentus</span> <span class='ocrx_word' id='word_1_78' title='bbox 1670 751 1767 793; x_wconf 90' lang='lat' dir='ltr'>pro—</span> 
     </span>
     <span class='ocr_line' id='line_1_11' title="bbox 377 792 1767 851; baseline 0 -16"><span class='ocrx_word' id='word_1_79' title='bbox 377 795 626 851; x_wconf 85' lang='lat' dir='ltr'>pugnationi</span> <span class='ocrx_word' id='word_1_80' title='bbox 666 803 904 834; x_wconf 89' lang='lat' dir='ltr'>castrorum.</span> <span class='ocrx_word' id='word_1_81' title='bbox 966 792 1145 833; x_wconf 87' lang='lat' dir='ltr'>Perseus</span> <span class='ocrx_word' id='word_1_82' title='bbox 1188 801 1230 833; x_wconf 85' lang='lat' dir='ltr'>et</span> <span class='ocrx_word' id='word_1_83' title='bbox 1270 792 1482 848; x_wconf 80' lang='lat' dir='ltr'>extemplo</span> <span class='ocrx_word' id='word_1_84' title='bbox 1522 794 1767 850; x_wconf 84' lang='lat' dir='ltr'>circumegit</span> 
     </span>
     <span class='ocr_line' id='line_1_12' title="bbox 379 849 1767 907; baseline -0.001 -14"><span class='ocrx_word' id='word_1_85' title='bbox 379 853 524 901; x_wconf 83' lang='lat' dir='ltr'>aciem,</span> <span class='ocrx_word' id='word_1_86' title='bbox 556 860 599 892; x_wconf 91' lang='lat' dir='ltr'>et</span> <span class='ocrx_word' id='word_1_87' title='bbox 634 851 780 906; x_wconf 89' lang='lat' dir='ltr'>prima</span> <span class='ocrx_word' id='word_1_88' title='bbox 802 849 1105 905; x_wconf 89' lang='lat' dir='ltr'>impedimenta</span> <span class='ocrx_word' id='word_1_89' title='bbox 1135 850 1209 899; x_wconf 88' lang='lat' dir='ltr'>ire,</span> <span class='ocrx_word' id='word_1_90' title='bbox 1241 849 1395 891; x_wconf 90' lang='lat' dir='ltr'>deinde</span> <span class='ocrx_word' id='word_1_91' title='bbox 1427 850 1618 906; x_wconf 89' lang='lat' dir='ltr'>peditum</span> <span class='ocrx_word' id='word_1_92' title='bbox 1649 851 1767 907; x_wconf 84' lang='lat' dir='ltr'>signa</span> 
     </span>
     <span class='ocr_line' id='line_1_13' title="bbox 378 907 1767 964; baseline -0.001 -14"><span class='ocrx_word' id='word_1_93' title='bbox 378 910 475 950; x_wconf 82' lang='lat' dir='ltr'>ferri</span> <span class='ocrx_word' id='word_1_94' title='bbox 505 908 634 949; x_wconf 89' lang='lat' dir='ltr'>iussit.</span> <span class='ocrx_word' id='word_1_95' title='bbox 696 907 792 964; x_wconf 87' lang='lat' dir='ltr'>Ipse</span> <span class='ocrx_word' id='word_1_96' title='bbox 822 922 918 948; x_wconf 90' lang='lat' dir='ltr'>cum</span> <span class='ocrx_word' id='word_1_97' title='bbox 946 907 1137 962; x_wconf 83' lang='lat' dir='ltr'>equitatu</span> <span class='ocrx_word' id='word_1_98' title='bbox 1167 917 1210 948; x_wconf 91' lang='lat' dir='ltr'>et</span> <span class='ocrx_word' id='word_1_99' title='bbox 1240 907 1322 948; x_wconf 89' lang='lat' dir='ltr'>levi</span> <span class='ocrx_word' id='word_1_100' title='bbox 1352 917 1559 949; x_wconf 88' lang='lat' dir='ltr'>armatura</span> <span class='ocrx_word' id='word_1_101' title='bbox 1583 908 1767 950; x_wconf 84' lang='lat' dir='ltr'>substitit</span> 
     </span>
     <span class='ocr_line' id='line_1_14' title="bbox 378 964 1766 1022; baseline 0 -15"><span class='ocrx_word' id='word_1_102' title='bbox 378 966 431 1008; x_wconf 86' lang='lat' dir='ltr'>ad</span> <span class='ocrx_word' id='word_1_103' title='bbox 464 980 615 1022; x_wconf 85' lang='lat' dir='ltr'>agmen</span> <span class='ocrx_word' id='word_1_104' title='bbox 642 964 903 1021; x_wconf 71' lang='lat' dir='ltr'>cogendum,</span> <span class='ocrx_word' id='word_1_105' title='bbox 936 974 1060 1014; x_wconf 84' lang='lat' dir='ltr'>ratus,</span> <span class='ocrx_word' id='word_1_106' title='bbox 1090 965 1135 1005; x_wconf 92' lang='lat' dir='ltr'>id</span> <span class='ocrx_word' id='word_1_107' title='bbox 1164 965 1279 1020; x_wconf 91' lang='lat' dir='ltr'>quod</span> <span class='ocrx_word' id='word_1_108' title='bbox 1309 965 1473 1015; x_wconf 86' lang='lat' dir='ltr'>accidit,</span> <span class='ocrx_word' id='word_1_109' title='bbox 1505 966 1766 1007; x_wconf 86' lang='lat' dir='ltr'>insecuturos</span> 
     </span>
     <span class='ocr_line' id='line_1_15' title="bbox 378 1022 1766 1078; baseline 0 -13"><span class='ocrx_word' id='word_1_110' title='bbox 378 1024 432 1065; x_wconf 88' lang='lat' dir='ltr'>ad</span> <span class='ocrx_word' id='word_1_111' title='bbox 467 1034 655 1065; x_wconf 78' lang='lat' dir='ltr'>extrema</span> <span class='ocrx_word' id='word_1_112' title='bbox 689 1024 739 1064; x_wconf 87' lang='lat' dir='ltr'>ab</span> <span class='ocrx_word' id='word_1_113' title='bbox 777 1032 894 1078; x_wconf 85' lang='lat' dir='ltr'>tergo</span> <span class='ocrx_word' id='word_1_114' title='bbox 931 1022 1141 1078; x_wconf 88' lang='lat' dir='ltr'>carpenda</span> <span class='ocrx_word' id='word_1_115' title='bbox 1175 1023 1324 1064; x_wconf 86' lang='lat' dir='ltr'>hostes.</span> <span class='ocrx_word' id='word_1_116' title='bbox 1387 1022 1523 1064; x_wconf 85' lang='lat' dir='ltr'>Breve</span> <span class='ocrx_word' id='word_1_117' title='bbox 1554 1033 1766 1065; x_wconf 88' lang='lat' dir='ltr'>certamen</span> 
     </span>
     <span class='ocr_line' id='line_1_16' title="bbox 376 1080 1766 1138; baseline -0.001 -15"><span class='ocrx_word' id='word_1_118' title='bbox 376 1081 479 1123; x_wconf 86' lang='lat' dir='ltr'>levis</span> <span class='ocrx_word' id='word_1_119' title='bbox 500 1090 731 1122; x_wconf 87' lang='lat' dir='ltr'>armaturae</span> <span class='ocrx_word' id='word_1_120' title='bbox 755 1081 935 1121; x_wconf 81' lang='lat' dir='ltr'>maxime</span> <span class='ocrx_word' id='word_1_121' title='bbox 956 1095 1052 1121; x_wconf 90' lang='lat' dir='ltr'>cum</span> <span class='ocrx_word' id='word_1_122' title='bbox 1074 1080 1429 1136; x_wconf 85' lang='lat' dir='ltr'>procursatoribus</span> <span class='ocrx_word' id='word_1_123' title='bbox 1449 1080 1539 1122; x_wconf 89' lang='lat' dir='ltr'>fuit.</span> <span class='ocrx_word' id='word_1_124' title='bbox 1587 1080 1766 1138; x_wconf 87' lang='lat' dir='ltr'>Equites</span> 
     </span>
     <span class='ocr_line' id='line_1_17' title="bbox 377 1137 1408 1196; baseline -0.001 -16"><span class='ocrx_word' id='word_1_125' title='bbox 377 1139 624 1196; x_wconf 85' lang='lat' dir='ltr'>peditesque</span> <span class='ocrx_word' id='word_1_126' title='bbox 647 1139 736 1179; x_wconf 87' lang='lat' dir='ltr'>sine</span> <span class='ocrx_word' id='word_1_127' title='bbox 758 1137 942 1179; x_wconf 87' lang='lat' dir='ltr'>tumultu</span> <span class='ocrx_word' id='word_1_128' title='bbox 963 1138 1008 1178; x_wconf 91' lang='lat' dir='ltr'>in</span> <span class='ocrx_word' id='word_1_129' title='bbox 1029 1146 1162 1179; x_wconf 87' lang='lat' dir='ltr'>castra</span> <span class='ocrx_word' id='word_1_130' title='bbox 1182 1138 1408 1179; x_wconf 88' lang='lat' dir='ltr'>redierunt.</span> 
     </span>
    </p>

    <p class='ocr_par' dir='ltr' id='par_1_4' title="bbox 378 1195 1768 2057">
     <span class='ocr_line' id='line_1_18' title="bbox 436 1195 1766 1252; baseline -0.001 -14"><span class='ocrx_word' id='word_1_131' title='bbox 436 1197 650 1239; x_wconf 89' lang='lat' dir='ltr'>Demessis</span> <span class='ocrx_word' id='word_1_132' title='bbox 689 1196 797 1237; x_wconf 91' lang='lat' dir='ltr'>circa</span> <span class='ocrx_word' id='word_1_133' title='bbox 837 1195 1060 1252; x_wconf 88' lang='lat' dir='ltr'>segetibus,</span> <span class='ocrx_word' id='word_1_134' title='bbox 1097 1195 1280 1236; x_wconf 85' lang='lat' dir='ltr'>Romani</span> <span class='ocrx_word' id='word_1_135' title='bbox 1315 1196 1369 1236; x_wconf 87' lang='lat' dir='ltr'>ad</span> <span class='ocrx_word' id='word_1_136' title='bbox 1404 1195 1664 1237; x_wconf 88' lang='lat' dir='ltr'>Cranonium</span> <span class='ocrx_word' id='word_1_137' title='bbox 1699 1196 1766 1237; x_wconf 91' lang='lat' dir='ltr'>in-</span> 
     </span>
     <span class='ocr_line' id='line_1_19' title="bbox 378 1252 1766 1310; baseline 0 -15"><span class='ocrx_word' id='word_1_138' title='bbox 378 1264 535 1296; x_wconf 84' lang='lat' dir='ltr'>tactum</span> <span class='ocrx_word' id='word_1_139' title='bbox 563 1269 708 1310; x_wconf 87' lang='lat' dir='ltr'>agrum</span> <span class='ocrx_word' id='word_1_140' title='bbox 729 1262 861 1295; x_wconf 88' lang='lat' dir='ltr'>castra</span> <span class='ocrx_word' id='word_1_141' title='bbox 881 1262 1061 1294; x_wconf 77' lang='lat' dir='ltr'>movent.</span> <span class='ocrx_word' id='word_1_142' title='bbox 1124 1252 1190 1294; x_wconf 88' lang='lat' dir='ltr'>Ibi</span> <span class='ocrx_word' id='word_1_143' title='bbox 1212 1269 1342 1309; x_wconf 88' lang='lat' dir='ltr'>quum</span> <span class='ocrx_word' id='word_1_144' title='bbox 1364 1253 1512 1303; x_wconf 89' lang='lat' dir='ltr'>securi,</span> <span class='ocrx_word' id='word_1_145' title='bbox 1533 1262 1577 1294; x_wconf 92' lang='lat' dir='ltr'>et</span> <span class='ocrx_word' id='word_1_146' title='bbox 1595 1263 1766 1310; x_wconf 90' lang='lat' dir='ltr'>propter</span> 
     </span>
     <span class='ocr_line' id='line_1_20' title="bbox 378 1311 1766 1367; baseline 0 -14"><span class='ocrx_word' id='word_1_147' title='bbox 378 1321 606 1353; x_wconf 89' lang='lat' dir='ltr'>castrorum</span> <span class='ocrx_word' id='word_1_148' title='bbox 636 1311 999 1367; x_wconf 80' lang='lat' dir='ltr'>longinquitatem,</span> <span class='ocrx_word' id='word_1_149' title='bbox 1023 1320 1064 1351; x_wconf 90' lang='lat' dir='ltr'>et</span> <span class='ocrx_word' id='word_1_150' title='bbox 1084 1311 1174 1351; x_wconf 80' lang='lat' dir='ltr'>viae</span> <span class='ocrx_word' id='word_1_151' title='bbox 1200 1311 1335 1367; x_wconf 90' lang='lat' dir='ltr'>inopis</span> <span class='ocrx_word' id='word_1_152' title='bbox 1363 1326 1567 1367; x_wconf 89' lang='lat' dir='ltr'>aquarum</span> <span class='ocrx_word' id='word_1_153' title='bbox 1587 1311 1766 1353; x_wconf 87' lang='lat' dir='ltr'>difficul-</span> 
     </span>
     <span class='ocr_line' id='line_1_21' title="bbox 379 1367 1766 1425; baseline 0.001 -14"><span class='ocrx_word' id='word_1_154' title='bbox 379 1378 519 1419; x_wconf 86' lang='lat' dir='ltr'>tatem,</span> <span class='ocrx_word' id='word_1_155' title='bbox 543 1384 648 1425; x_wconf 90' lang='lat' dir='ltr'>quae</span> <span class='ocrx_word' id='word_1_156' title='bbox 680 1369 790 1410; x_wconf 88' lang='lat' dir='ltr'>inter</span> <span class='ocrx_word' id='word_1_157' title='bbox 820 1368 1042 1425; x_wconf 80' lang='lat' dir='ltr'>Sycurium</span> <span class='ocrx_word' id='word_1_158' title='bbox 1071 1377 1113 1409; x_wconf 89' lang='lat' dir='ltr'>et</span> <span class='ocrx_word' id='word_1_159' title='bbox 1136 1367 1335 1409; x_wconf 86' lang='lat' dir='ltr'>Cranona</span> <span class='ocrx_word' id='word_1_160' title='bbox 1365 1378 1439 1418; x_wconf 89' lang='lat' dir='ltr'>est,</span> <span class='ocrx_word' id='word_1_161' title='bbox 1461 1369 1607 1410; x_wconf 89' lang='lat' dir='ltr'>stativa</span> <span class='ocrx_word' id='word_1_162' title='bbox 1638 1369 1766 1412; x_wconf 88' lang='lat' dir='ltr'>habe-</span> 
     </span>
     <span class='ocr_line' id='line_1_22' title="bbox 378 1425 1766 1483; baseline -0.001 -14"><span class='ocrx_word' id='word_1_163' title='bbox 378 1437 495 1477; x_wconf 81' lang='lat' dir='ltr'>rent3</span> <span class='ocrx_word' id='word_1_164' title='bbox 522 1435 695 1483; x_wconf 88' lang='lat' dir='ltr'>repente</span> <span class='ocrx_word' id='word_1_165' title='bbox 712 1426 847 1482; x_wconf 87' lang='lat' dir='ltr'>prima</span> <span class='ocrx_word' id='word_1_166' title='bbox 863 1426 955 1467; x_wconf 92' lang='lat' dir='ltr'>luce</span> <span class='ocrx_word' id='word_1_167' title='bbox 973 1425 1016 1466; x_wconf 93' lang='lat' dir='ltr'>in</span> <span class='ocrx_word' id='word_1_168' title='bbox 1034 1426 1350 1467; x_wconf 86' lang='lat' dir='ltr'>imminentibus</span> <span class='ocrx_word' id='word_1_169' title='bbox 1367 1425 1538 1467; x_wconf 88' lang='lat' dir='ltr'>tumulis</span> <span class='ocrx_word' id='word_1_170' title='bbox 1555 1427 1766 1483; x_wconf 87' lang='lat' dir='ltr'>equitatus</span> 
     </span>
     <span class='ocr_line' id='line_1_23' title="bbox 378 1483 1763 1541; baseline 0 -15"><span class='ocrx_word' id='word_1_171' title='bbox 378 1486 518 1541; x_wconf 88' lang='lat' dir='ltr'>regius</span> <span class='ocrx_word' id='word_1_172' title='bbox 543 1500 638 1526; x_wconf 88' lang='lat' dir='ltr'>cum</span> <span class='ocrx_word' id='word_1_173' title='bbox 669 1484 749 1525; x_wconf 80' lang='lat' dir='ltr'>levi</span> <span class='ocrx_word' id='word_1_174' title='bbox 780 1493 987 1524; x_wconf 83' lang='lat' dir='ltr'>armatura</span> <span class='ocrx_word' id='word_1_175' title='bbox 1006 1483 1118 1524; x_wconf 74' lang='lat' dir='ltr'>visus</span> <span class='ocrx_word' id='word_1_176' title='bbox 1147 1483 1364 1539; x_wconf 88' lang='lat' dir='ltr'>ingentem</span> <span class='ocrx_word' id='word_1_177' title='bbox 1395 1483 1623 1525; x_wconf 92' lang='lat' dir='ltr'>tumultum</span> <span class='ocrx_word' id='word_1_178' title='bbox 1653 1484 1763 1526; x_wconf 85' lang='lat' dir='ltr'>fecit.</span> 
     </span>
     <span class='ocr_line' id='line_1_24' title="bbox 379 1541 1766 1598; baseline 0 -15"><span class='ocrx_word' id='word_1_179' title='bbox 379 1542 522 1584; x_wconf 89' lang='lat' dir='ltr'>Pridie</span> <span class='ocrx_word' id='word_1_180' title='bbox 556 1558 631 1598; x_wconf 91' lang='lat' dir='ltr'>per</span> <span class='ocrx_word' id='word_1_181' title='bbox 662 1541 880 1582; x_wconf 84' lang='lat' dir='ltr'>meridiem</span> <span class='ocrx_word' id='word_1_182' title='bbox 910 1541 1085 1597; x_wconf 86' lang='lat' dir='ltr'>profecti</span> <span class='ocrx_word' id='word_1_183' title='bbox 1116 1541 1167 1581; x_wconf 89' lang='lat' dir='ltr'>ab</span> <span class='ocrx_word' id='word_1_184' title='bbox 1199 1541 1373 1597; x_wconf 84' lang='lat' dir='ltr'>Sycurio</span> <span class='ocrx_word' id='word_1_185' title='bbox 1400 1541 1541 1582; x_wconf 79' lang='lat' dir='ltr'>erant&#39;:</span> <span class='ocrx_word' id='word_1_186' title='bbox 1574 1541 1766 1598; x_wconf 88' lang='lat' dir='ltr'>peditum</span> 
     </span>
     <span class='ocr_line' id='line_1_25' title="bbox 380 1598 1768 1656; baseline 0 -15"><span class='ocrx_word' id='word_1_187' title='bbox 380 1615 531 1656; x_wconf 81' lang='lat' dir='ltr'>agmen</span> <span class='ocrx_word' id='word_1_188' title='bbox 562 1601 638 1641; x_wconf 93' lang='lat' dir='ltr'>sub</span> <span class='ocrx_word' id='word_1_189' title='bbox 674 1599 766 1639; x_wconf 90' lang='lat' dir='ltr'>luce</span> <span class='ocrx_word' id='word_1_190' title='bbox 802 1598 1057 1655; x_wconf 85' lang='lat' dir='ltr'>reliquerant</span> <span class='ocrx_word' id='word_1_191' title='bbox 1090 1598 1134 1638; x_wconf 90' lang='lat' dir='ltr'>in</span> <span class='ocrx_word' id='word_1_192' title='bbox 1169 1599 1360 1654; x_wconf 79' lang='lat' dir='ltr'>proxima</span> <span class='ocrx_word' id='word_1_193' title='bbox 1391 1598 1576 1654; x_wconf 86' lang='lat' dir='ltr'>planitie.</span> <span class='ocrx_word' id='word_1_194' title='bbox 1641 1598 1768 1641; x_wconf 87' lang='lat' dir='ltr'>Stetit</span> 
     </span>
     <span class='ocr_line' id='line_1_26' title="bbox 379 1656 1767 1714; baseline -0.001 -15"><span class='ocrx_word' id='word_1_195' title='bbox 379 1658 605 1714; x_wconf 84' lang='lat' dir='ltr'>paullisper</span> <span class='ocrx_word' id='word_1_196' title='bbox 635 1657 678 1697; x_wconf 90' lang='lat' dir='ltr'>in</span> <span class='ocrx_word' id='word_1_197' title='bbox 710 1656 893 1706; x_wconf 86' lang='lat' dir='ltr'>tumulis,</span> <span class='ocrx_word' id='word_1_198' title='bbox 917 1656 1011 1697; x_wconf 91' lang='lat' dir='ltr'>elici</span> <span class='ocrx_word' id='word_1_199' title='bbox 1041 1671 1160 1712; x_wconf 89' lang='lat' dir='ltr'>posse</span> <span class='ocrx_word' id='word_1_200' title='bbox 1191 1666 1305 1696; x_wconf 82' lang='lat' dir='ltr'>ratus</span> <span class='ocrx_word' id='word_1_201' title='bbox 1335 1656 1389 1697; x_wconf 90' lang='lat' dir='ltr'>ad</span> <span class='ocrx_word' id='word_1_202' title='bbox 1416 1665 1609 1712; x_wconf 90' lang='lat' dir='ltr'>equestre</span> <span class='ocrx_word' id='word_1_203' title='bbox 1634 1665 1767 1698; x_wconf 89' lang='lat' dir='ltr'>certa-</span> 
     </span>
     <span class='ocr_line' id='line_1_27' title="bbox 379 1713 1766 1771; baseline 0 -15"><span class='ocrx_word' id='word_1_204' title='bbox 379 1730 477 1756; x_wconf 89' lang='lat' dir='ltr'>men</span> <span class='ocrx_word' id='word_1_205' title='bbox 509 1715 733 1756; x_wconf 88' lang='lat' dir='ltr'>Romanos.</span> <span class='ocrx_word' id='word_1_206' title='bbox 800 1713 888 1762; x_wconf 83' lang='lat' dir='ltr'>Qui</span> <span class='ocrx_word' id='word_1_207' title='bbox 922 1722 1143 1769; x_wconf 85' lang='lat' dir='ltr'>postquam</span> <span class='ocrx_word' id='word_1_208' title='bbox 1174 1713 1280 1754; x_wconf 89' lang='lat' dir='ltr'>nihil</span> <span class='ocrx_word' id='word_1_209' title='bbox 1311 1714 1546 1764; x_wconf 83' lang='lat' dir='ltr'>movebant,</span> <span class='ocrx_word' id='word_1_210' title='bbox 1578 1715 1766 1771; x_wconf 85' lang='lat' dir='ltr'>equitem</span> 
     </span>
     <span class='ocr_line' id='line_1_28' title="bbox 379 1770 1765 1829; baseline 0 -15"><span class='ocrx_word' id='word_1_211' title='bbox 379 1773 520 1822; x_wconf 88' lang='lat' dir='ltr'>mittit,</span> <span class='ocrx_word' id='word_1_212' title='bbox 544 1772 617 1828; x_wconf 91' lang='lat' dir='ltr'>qui</span> <span class='ocrx_word' id='word_1_213' title='bbox 644 1771 807 1828; x_wconf 88' lang='lat' dir='ltr'>pedites</span> <span class='ocrx_word' id='word_1_214' title='bbox 828 1771 979 1812; x_wconf 86' lang='lat' dir='ltr'>referre</span> <span class='ocrx_word' id='word_1_215' title='bbox 1002 1771 1055 1812; x_wconf 90' lang='lat' dir='ltr'>ad</span> <span class='ocrx_word' id='word_1_216' title='bbox 1079 1770 1300 1828; x_wconf 78' lang='lat' dir='ltr'>Sycurium</span> <span class='ocrx_word' id='word_1_217' title='bbox 1322 1771 1440 1827; x_wconf 84' lang='lat' dir='ltr'>signa</span> <span class='ocrx_word' id='word_1_218' title='bbox 1459 1771 1644 1813; x_wconf 89' lang='lat' dir='ltr'>iuberet:</span> <span class='ocrx_word' id='word_1_219' title='bbox 1677 1772 1765 1829; x_wconf 91' lang='lat' dir='ltr'>ipse</span> 
     </span>
     <span class='ocr_line' id='line_1_29' title="bbox 379 1828 1766 1884; baseline 0 -13"><span class='ocrx_word' id='word_1_220' title='bbox 379 1845 479 1872; x_wconf 82' lang='lat' dir='ltr'>mox</span> <span class='ocrx_word' id='word_1_221' title='bbox 518 1830 742 1871; x_wconf 89' lang='lat' dir='ltr'>insecutus.</span> <span class='ocrx_word' id='word_1_222' title='bbox 806 1828 988 1870; x_wconf 85' lang='lat' dir='ltr'>Romani</span> <span class='ocrx_word' id='word_1_223' title='bbox 1028 1829 1203 1884; x_wconf 85' lang='lat' dir='ltr'>equites,</span> <span class='ocrx_word' id='word_1_224' title='bbox 1240 1829 1406 1870; x_wconf 86' lang='lat' dir='ltr'>modico</span> <span class='ocrx_word' id='word_1_225' title='bbox 1445 1829 1664 1871; x_wconf 90' lang='lat' dir='ltr'>intervallo</span> <span class='ocrx_word' id='word_1_226' title='bbox 1701 1845 1766 1871; x_wconf 90' lang='lat' dir='ltr'>se-</span> 
     </span>
     <span class='ocr_line' id='line_1_30' title="bbox 380 1885 1767 1944; baseline -0.001 -15"><span class='ocrx_word' id='word_1_227' title='bbox 380 1897 569 1944; x_wconf 91' lang='lat' dir='ltr'>quentes,</span> <span class='ocrx_word' id='word_1_228' title='bbox 592 1887 725 1928; x_wconf 91' lang='lat' dir='ltr'>sicubi</span> <span class='ocrx_word' id='word_1_229' title='bbox 746 1901 906 1942; x_wconf 90' lang='lat' dir='ltr'>sparsos</span> <span class='ocrx_word' id='word_1_230' title='bbox 926 1901 973 1926; x_wconf 90' lang='lat' dir='ltr'>ac</span> <span class='ocrx_word' id='word_1_231' title='bbox 995 1885 1213 1941; x_wconf 85' lang='lat' dir='ltr'>dissipatos</span> <span class='ocrx_word' id='word_1_232' title='bbox 1234 1886 1430 1927; x_wconf 80' lang='lat' dir='ltr'>invadere</span> <span class='ocrx_word' id='word_1_233' title='bbox 1450 1895 1631 1942; x_wconf 88' lang='lat' dir='ltr'>possent,</span> <span class='ocrx_word' id='word_1_234' title='bbox 1652 1896 1767 1942; x_wconf 91' lang='lat' dir='ltr'>post-</span> 
     </span>
     <span class='ocr_line' id='line_1_31' title="bbox 381 1943 1766 2001; baseline 0 -15"><span class='ocrx_word' id='word_1_235' title='bbox 381 1960 506 2001; x_wconf 90' lang='lat' dir='ltr'>quam</span> <span class='ocrx_word' id='word_1_236' title='bbox 528 1945 736 1986; x_wconf 87' lang='lat' dir='ltr'>confertos</span> <span class='ocrx_word' id='word_1_237' title='bbox 766 1944 892 1992; x_wconf 89' lang='lat' dir='ltr'>abire,</span> <span class='ocrx_word' id='word_1_238' title='bbox 914 1943 1032 1998; x_wconf 87' lang='lat' dir='ltr'>signa</span> <span class='ocrx_word' id='word_1_239' title='bbox 1058 1952 1186 1998; x_wconf 89' lang='lat' dir='ltr'>atque</span> <span class='ocrx_word' id='word_1_240' title='bbox 1208 1943 1375 1984; x_wconf 78' lang='lat' dir='ltr'>ordines</span> <span class='ocrx_word' id='word_1_241' title='bbox 1405 1953 1627 1994; x_wconf 88' lang='lat' dir='ltr'>servantes,</span> <span class='ocrx_word' id='word_1_242' title='bbox 1649 1945 1766 1986; x_wconf 89' lang='lat' dir='ltr'>vide-</span> 
     </span>
     <span class='ocr_line' id='line_1_32' title="bbox 380 2000 1084 2057; baseline -0.004 -14"><span class='ocrx_word' id='word_1_243' title='bbox 380 2011 492 2051; x_wconf 89' lang='lat' dir='ltr'>runt,</span> <span class='ocrx_word' id='word_1_244' title='bbox 515 2011 557 2043; x_wconf 92' lang='lat' dir='ltr'>et</span> <span class='ocrx_word' id='word_1_245' title='bbox 577 2001 655 2057; x_wconf 87' lang='lat' dir='ltr'>ipsi</span> <span class='ocrx_word' id='word_1_246' title='bbox 677 2001 721 2040; x_wconf 92' lang='lat' dir='ltr'>in</span> <span class='ocrx_word' id='word_1_247' title='bbox 743 2009 875 2041; x_wconf 84' lang='lat' dir='ltr'>castra</span> <span class='ocrx_word' id='word_1_248' title='bbox 894 2000 1084 2040; x_wconf 90' lang='lat' dir='ltr'>redeunt.</span> 
     </span>
    </p>

    <p class='ocr_par' dir='ltr' id='par_1_5' title="bbox 236 2057 1822 2747">
     <span class='ocr_line' id='line_1_33' title="bbox 236 2057 1822 2115; baseline 0.001 -15"><span class='ocrx_word' id='word_1_249' title='bbox 236 2068 301 2106; x_wconf 83' lang='lat'>65,</span> <span class='ocrx_word' id='word_1_250' title='bbox 438 2059 558 2108; x_wconf 91' lang='lat' dir='ltr'>Inde,</span> <span class='ocrx_word' id='word_1_251' title='bbox 587 2058 768 2099; x_wconf 88' lang='lat' dir='ltr'>offensus</span> <span class='ocrx_word' id='word_1_252' title='bbox 798 2057 1106 2113; x_wconf 86' lang='lat' dir='ltr'>longinquitate</span> <span class='ocrx_word' id='word_1_253' title='bbox 1137 2057 1310 2107; x_wconf 88' lang='lat' dir='ltr'>itineris,</span> <span class='ocrx_word' id='word_1_254' title='bbox 1336 2072 1411 2099; x_wconf 83' lang='lat' dir='ltr'>rex</span> <span class='ocrx_word' id='word_1_255' title='bbox 1442 2058 1495 2099; x_wconf 88' lang='lat' dir='ltr'>ad</span> <span class='ocrx_word' id='word_1_256' title='bbox 1523 2058 1766 2115; x_wconf 89' lang='lat' dir='ltr'>Mopselum</span> <span class='ocrx_word' id='word_1_257' title='bbox 1819 2111 1822 2114; x_wconf 14' lang='grc' dir='ltr'><strong><em>ἢ</em></strong></span> 
     </span>
     <span class='ocr_line' id='line_1_34' title="bbox 381 2114 1766 2173; baseline 0 -15"><span class='ocrx_word' id='word_1_258' title='bbox 381 2126 513 2158; x_wconf 87' lang='lat' dir='ltr'>castra</span> <span class='ocrx_word' id='word_1_259' title='bbox 543 2115 694 2157; x_wconf 88' lang='lat' dir='ltr'>movit:</span> <span class='ocrx_word' id='word_1_260' title='bbox 729 2124 771 2156; x_wconf 94' lang='lat' dir='ltr'>et</span> <span class='ocrx_word' id='word_1_261' title='bbox 801 2114 996 2163; x_wconf 85' lang='lat' dir='ltr'>Romani,</span> <span class='ocrx_word' id='word_1_262' title='bbox 1019 2114 1455 2156; x_wconf 75' lang='lat' dir='ltr'>demessisCranonis</span> <span class='ocrx_word' id='word_1_263' title='bbox 1475 2117 1698 2173; x_wconf 87' lang='lat' dir='ltr'>segetibus,</span> <span class='ocrx_word' id='word_1_264' title='bbox 1719 2117 1766 2158; x_wconf 90' lang='lat' dir='ltr'>in</span> 
     </span>
     <span class='ocr_line' id='line_1_35' title="bbox 381 2171 1766 2232; baseline 0.001 -17"><span class='ocrx_word' id='word_1_265' title='bbox 381 2174 697 2216; x_wconf 87' lang='lat' dir='ltr'>Phalannaeum</span> <span class='ocrx_word' id='word_1_266' title='bbox 732 2187 878 2228; x_wconf 87' lang='lat' dir='ltr'>agrum</span> <span class='ocrx_word' id='word_1_267' title='bbox 915 2180 1140 2212; x_wconf 88' lang='lat' dir='ltr'>transeunt.</span> <span class='ocrx_word' id='word_1_268' title='bbox 1203 2171 1268 2213; x_wconf 87' lang='lat' dir='ltr'>Ibi</span> <span class='ocrx_word' id='word_1_269' title='bbox 1302 2188 1433 2228; x_wconf 89' lang='lat' dir='ltr'>quum</span> <span class='ocrx_word' id='word_1_270' title='bbox 1470 2189 1522 2214; x_wconf 84' lang='lat' dir='ltr'>ex</span> <span class='ocrx_word' id='word_1_271' title='bbox 1555 2175 1766 2232; x_wconf 86' lang='lat' dir='ltr'>transfuga</span> 
     </span>
     <span class='ocr_line' id='line_1_36' title="bbox 381 2228 1765 2289; baseline 0.001 -16"><span class='ocrx_word' id='word_1_272' title='bbox 381 2240 599 2287; x_wconf 89' lang='lat' dir='ltr'>cognosset</span> <span class='ocrx_word' id='word_1_273' title='bbox 629 2245 716 2279; x_wconf 81' lang='lat' dir='ltr'>rex,</span> <span class='ocrx_word' id='word_1_274' title='bbox 739 2230 827 2270; x_wconf 91' lang='lat' dir='ltr'>sine</span> <span class='ocrx_word' id='word_1_275' title='bbox 858 2228 944 2270; x_wconf 90' lang='lat' dir='ltr'>ullo</span> <span class='ocrx_word' id='word_1_276' title='bbox 972 2238 1128 2270; x_wconf 90' lang='lat' dir='ltr'>armato</span> <span class='ocrx_word' id='word_1_277' title='bbox 1158 2229 1366 2285; x_wconf 87' lang='lat' dir='ltr'>praesidio</span> <span class='ocrx_word' id='word_1_278' title='bbox 1396 2232 1548 2286; x_wconf 88' lang='lat' dir='ltr'>passim</span> <span class='ocrx_word' id='word_1_279' title='bbox 1568 2242 1765 2289; x_wconf 85' lang='lat' dir='ltr'>vagantes</span> 
     </span>
     <span class='ocr_line' id='line_1_37' title="bbox 380 2287 1765 2346; baseline 0.002 -16"><span class='ocrx_word' id='word_1_280' title='bbox 380 2304 455 2346; x_wconf 94' lang='lat' dir='ltr'>per</span> <span class='ocrx_word' id='word_1_281' title='bbox 485 2303 603 2344; x_wconf 87' lang='lat' dir='ltr'>agros</span> <span class='ocrx_word' id='word_1_282' title='bbox 636 2288 851 2328; x_wconf 86' lang='lat' dir='ltr'>Romanos</span> <span class='ocrx_word' id='word_1_283' title='bbox 880 2295 1050 2335; x_wconf 88' lang='lat' dir='ltr'>metere,</span> <span class='ocrx_word' id='word_1_284' title='bbox 1083 2302 1178 2327; x_wconf 90' lang='lat' dir='ltr'>cum</span> <span class='ocrx_word' id='word_1_285' title='bbox 1210 2287 1321 2328; x_wconf 82' lang='lat' dir='ltr'>mille</span> <span class='ocrx_word' id='word_1_286' title='bbox 1351 2289 1575 2344; x_wconf 89' lang='lat' dir='ltr'>equitibus,</span> <span class='ocrx_word' id='word_1_287' title='bbox 1601 2290 1765 2332; x_wconf 88' lang='lat' dir='ltr'>duobus</span> 
     </span>
     <span class='ocr_line' id='line_1_38' title="bbox 381 2343 1765 2404; baseline 0.002 -17"><span class='ocrx_word' id='word_1_288' title='bbox 381 2346 563 2387; x_wconf 90' lang='lat' dir='ltr'>millibus</span> <span class='ocrx_word' id='word_1_289' title='bbox 595 2345 806 2386; x_wconf 89' lang='lat' dir='ltr'>Thracum</span> <span class='ocrx_word' id='word_1_290' title='bbox 837 2352 879 2385; x_wconf 91' lang='lat' dir='ltr'>et</span> <span class='ocrx_word' id='word_1_291' title='bbox 912 2343 1180 2385; x_wconf 85' lang='lat' dir='ltr'>Cretensium</span> <span class='ocrx_word' id='word_1_292' title='bbox 1210 2345 1431 2400; x_wconf 86' lang='lat' dir='ltr'>profectus,</span> <span class='ocrx_word' id='word_1_293' title='bbox 1461 2362 1605 2402; x_wconf 91' lang='lat' dir='ltr'>quum,</span> <span class='ocrx_word' id='word_1_294' title='bbox 1631 2363 1765 2404; x_wconf 87' lang='lat' dir='ltr'>quan-</span> 
     </span>
     <span class='ocr_line' id='line_1_39' title="bbox 381 2402 1765 2462; baseline 0.001 -17"><span class='ocrx_word' id='word_1_295' title='bbox 381 2413 472 2445; x_wconf 91' lang='lat' dir='ltr'>tum</span> <span class='ocrx_word' id='word_1_296' title='bbox 503 2403 730 2444; x_wconf 86' lang='lat' dir='ltr'>accelerare</span> <span class='ocrx_word' id='word_1_297' title='bbox 762 2410 938 2457; x_wconf 85' lang='lat' dir='ltr'>poterat,</span> <span class='ocrx_word' id='word_1_298' title='bbox 961 2402 1091 2442; x_wconf 84' lang='lat' dir='ltr'>effuso</span> <span class='ocrx_word' id='word_1_299' title='bbox 1119 2403 1284 2457; x_wconf 86' lang='lat' dir='ltr'>agmine</span> <span class='ocrx_word' id='word_1_300' title='bbox 1313 2403 1422 2452; x_wconf 87' lang='lat' dir='ltr'>isset,</span> <span class='ocrx_word' id='word_1_301' title='bbox 1444 2404 1666 2460; x_wconf 90' lang='lat' dir='ltr'>improviso</span> <span class='ocrx_word' id='word_1_302' title='bbox 1693 2421 1765 2462; x_wconf 83' lang='lat' dir='ltr'>ag-</span> 
     </span>
     <span class='ocr_line' id='line_1_40' title="bbox 381 2458 1762 2518; baseline 0.002 -16"><span class='ocrx_word' id='word_1_303' title='bbox 381 2476 543 2518; x_wconf 86' lang='lat' dir='ltr'>gressus</span> <span class='ocrx_word' id='word_1_304' title='bbox 579 2469 640 2501; x_wconf 90' lang='lat' dir='ltr'>est</span> <span class='ocrx_word' id='word_1_305' title='bbox 673 2459 897 2500; x_wconf 87' lang='lat' dir='ltr'>Romanos.</span> <span class='ocrx_word' id='word_1_306' title='bbox 960 2458 1110 2499; x_wconf 87' lang='lat' dir='ltr'>Iuncta</span> <span class='ocrx_word' id='word_1_307' title='bbox 1138 2459 1341 2509; x_wconf 85' lang='lat' dir='ltr'>vehicula,</span> <span class='ocrx_word' id='word_1_308' title='bbox 1373 2461 1570 2518; x_wconf 89' lang='lat' dir='ltr'>pleraque</span> <span class='ocrx_word' id='word_1_309' title='bbox 1601 2473 1762 2514; x_wconf 88' lang='lat' dir='ltr'>onusta,</span> 
     </span>
     <span class='ocr_line' id='line_1_41' title="bbox 382 2516 1764 2572; baseline 0.002 -13"><span class='ocrx_word' id='word_1_310' title='bbox 382 2518 497 2559; x_wconf 89' lang='lat' dir='ltr'>mille</span> <span class='ocrx_word' id='word_1_311' title='bbox 519 2517 745 2559; x_wconf 87' lang='lat' dir='ltr'>admodum</span> <span class='ocrx_word' id='word_1_312' title='bbox 767 2516 1000 2572; x_wconf 89' lang='lat' dir='ltr'>capiuntur,</span> <span class='ocrx_word' id='word_1_313' title='bbox 1022 2517 1209 2557; x_wconf 79' lang='lat' dir='ltr'>sexcenti</span> <span class='ocrx_word' id='word_1_314' title='bbox 1230 2517 1358 2558; x_wconf 87' lang='lat' dir='ltr'>ferme</span> <span class='ocrx_word' id='word_1_315' title='bbox 1381 2518 1583 2561; x_wconf 86' lang='lat' dir='ltr'>homines.</span> <span class='ocrx_word' id='word_1_316' title='bbox 1636 2520 1764 2562; x_wconf 87' lang='lat' dir='ltr'>Prae-</span> 
     </span>
     <span class='ocr_line' id='line_1_42' title="bbox 383 2573 1764 2629; baseline 0.003 -13"><span class='ocrx_word' id='word_1_317' title='bbox 383 2576 479 2616; x_wconf 87' lang='lat' dir='ltr'>dam</span> <span class='ocrx_word' id='word_1_318' title='bbox 508 2574 825 2617; x_wconf 86' lang='lat' dir='ltr'>custodiendam</span> <span class='ocrx_word' id='word_1_319' title='bbox 853 2573 1174 2629; x_wconf 87' lang='lat' dir='ltr'>ducendamque</span> <span class='ocrx_word' id='word_1_320' title='bbox 1206 2574 1249 2614; x_wconf 89' lang='lat' dir='ltr'>in</span> <span class='ocrx_word' id='word_1_321' title='bbox 1280 2584 1411 2616; x_wconf 88' lang='lat' dir='ltr'>castra</span> <span class='ocrx_word' id='word_1_322' title='bbox 1441 2578 1636 2619; x_wconf 89' lang='lat' dir='ltr'>trecentis</span> <span class='ocrx_word' id='word_1_323' title='bbox 1659 2577 1764 2620; x_wconf 88' lang='lat' dir='ltr'>Cre-</span> 
     </span>
     <span class='ocr_line' id='line_1_43' title="bbox 383 2631 1766 2691; baseline 0.002 -17"><span class='ocrx_word' id='word_1_324' title='bbox 383 2633 563 2674; x_wconf 87' lang='lat' dir='ltr'>tensium</span> <span class='ocrx_word' id='word_1_325' title='bbox 594 2632 721 2673; x_wconf 90' lang='lat' dir='ltr'>dedit.</span> <span class='ocrx_word' id='word_1_326' title='bbox 785 2631 893 2687; x_wconf 88' lang='lat' dir='ltr'>Ipse,</span> <span class='ocrx_word' id='word_1_327' title='bbox 920 2640 1110 2671; x_wconf 78' lang='lat' dir='ltr'>revocato</span> <span class='ocrx_word' id='word_1_328' title='bbox 1146 2632 1197 2672; x_wconf 89' lang='lat' dir='ltr'>ab</span> <span class='ocrx_word' id='word_1_329' title='bbox 1230 2632 1360 2673; x_wconf 86' lang='lat' dir='ltr'>effusa</span> <span class='ocrx_word' id='word_1_330' title='bbox 1393 2634 1519 2675; x_wconf 91' lang='lat' dir='ltr'>caede</span> <span class='ocrx_word' id='word_1_331' title='bbox 1550 2635 1692 2691; x_wconf 91' lang='lat' dir='ltr'>equite</span> <span class='ocrx_word' id='word_1_332' title='bbox 1722 2644 1766 2677; x_wconf 90' lang='lat' dir='ltr'>et</span> 
     </span>
     <span class='ocr_line' id='line_1_44' title="bbox 382 2688 1765 2747; baseline 0.002 -16"><span class='ocrx_word' id='word_1_333' title='bbox 382 2690 553 2747; x_wconf 89' lang='lat' dir='ltr'>reliquis</span> <span class='ocrx_word' id='word_1_334' title='bbox 591 2689 795 2746; x_wconf 89' lang='lat' dir='ltr'>peditum,</span> <span class='ocrx_word' id='word_1_335' title='bbox 829 2688 945 2729; x_wconf 89' lang='lat' dir='ltr'>ducit</span> <span class='ocrx_word' id='word_1_336' title='bbox 985 2688 1038 2729; x_wconf 85' lang='lat' dir='ltr'>ad</span> <span class='ocrx_word' id='word_1_337' title='bbox 1072 2688 1310 2744; x_wconf 81' lang='lat' dir='ltr'>proximum</span> <span class='ocrx_word' id='word_1_338' title='bbox 1350 2691 1616 2746; x_wconf 85' lang='lat' dir='ltr'>praesidium,</span> <span class='ocrx_word' id='word_1_339' title='bbox 1652 2702 1765 2734; x_wconf 88' lang='lat' dir='ltr'>ratus</span> 
     </span>
    </p>
   </div>
   <div class='ocr_carea' id='block_1_3' title="bbox 384 2801 1764 2928">
    <p class='ocr_par' dir='ltr' id='par_1_6' title="bbox 384 2801 1764 2928">
     <span class='ocr_line' id='line_1_45' title="bbox 429 2801 1764 2843; baseline 0.001 -9"><span class='ocrx_word' id='word_1_340' title='bbox 429 2812 444 2842; x_wconf 87' lang='lat'>7</span> <span class='ocrx_word' id='word_1_341' title='bbox 466 2805 619 2834; x_wconf 67' lang='lat' dir='ltr'>Fascibus</span> <span class='ocrx_word' id='word_1_342' title='bbox 634 2803 843 2840; x_wconf 72' lang='lat' dir='ltr'>desecantem]</span> <span class='ocrx_word' id='word_1_343' title='bbox 869 2812 910 2831; x_wconf 89' lang='lat' dir='ltr'>sc.</span> <span class='ocrx_word' id='word_1_344' title='bbox 926 2802 978 2831; x_wconf 86' lang='lat' dir='ltr'>De</span> <span class='ocrx_word' id='word_1_345' title='bbox 993 2802 1052 2831; x_wconf 81' lang='lat' dir='ltr'>fas-</span> <span class='ocrx_word' id='word_1_346' title='bbox 1097 2802 1200 2831; x_wconf 88' lang='lat' dir='ltr'>multo</span> <span class='ocrx_word' id='word_1_347' title='bbox 1216 2801 1335 2831; x_wconf 75' lang='lat' dir='ltr'>leviore</span> <span class='ocrx_word' id='word_1_348' title='bbox 1350 2813 1446 2842; x_wconf 85' lang='lat' dir='ltr'>opera</span> <span class='ocrx_word' id='word_1_349' title='bbox 1458 2804 1497 2833; x_wconf 89' lang='lat' dir='ltr'>de</span> <span class='ocrx_word' id='word_1_350' title='bbox 1511 2803 1764 2843; x_wconf 82' lang='lat' dir='ltr'>fascibus‚quam</span> 
     </span>
     <span class='ocr_line' id='line_1_46' title="bbox 385 2844 1764 2884; baseline 0.001 -7"><span class='ocrx_word' id='word_1_351' title='bbox 385 2847 484 2883; x_wconf 81' lang='lat' dir='ltr'>cibus,</span> <span class='ocrx_word' id='word_1_352' title='bbox 514 2845 546 2875; x_wconf 90' lang='lat' dir='ltr'>in</span> <span class='ocrx_word' id='word_1_353' title='bbox 573 2856 651 2884; x_wconf 80' lang='lat' dir='ltr'>quos</span> <span class='ocrx_word' id='word_1_354' title='bbox 677 2849 882 2884; x_wconf 84' lang='lat' dir='ltr'>compactum</span> <span class='ocrx_word' id='word_1_355' title='bbox 909 2844 969 2874; x_wconf 90' lang='lat' dir='ltr'>fuit</span> <span class='ocrx_word' id='word_1_356' title='bbox 1000 2845 1051 2874; x_wconf 88' lang='lat' dir='ltr'>de-</span> <span class='ocrx_word' id='word_1_357' title='bbox 1099 2844 1123 2874; x_wconf 89' lang='lat' dir='ltr'>si</span> <span class='ocrx_word' id='word_1_358' title='bbox 1147 2844 1288 2883; x_wconf 84' lang='lat' dir='ltr'>singulae</span> <span class='ocrx_word' id='word_1_359' title='bbox 1305 2845 1502 2884; x_wconf 84' lang='lat' dir='ltr'>colligendae</span> <span class='ocrx_word' id='word_1_360' title='bbox 1518 2846 1662 2884; x_wconf 79' lang='lat' dir='ltr'>fuissent,</span> <span class='ocrx_word' id='word_1_361' title='bbox 1677 2847 1764 2878; x_wconf 83' lang='lat' dir='ltr'>‹lese-</span> 
     </span>
     <span class='ocr_line' id='line_1_47' title="bbox 384 2886 1721 2928; baseline 0.001 -8"><span class='ocrx_word' id='word_1_362' title='bbox 384 2899 522 2920; x_wconf 85' lang='lat' dir='ltr'>messum</span> <span class='ocrx_word' id='word_1_363' title='bbox 543 2889 750 2918; x_wconf 82' lang='lat' dir='ltr'>frumentum.</span> <span class='ocrx_word' id='word_1_364' title='bbox 794 2887 928 2926; x_wconf 80' lang='lat' dir='ltr'>Quippe</span> <span class='ocrx_word' id='word_1_365' title='bbox 951 2886 1054 2926; x_wconf 74' lang='lat' dir='ltr'>spicas</span> <span class='ocrx_word' id='word_1_366' title='bbox 1099 2887 1161 2917; x_wconf 86' lang='lat' dir='ltr'>cari</span> <span class='ocrx_word' id='word_1_367' title='bbox 1178 2887 1318 2926; x_wconf 77' lang='lat' dir='ltr'>potuisse</span> <span class='ocrx_word' id='word_1_368' title='bbox 1333 2888 1427 2918; x_wconf 83' lang='lat' dir='ltr'>facile</span> <span class='ocrx_word' id='word_1_369' title='bbox 1442 2892 1586 2928; x_wconf 83' lang='lat' dir='ltr'>apparet.</span> <span class='ocrx_word' id='word_1_370' title='bbox 1611 2889 1721 2922; x_wconf 75' lang='lat' dir='ltr'>DOER.</span> 
     </span>
    </p>
   </div>
  </div>
 </body>
</html>
