1888 3194
403 171 458 210 60
918 167 1065 209 ΤΙΤΙ
1097 166 1283 211 LIVII

198 271 244 302 U.
261 271 298 315 C.
322 270 393 310 580.
406 265 418 283 ⁶
431 268 474 301 et
493 259 743 300 summoveri
764 274 786 300 e
807 259 921 315 regia
941 273 1085 300 omnes
1106 267 1286 315 coeptos.
1348 256 1459 298 Tum
1490 271 1532 297 se
1561 253 1784 296 amicitiam

198 314 237 345 A.
262 315 300 345 U·
327 321 476 358 ¹7²·‘et
501 317 742 358 societatem
772 317 1042 358 renuntiasse.
1108 316 1205 364 Qua
1224 330 1323 357 voce
1349 329 1446 356 eum
1474 327 1693 355 accensum
1719 325 1790 354 re-.

409 375 599 424 ‘stitisse,
621 376 746 430 atque
767 389 867 415 voce
899 373 1007 415 clara
1027 373 1293 414 denuntiasse
1315 372 1405 421 sibi,
1427 380 1474 412 ut
1501 370 1639 412 triduo
1666 367 1786 424 regni

409 432 498 473 ‘sui
533 431 786 473 decederent
820 431 983 472 finibus.
1046 431 1111 472 Ita
1140 446 1182 472 se
1218 430 1446 486 profectos:
1484 443 1562 469 nec
1593 427 1683 476 sibi,
1715 432 1787 466 aut

409 490 710 538 ‘venientibus,
747 497 819 529 aut
853 489 1129 537 manentibus,
1164 488 1388 543 quicquain
1423 485 1682 542 hospitaliter
1716 490 1788 524 aut

410 553 422 571 ⁶
435 547 615 603 benigne
636 546 818 587 factum?
866 545 1056 587 Thessali
1077 545 1229 586 deinde
1247 544 1474 599 Aetolique
1494 542 1620 598 legati
1641 539 1785 582 auditi.

413 604 598 653 Senatui,
631 613 678 645 ut
707 603 859 644 scirent
889 618 1014 658 quam
1046 603 1239 658 primum,
1272 601 1423 657 quibus
1454 600 1630 641 ducibus
1663 611 1789 639 usura

409 661 642 717 respublica
676 670 795 710 esset,
826 660 965 701 literas
997 660 1106 701 mitti
1142 659 1379 700 consulibus
1410 657 1579 714 placuit,
1611 665 1670 706 ut,
1696 664 1790 696 uter

266 727 331 765 26.
410 734 555 760 eorum
590 727 741 774 posset,
780 718 959 759 Romam
996 717 1050 758 ad
1084 717 1346 772 magistratus
1381 714 1580 756 creandos
1613 713 1786 754 veniret.

412 775 533 817 Nihil
564 790 828 831 magnopere,
851 774 965 830 quod
996 773 1215 814 memorari
1240 773 1427 821 attineat,
1448 772 1509 812 rei
1528 770 1718 827 publicae
1739 784 1789 810 eo

410 848 521 874 anno
551 832 742 873 consules
770 841 992 887 gesserant.
1055 830 1195 886 Magis
1225 845 1247 871 e
1277 829 1491 885 republica
1520 829 1655 870 visum
1689 836 1789 876 erat,

410 890 629 946 comprimi
651 904 698 930 ac
719 889 853 930 sedari
874 897 1135 944 exasperatos
1155 887 1345 943 Ligures.

204 960 341 991 Gentius
358 961 399 990 ab
472 946 614 995 Quum
658 946 983 987 Macedonicum
1022 945 1180 987 bellum
1220 952 1541 1001 exspectaretur,
1586 941 1791 984 Gentium

206 1003 382 1051 Issensibns
411 1020 580 1061 quoque
610 1003 847 1061 Illyriorum
877 1018 1019 1059 regem
1048 1011 1286 1059 suspectum
1317 1001 1498 1043 Issenses
1527 1000 1653 1057 legati
1682 999 1792 1040 fece-

203 1046 394 1118 ἒξὲῗὲιῗαῖἲ
412 1070 534 1103 runt:
573 1061 694 1103 simul
727 1061 875 1117 questi,
907 1062 1011 1102 fines
1041 1076 1135 1101 suos
1165 1059 1349 1101 secundo
1380 1058 1637 1116 populatum,
1669 1055 1793 1098 simul

411 1119 665 1169 nuntiantes,
694 1124 704 1142 ⁶
722 1134 807 1160 uno
828 1119 977 1160 >animo
1009 1118 1143 1159 vivere
1166 1116 1451 1158 Macedonum
1481 1125 1607 1172 atque
1629 1114 1793 1171 Illyrio-

413 1183 532 1218 ⁶rum
562 1192 729 1232 regem:
763 1176 975 1217 communi
1006 1175 1177 1216 consilio
1207 1190 1350 1231 parare
1374 1174 1578 1215 Romanis
1606 1172 1789 1214 bellum:

414 1241 483 1276 ‘et
522 1235 659 1291 specie
700 1234 931 1290 legatorum
967 1233 1131 1290 Illyrios
1171 1232 1448 1289 speculatores
1489 1231 1650 1272 Romae
1691 1243 1792 1278 esse,

415 1292 567 1333 ‘Perse
599 1300 766 1333 auctore
797 1291 953 1340 missos,
977 1300 1035 1340 ut,
1058 1290 1162 1346 qnid
1191 1300 1394 1346 ageretur,
1424 1288 1602 1330 scirent.’
1662 1285 1825 1344 Illyrii7

413 1350 548 1391 vocati
574 1349 619 1389 in
646 1359 848 1390 senatum.
915 1348 1001 1396 Qui
1029 1363 1160 1404 quum
1187 1347 1343 1404 legatos
1374 1362 1416 1387 se
1449 1361 1535 1387 esse
1569 1345 1713 1386 missos
1742 1343 1794 1384 ab

413 1423 510 1463 rege
532 1407 723 1448 dicerent
741 1406 793 1448 ad
813 1406 1030 1462 purganda
1050 1405 1236 1455 crimina,
1259 1405 1292 1445 si
1314 1419 1397 1460 qua
1417 1403 1469 1445 de
1495 1418 1591 1459 rege
1614 1402 1795 1443 Issenses

413 1465 646 1513 deferrent3
681 1465 928 1520 quaesitum,
944 1463 1096 1519 ecquid
1117 1463 1175 1503 ita
1189 1478 1275 1504 non
1292 1462 1473 1503 adissent
1494 1460 1792 1516 magistratum,

415 1531 462 1563 ut
492 1538 545 1563 ex
576 1521 767 1563 instituto
797 1521 900 1572 loca,
932 1521 1071 1570 lautia,
1104 1520 1370 1576 acciperent?
1409 1519 1582 1560 sciretur
1611 1516 1826 1572 deniquess

415 1580 575 1621 venisse
601 1594 683 1629 eOS,
707 1588 749 1620 et
776 1594 899 1635 super
920 1594 1004 1634 qua
1032 1594 1076 1619 re
1106 1577 1345 1618 venissent?
1406 1574 1722 1616 Haesitantibus
1751 1573 1797 1613 in

415 1652 626 1693 responso,
656 1646 702 1677 ut
733 1637 847 1677 curia
882 1636 1146 1684 excederent,
1175 1635 1347 1676 dictum.
1410 1633 1676 1689 Responsum
1706 1639 1797 1672 tan-

416 1709 542 1750 quam
567 1693 726 1750 legatis,
749 1703 795 1734 ut
816 1694 889 1749 qui
919 1693 1032 1734 adire
1061 1703 1250 1733 senatum
1281 1706 1366 1732 non
1396 1690 1685 1747 postulassent,
1707 1687 1828 1734 dari9

415 1767 502 1793 non
532 1751 711 1807 placuit:
749 1751 1059 1806 mittendosque
1091 1750 1144 1791 ad
1174 1765 1315 1805 regem
1345 1748 1501 1804 legatos
1531 1754 1795 1795 censuerunt,

415 1809 489 1865 qui
519 1809 774 1858 nuntiarent,
799 1808 896 1864 ‘qui
923 1808 1023 1849 socii
1044 1816 1319 1863 quererentur
1348 1805 1460 1862 apud
1489 1814 1692 1854 senatum,
1723 1817 1825 1844 ex-1

417 1873 428 1890 ⁶
447 1875 585 1908 ustum
621 1882 642 1907 a
674 1866 770 1922 re'gc
803 1881 973 1921 agrum:
1012 1880 1097 1905 non
1128 1876 1309 1919 aequum
1339 1878 1436 1904 eum
1465 1862 1612 1911 facere,
1642 1860 1715 1916 qui
1745 1860 1797 1901 ab

418 1929 430 1948 ⁶
445 1924 565 1965 sociis
586 1923 668 1964 suis
689 1938 775 1964 non
796 1923 1020 1963 abstineret
1048 1921 1267 1962 iniuriam.’
1326 1919 1378 1961 In
1408 1920 1516 1960 hanc
1546 1919 1798 1975 legationem

207 1991 320 2032 Legati
336 2002 375 2022 ex
416 1981 542 2030 missi,
566 1981 619 2021 A.
636 1979 861 2020 Terentius
879 1979 1026 2028 Varro,
1052 1978 1102 2019 C.
1119 1977 1364 2026 Plaetorius,
1390 1976 1438 2017 C.
1458 1976 1683 2017 Cicereius.
1730 1974 1798 2016 Ex

207 2035 344 2065 Asiaro-
417 2038 532 2087 Asia,
561 2037 635 2093 qui
666 2037 775 2077 circa
804 2036 935 2077 socios
965 2051 1081 2091 reges
1114 2035 1227 2076 missi
1257 2043 1385 2083 erant,
1414 2034 1630 2075 redierunt
1658 2032 1796 2089 legati,

207 2079 313 2108 duces.
417 2095 490 2150 qui
521 2094 825 2143 renuntiarunt,
851 2099 862 2117 ⁶
880 2093 1114 2134 Eumenem
1145 2092 1190 2132 in
1218 2107 1279 2141 ca,
1302 2091 1562 2132 Antiochum
1590 2091 1635 2131 in
1665 2089 1828 2147 Syria,2

418 2151 732 2194 ‘Ptolemaeum
753 2151 796 2191 in
819 2150 1077 2191 Alexandria
1103 2164 1190 2190 sese
1220 2149 1472 2190 convenisse.
1538 2148 1698 2190 Omnes
1717 2146 1799 2188 sol-

419 2209 621 2250 ‘licitatos
651 2208 926 2264 legationibus
957 2207 1111 2256 Persei,
1143 2207 1216 2248 sed
1248 2206 1412 2262 egregie
1443 2206 1488 2247 in
1518 2206 1601 2247 fide
1636 2220 1798 2262 perma-

420 2273 431 2291 ⁶
446 2282 560 2317 nere,
591 2266 880 2322 pollicitosque
912 2265 1063 2314 omnia,
1086 2279 1193 2319 quae
1219 2263 1398 2320 populus
1420 2263 1636 2305 Romanus
1666 2263 1799 2318 impe-

420 2331 583 2374 ‘rasset,
617 2332 904 2379 praestaturos.
975 2321 1030 2362 Et
1061 2321 1248 2362 civitates
1278 2321 1407 2362 socias
1439 2321 1597 2362 adisse:
1641 2330 1799 2362 ceteras

422 2382 540 2422 ‘satis
571 2381 697 2430 fidas3
732 2380 837 2421 solos
867 2379 1056 2420 Rhodios
1086 2379 1333 2419 fluctuantes
1366 2388 1407 2419 et
1442 2379 1624 2420 imbutos
1655 2376 1800 2419 Persei

422 2438 626 2480 ‘consiliis
647 2437 880 2478 invenisse.’
938 2436 1154 2477 Venerant
1177 2436 1334 2477 Rhodii
1355 2435 1481 2492 legati
1505 2436 1559 2476 ad
1583 2434 1800 2492 purganda

420 2512 480 2546 ea,
503 2512 609 2552 quac
631 2495 756 2551 vulgo
785 2494 929 2535 iactari
957 2493 1008 2534 dc
1038 2493 1203 2534 civitate
1229 2493 1438 2534 sciebant:
1472 2502 1657 2534 ceterum
1681 2506 1800 2533 sena-

420 2564 509 2595 tum
546 2554 593 2594 iis
629 2553 731 2602 dari,
766 2567 896 2608 quum
932 2551 1030 2592 novi
1066 2550 1255 2592 consules
1292 2551 1577 2606 magistratum
1611 2550 1798 2599 inissent,

419 2611 587 2667 placuit.

466 2759 480 2792 7
506 2753 604 2783 Perse
619 2753 764 2790 auclore]
797 2751 938 2782 Priscam
955 2751 1086 2791 scriptu·
1174 2761 1193 2791 9
1214 2753 1255 2782 Ut
1267 2752 1338 2791 qui]
1352 2750 1531 2782 Crevierius
1542 2749 1669 2780 coniicit
1679 2751 1800 2790 iis,qui.

421 2805 487 2825 ram
512 2796 612 2825 Perse
637 2794 800 2824 revocavit
822 2793 1002 2824 Gronovius
1032 2804 1087 2833 pro
1178 2803 1189 2823 1
1219 2795 1282 2831 Qui
1298 2795 1373 2823 socii
1389 2794 1617 2833 quererentur]
1641 2794 1742 2830 Quod,
1757 2803 1800 2824 sc.

421 2840 550 2875 Perseo,
566 2837 650 2876 quod
674 2847 713 2866 cx
734 2837 772 2867 cd
789 2836 937 2868 Curionis
958 2836 1085 2876 irrcpsc-
1131 2836 1294 2875 quoniam,
1313 2837 1387 2866 socii
1413 2839 1635 2874 quererentur,
1651 2835 1800 2866 emenda-

421 2884 479 2910 rat.
1132 2878 1176 2909 vit
1193 2879 1333 2909 Gronov.
1350 2881 1382 2908 et
1400 2878 1567 2908 Bekkerus
1583 2878 1706 2917 probat.

464 2924 482 2951 8
506 2924 599 2960 Loca,
614 2923 734 2959 lautia]
762 2922 800 2952 cf.
812 2922 904 2961 Snpr.
917 2921 1024 2953 xxviii.
1037 2931 1085 2962 39.
1176 2931 1191 2950 2
1214 2922 1388 2952 Eumenem
1406 2922 1440 2951 in
1456 2922 1510 2959 ea]
1537 2930 1579 2951 se.
1598 2920 1638 2950 In
1654 2920 1740 2951 Asia.
