1888 3194
582 171 709 214 LIB.
742 171 884 214 XLV.
926 172 1060 215 CAP.
1095 178 1162 217 25.

1491 180 1570 220 199

146 284 159 305 1
234 263 476 308 Secundum
506 262 631 304 talem
652 263 884 305 orationem
905 263 1088 305 universi
1110 279 1251 306 rursus
1280 264 1563 321 prociderunt,
1581 277 1625 309 U.
1642 277 1671 309 C
1704 288 1721 318 5
1746 287 1763 318 5

172 336 392 378 ramosque
420 320 537 362 oleae
568 320 777 376 supplices
807 320 1021 370 iactantes,
1044 321 1215 363 tandem
1241 322 1426 371 excitati,
1449 324 1565 364 curia
1581 320 1617 351 A.
1641 321 1669 351 C

513 377 554 418 T
557 393 639 419 une
679 378 911 419 sententiae
951 378 1198 435 interrogari
1237 387 1423 436 coeptae.

172 386 451 421 excesserunt.

1492 379 1564 420 In-

169 435 380 478 festissimi
402 434 583 476 Rhodiis
603 444 735 485 erant,
752 435 826 491 qui
848 435 1040 477 consules
1060 445 1323 492 praetoresve
1345 445 1417 478 aut
1439 435 1565 493 legati

169 501 384 550 gesserant
404 492 449 533 in
471 491 728 534 Macedonia
747 491 917 534 bellum.
972 492 1208 534 Plurimum
1229 509 1397 536 causam
1418 508 1564 535 eorum

169 550 331 592 adiuvit
359 549 421 591 M.
441 549 615 591 Porcius
645 548 782 600 Cat03
815 550 902 606 qui,
934 565 1055 606 asper
1084 551 1270 607 ingenio,
1302 560 1392 592 tum
1424 550 1563 592 lenem

139 607 400 664 2mitemque
431 616 666 649 senatorem
691 607 789 664 egit.

852 606 955 649 Non
985 609 1165 650 inseram
1197 608 1466 650 simulacrum
1487 608 1565 649 viri

139 665 342 722 3copiosi,
371 680 479 721 quae
507 664 674 714 dixerit,
702 664 949 706 referendo:
982 665 1113 721 ipsius
1143 666 1276 707 oratio
1306 666 1460 722 scripta
1489 680 1564 707 ex-

169 731 263 773 stat,
294 722 520 780 Originum
554 722 704 779 quinto
734 722 840 765 libro
871 722 1042 764 inclusa.

169 780 229 822 ita
253 780 468 822 redditum
491 789 567 830 est,
589 788 636 821 ut
656 795 735 822 nec
755 779 896 821 hostes
916 780 1079 830 fierent,
1102 796 1181 822 nec
1211 781 1309 823 socii
1342 796 1564 837 permane-

137 847 275 889 4rent.
337 837 598 879 Philocrates
618 846 661 878 et
683 837 937 894 Astymedes
957 838 1168 894 principes
1188 838 1409 895 legationis
1429 848 1560 880 erant.
1574 857 1698 887 datum.

170 896 340 938 Partem
381 910 479 937 eum
515 894 753 936 Philocrate
789 895 1029 937 renuntiare
1066 895 1268 937 Rhodum
1309 895 1565 952 legationem

169 952 340 1010 placuit,
377 962 538 1009 partem
575 967 671 993 cum
705 952 938 1009 Astymede
972 953 1135 994 Romae
1171 953 1407 1003 subsistere,
1439 968 1566 1010 quae,

139 1025 278 1067 5quae
299 1020 537 1066 agerentur,
559 1010 696 1059 sciret,
719 1010 1000 1066 certioresque
1026 1025 1122 1052 suos
1141 1011 1309 1052 faceret.
1373 1010 1424 1052 In
1444 1026 1565 1067 prae-

169 1067 304 1109 sentia
343 1066 549 1124 praesidia
592 1066 802 1108 deducere
848 1076 946 1108 ante
994 1077 1151 1109 certam
1192 1068 1305 1109 diem
1341 1083 1394 1109 ex
1431 1068 1566 1125 Lycia

136 1124 383 1180 6Cariaque
419 1124 628 1165 iusserunt
661 1123 904 1180 praefectos.

969 1123 1089 1166 Haec
1118 1125 1323 1166 Rhodum
1356 1126 1562 1167 nuntiata.

172 1181 294 1230 Quae
314 1196 391 1238 per
410 1196 453 1223 se
475 1181 610 1222 tristia
629 1180 818 1230 fuissent,
841 1181 941 1237 quia
967 1181 1134 1223 maioris
1164 1182 1263 1223 mali
1294 1181 1454 1223 levatus
1475 1191 1565 1224 erat

168 1239 306 1289 timor,
324 1254 455 1295 quum
478 1238 636 1280 bellum
658 1238 908 1288 timuissent,
926 1238 971 1279 in
991 1239 1193 1295 gaudium
1215 1240 1454 1281 renuntiata
1474 1255 1565 1281 ver-

139 1305 323 1348 7terunt.
388 1296 537 1353 Itaque
563 1295 779 1352 extemplo
806 1311 1004 1338 coronam
1025 1297 1174 1352 viginti
1207 1297 1385 1338 millium
1417 1312 1566 1339 aureo·
1578 1305 1701 1337 Rhodii
1718 1316 1766 1337 so-

137 1369 261 1405 grum
281 1354 581 1396 decreverunt:
616 1353 912 1404 Theaetetnm,
934 1355 1192 1411 praefectum
1224 1354 1376 1405 classis,
1399 1355 1443 1395 in
1471 1369 1567 1396 eam

167 1412 420 1469 legationem
443 1412 658 1454 miserunt.
715 1410 970 1453 Societatem
992 1412 1044 1453 ab
1067 1411 1270 1454 Romanis
1292 1412 1350 1454 ita
1369 1412 1564 1454 volebant

137 1470 269 1526 9peti‚
300 1478 349 1511 ut
378 1469 542 1511 nullum
573 1469 626 1510 de
657 1484 707 1510 ea
736 1483 780 1510 re
817 1469 969 1511 scitum
1002 1469 1147 1526 populi
1178 1470 1299 1512 fieret
1334 1479 1407 1512 aut
1437 1469 1569 1512 literis

142 1550 153 1572 1
170 1527 460 1569 mandaretur:

171 1584 302 1626 minia
330 1593 448 1626 esset.

525 1526 622 1576 uod,
644 1526 725 1568 nisi
756 1527 1041 1583 impetrarent,
1064 1527 1196 1569 maior
1215 1543 1240 1569 a
1260 1527 1427 1585 repulsa
1448 1528 1568 1585 igno-

549 1584 719 1625 raefeeti
749 1584 889 1626 classis
919 1584 964 1625 id
995 1585 1120 1626 unius
1150 1595 1239 1627 erat
1266 1585 1343 1635 ius,
1367 1594 1413 1627 ut
1443 1601 1567 1643 agere

170 1642 224 1684 de
245 1657 295 1684 ea
314 1657 358 1683 re
380 1642 469 1683 sine
491 1641 707 1697 rogatione
738 1641 823 1682 ulla
852 1641 1012 1698 perlata
1041 1651 1192 1698 posset.

1259 1642 1372 1684 Nam
1404 1643 1462 1684 ita
1491 1658 1567 1699 per

172 1709 234 1741 tot
269 1715 401 1741 annos
438 1699 481 1740 in
515 1699 698 1740 amicitia
724 1698 902 1748 fuerant,
936 1708 983 1740 ut
1017 1699 1159 1740 sociali
1195 1699 1363 1741 foedere
1394 1715 1437 1742 se
1468 1715 1565 1742 cum

173 1757 378 1799 Romanis
410 1772 494 1798 non
533 1756 742 1812 illigarent
779 1757 832 1797 ob
866 1755 1024 1797 nullam
1066 1756 1190 1798 aliam
1226 1772 1407 1807 causam,
1439 1772 1567 1813 quam

141 1840 157 1861 2
172 1829 226 1857 ne
253 1829 370 1871 spem
392 1814 560 1871 regibus
582 1813 845 1855 absciderent
867 1813 1009 1855 auxilii
1035 1814 1111 1864 sui,
1135 1815 1168 1856 si
1191 1814 1295 1871 quid
1317 1830 1423 1871 opus
1444 1824 1568 1866 esset,

217 1997 228 2019 1
247 1988 430 2019 Secundum
443 1988 537 2019 talem
550 1987 742 2024 orationem]
764 1986 848 2017 Lon—

168 2040 208 2071 ge
217 2030 373 2061 diversam
386 2030 499 2060 habuit
510 2029 686 2060 orationem
700 2030 847 2068 Astyme-

170 2073 237 2110 des,
249 2083 344 2112 quam
362 2072 498 2103 edidisse
514 2082 587 2103 eum
605 2071 637 2102 in
656 2071 770 2110 vulgus
786 2076 846 2101 tra-

170 2115 218 2147 dit
238 2115 401 2156 Polybius,
419 2116 495 2155 Leg.
512 2125 589 2146 xxx.
607 2126 636 2152 4.
654 2114 709 2153 qui
730 2118 762 2144 et
785 2114 847 2145 hoc

169 2158 354 2199 gravissime
369 2158 586 2198 reprehendit,
596 2158 682 2197 quod
697 2157 848 2188 Rhodius

171 2205 277 2232 orator
300 2201 345 2232 ita
369 2211 442 2231 suos
469 2201 603 2231 liberare
629 2201 727 2239 culpa
754 2210 846 2230 cona-

171 2247 270 2283 retur,
293 2247 329 2274 ut
356 2243 498 2275 Graecos
524 2247 646 2274 ceteros
671 2246 847 2274 accusaret.

171 2286 279 2319 Ciu-zv.

217 2338 233 2360 2
256 2331 333 2361 Non
349 2329 506 2367 inseram]
538 2328 613 2359 Non
632 2328 768 2359 inseram
785 2328 847 2358 hoc

172 2371 244 2402 loeo
259 2371 430 2412 imaginem
453 2372 678 2402 adumbratam
695 2371 847 2409 eloquen-

171 2413 236 2445 tiae
248 2415 395 2451 Catonis,
406 2414 574 2445 scribendo
587 2413 764 2444 orationem
778 2418 846 2444 tan-

172 2467 268 2497 quam
285 2458 326 2488 ab
343 2457 400 2488 illo
417 2457 572 2488 habitam.
596 2457 704 2488 Cum.

216 2509 234 2539 3
252 2501 360 2540 Ιρείαε
376 2501 478 2531 oratio
492 2501 613 2539 scripta
629 2498 749 2539 ars-eat]
770 2498 849 2529 Eius

174 2542 326 2573 orationis
352 2544 455 2573 multa
479 2542 587 2582 capita
611 2543 716 2579 refert,
739 2545 771 2572 ct
795 2542 848 2572 dtu

174 2584 276 2616 fendit
301 2586 453 2616 adversus
478 2585 631 2616 Tironem
658 2586 695 2615 A.
720 2584 850 2616 Gellius

175 2627 227 2658 vii.
245 2637 273 2667 3.
297 2629 403 2659 szv.

216 2682 236 2708 4
261 2671 460 2702 Philocrates
478 2675 508 2701 ct
523 2671 707 2710 Astymedes
726 2671 847 2710 princi-

171 2723 230 2752 pe!
244 2713 429 2752 leyationin]
462 2713 637 2753 Duplicem
656 2713 848 2750 legationem

175 2764 194 2784 n
218 2755 355 2785 Rhodiis
382 2756 508 2786 mis-mm
541 2767 608 2786 esse
634 2755 729 2785 docet
757 2755 849 2795 Poly-

177 2796 247 2827 bius
270 2797 345 2828 ibid.
367 2808 501 2837 quarum
529 2798 662 2829 ulterius
691 2798 850 2828 Philocra-

176 2842 237 2910 ἴδε,
251 2839 384 2870 alterius
401 2841 592 2881 Astymedes
609 2841 758 2881 prinecps
773 2845 850 2872 erut.

209 2888 283 2912 REV-

222 2931 238 2961 5
263 2925 365 2961 Quum,
379 2935 462 2964 quac
484 2931 660 2965 aycrculur
685 2949 691 2956 .
709 2949 716 2957 .
734 2950 740 2957 .
758 2927 849 2965 finec-

892 1984 956 2025 ret]
984 1986 1036 2017 Ita
1052 1986 1199 2026 Sigonius
1215 1987 1400 2018 emendavit
1416 1998 1515 2028 quum
1537 1988 1570 2019 in

894 2029 978 2069 vulg.
995 2029 1067 2059 edd.
1087 2029 1172 2069 prior
1191 2041 1275 2070 quae
1296 2031 1467 2062 exsularet.
1517 2033 1571 2068 Ut,

891 2082 975 2112 qnae
987 2071 1133 2103 Clericus
1146 2085 1153 2109 3
1168 2074 1237 2113 qui,
1251 2084 1336 2113 quae
1351 2096 1358 2104 .
1375 2097 1383 2104 .
1401 2075 1571 2112 .sacerent

893 2114 1077 2145 Gronovius
1091 2116 1313 2154 reponendum
1333 2116 1458 2154 suadet,
1473 2127 1570 2156 quem

891 2161 1056 2188 auctorem
1073 2162 1201 2188 secutus
1216 2162 1264 2188 est
1281 2158 1422 2190 Bekker.

935 2198 955 2231 6
978 2201 1166 2238 Iusseram]
1197 2201 1310 2232 Patres
1326 2200 1478 2232 Romani.

938 2249 954 2281 7
987 2244 1106 2282 Viyt‘nti
1143 2244 1297 2282 millium]
1350 2243 1429 2274 Ἀπὸ
1456 2243 1570 2284 μυρίων

892 2286 1019 2324 χρυσῶν
1037 2286 1151 2326 Polyb.
1169 2296 1246 2317 xxx.
1264 2295 1292 2324 5.
1309 2286 1450 2318 exhibet.

940 2328 959 2357 8
991 2329 1212 2367 Theaetetum]
1260 2329 1353 2360 Haec
1384 2329 1570 2360 emendatio

893 2381 950 2410 pro
968 2371 1052 2411 vulg.
1071 2372 1273 2409 Theodotum,
1289 2382 1328 2402 cx
1348 2372 1486 2412 Polybio
1502 2378 1559 2404 est.

935 2423 955 2454 9
983 2415 1024 2444 Ut
1049 2415 1172 2444 nullum
1200 2415 1239 2444 de
1263 2425 1302 2445 ca
1322 2426 1358 2445 re
1380 2417 1492 2445 scitum
1516 2427 1570 2454 ρυ-

891 2455 979 2496 puli]
998 2467 1041 2487 sc.
1055 2456 1186 2487 Rhodii.
1215 2456 1290 2495 δίχα
1301 2457 1358 2487 τοῦ
1369 2456 1570 2496 ψηφίσματος

893 2498 942 2529 καὶ
959 2498 1127 2538 πρεσβείας
1146 2500 1259 2539 Polyb.
1278 2510 1353 2531 xxx.
1372 2508 1400 2538 5.
1416 2500 1535 2531 scribit.

941 2551 951 2572 1
979 2543 1081 2579 Quod,
1098 2543 1160 2571 nisi
1176 2542 1403 2583 impetrarent]
1429 2543 1531 2579 Quia,
1546 2543 1569 2572 ai

894 2594 957 2614 non
985 2586 1207 2624 impetrarent,
1233 2590 1401 2624 postquam
1432 2587 1573 2625 populus

894 2631 925 2657 ct
956 2627 1105 2657 universa
1134 2627 1247 2657 civitas
1278 2627 1307 2657 id
1341 2629 1571 2668 postulandum

894 2669 1065 2707 decresset,
1078 2669 1180 2700 maior
1196 2670 1370 2709 ignominia
1382 2672 1488 2701 futuru
1505 2675 1571 2700 emt

896 2713 1042 2752 repulsis,
1069 2723 1166 2752 quam
1198 2713 1222 2742 si
1255 2714 1435 2752 praefectus
1465 2713 1574 2743 cla-tais

897 2754 926 2785 id
944 2755 1032 2795 quusi
1050 2766 1107 2785 suo
1125 2755 1255 2785 nominc
1280 2761 1387 2795 petere
1406 2756 1573 2786 rideretur.

897 2798 1002 2829 Cicer.

941 2850 957 2870 2
981 2842 1016 2871 Sa·
1032 2841 1111 2881 quid
1123 2851 1204 2880 opus
1218 2839 1314 2880 esset]
1344 2842 1379 2871 Si
1402 2842 1455 2872 cui
1480 2841 1574 2878 vulgo

897 2882 1021 2920 legitur.
1071 2885 1107 2913 Si
1133 2895 1195 2923 quo
1224 2883 1393 2914 Bekkerus
1423 2883 1574 2922 reposuit.

898 2925 1020 2956 Verum
1045 2935 1163 2965 operae
1185 2929 1234 2955 cst
1258 2926 1410 2964 pretium,
1432 2924 1573 2956 Rhodio-

1673 302 1681 308 .
1724 278 1776 310 8.

1673 320 1775 374 2167.

1641 365 1707 403 20.

1109 723 1286 765 Rhodiis
1316 738 1562 780 responsum
1577 727 1775 758 Rhodiisan-

1575 781 1652 810 ceps
1667 780 1712 801 re-

1574 823 1728 853 sponsum

1577 1349 1728 1380 cietatem
1744 1359 1764 1379 a

1579 1393 1676 1423 Rom.
1694 1401 1746 1431 pe-

1578 1438 1662 1465 tunt.
