1888 3194
333 191 415 229 382

827 190 1237 234 PRAEFATIO

332 295 436 336 urbe
454 296 610 346 Roma,
632 310 721 352 cap.
746 299 816 339 24.
847 297 896 339 T.
914 298 1220 353 Sempronium,
1244 295 1360 353 quod
1386 310 1439 338 ex
1468 294 1534 337 ed.
1559 293 1663 338 Ern.
1684 294 1730 336 in

330 362 430 404 alias
442 372 717 421 propagatum
731 373 805 415 est,
820 380 895 421 pro
916 366 981 407 Ti.
993 366 1298 422 Sempronium,
1313 373 1356 406 et
1369 364 1464 406 Lib.
1482 363 1729 406 XXXVII.

332 434 370 472 3.
395 447 422 474 a
444 433 705 484 Ptolemaeo,
727 433 842 489 quod
863 434 1011 475 itidem
1042 448 1095 474 ex
1127 433 1192 474 ed.
1225 432 1326 474 Ern.
1350 433 1394 474 in
1423 432 1523 474 alias
1551 439 1614 473 est
1634 445 1732 487 pro-

329 507 541 556 pagatum,
564 515 641 556 pro
663 502 718 543 ab
740 502 990 543 Ptolemaeo
1014 516 1234 557 perperam
1262 501 1411 557 reponi
1439 515 1582 557 passus
1610 504 1728 541 est19.

330 567 451 609 Haec
474 576 616 609 tamen
637 568 794 610 leviora
820 577 944 609 sunt:
978 568 1084 609 illud
1112 568 1247 609 multo
1274 569 1453 624 gravius,
1477 567 1593 624 quod
1615 566 1729 608 Bek-

327 635 465 686 kerus,
484 636 752 692 quantumvis
773 636 854 677 hoc
873 644 1067 692 proterve
1089 637 1317 691 negaverit,
1340 637 1569 693 scripturae
1591 635 1729 677 diver-

328 704 495 745 sitatem
531 719 555 744 a
593 703 792 745 Goellero
829 719 883 745 ex
919 703 1065 744 codice
1103 703 1406 760 Bambergensi
1445 702 1728 760 negligentius

328 779 537 812 enotatam
567 771 859 827 imprudenter
886 771 1044 827 ubique
1073 771 1207 827 sequi,
1230 787 1357 828 quam
1379 787 1433 813 ex
1454 773 1544 828 ipso
1565 772 1725 822 codice,

327 854 454 895 quem
476 839 529 880 ad
550 854 723 880 manum
747 839 941 889 habebat,
964 854 1063 881 vera
1090 855 1342 896 cognoscere
1372 840 1532 882 maluit.

1598 839 1728 888 Quod

326 922 379 948 ne
413 916 570 949 temere
601 907 756 949 dixisse
787 908 932 950 videar
964 917 1007 950 et
1039 908 1084 949 in
1117 908 1432 950 obtrectationis
1464 923 1512 950 ac
1545 907 1729 950 malevo-

326 975 479 1017 lentiae
513 976 886 1033 reprehensionem
921 977 1145 1027 incurram,
1179 977 1344 1034 potiora
1378 976 1539 1028 saltem,
1573 976 1727 1033 quibus

373 1165 410 1197 ¹9
434 1155 605 1186 Nonnulla
629 1158 752 1194 tamen,
774 1166 816 1187 ne
839 1155 917 1196 quid
942 1155 1003 1187 dis-

325 1197 486 1236 simulem,
502 1208 542 1228 ex
563 1198 613 1229 his
631 1198 714 1229 vitiis
729 1209 750 1229 a
767 1199 919 1229 Bekkero
939 1209 1004 1230 non

325 1240 460 1271 sublatis
481 1240 611 1280 aliaque
633 1240 777 1272 eiusdem
794 1241 859 1272 fere
879 1241 1004 1281 generis

325 1283 357 1313 in
375 1286 594 1323 stereotypam
611 1293 751 1323 quoque,
767 1294 864 1323 quam
880 1283 1002 1324 paravi,

326 1325 411 1356 Livii
442 1326 618 1356 editionem
652 1325 861 1366 irrepserunt.
907 1327 1002 1357 Haec

324 1367 370 1399 ita
397 1368 528 1408 corrige,
555 1371 591 1398 ut
618 1368 738 1399 scribas
771 1368 842 1400 Lib.
872 1369 1000 1400 XXII.

326 1420 377 1450 23.
415 1412 585 1450 recepisset
624 1421 682 1450 pro
717 1412 893 1450 recipisset,
930 1411 1000 1443 Lib.

326 1453 476 1485 XXIII.
498 1451 544 1484 16.
567 1454 603 1483 in
624 1464 662 1484 ea
683 1454 927 1492 impetusfieret
943 1463 1001 1492 pro

324 1497 361 1526 in
376 1506 411 1527 eo
426 1496 681 1534 impetusfieret,
698 1495 770 1526 Lib.
789 1495 931 1526 XXIV.
952 1505 1000 1527 10.

323 1549 364 1569 ea*
390 1538 597 1577 praetoribus
635 1547 692 1577 pro
726 1542 756 1568 et
782 1538 1000 1576 praetoribus,

324 1590 396 1620 cap.
412 1589 461 1610 21.
478 1590 575 1620 quam
591 1590 649 1619 pro
665 1590 773 1620 qnam,
787 1580 859 1610 Lib.
874 1580 999 1611 XXX.

325 1621 375 1662 36.
389 1623 536 1653 venirent
549 1632 606 1661 pro
620 1624 755 1660 veniret,
768 1622 839 1653 Lib.
852 1622 998 1654 XXXI.

324 1665 581 1746 exista}
602 1665 999 1746 gaainanai-

990 1730 999 1745 2

323 1759 394 1789 cap.
406 1759 457 1789 45.
468 1754 556 1786 arte,·
574 1754 723 1789 proarte,
735 1749 806 1780 Lib.
816 1750 999 1781 XXXIV.

323 1800 376 1842 45.
402 1793 450 1822 Ti.
473 1793 681 1832 Sempronius
707 1802 766 1832 pro
796 1793 829 1823 T.
852 1793 999 1832 Sempro-

322 1836 410 1872 nius,
434 1833 506 1866 Lib.
533 1835 694 1866 XXXV.
718 1842 745 1874 7.
774 1836 916 1866 Toletum
941 1845 999 1874 pro

325 1878 488 1915 Toledum,
509 1887 580 1917 cap.
601 1886 648 1908 ιο.
672 1878 786 1908 Paulli
811 1887 869 1917 pro
884 1878 999 1916 Pauli,

324 1930 394 1959 cap.
419 1920 471 1957 48.
495 1921 696 1959 eoeprobrans
720 1930 778 1960 pro
805 1920 999 1959 eoeprobans,

323 1961 395 1993 Lib.
414 1961 595 1994 XXXVI.
613 1971 642 2001 3.
665 1963 703 1993 ab
725 1963 805 1994 urbe
820 1964 922 1994 Roma
940 1972 999 2001 pro

323 2006 362 2035 ab
385 2006 465 2036 urbe
484 2006 645 2042 Romana,
668 2014 739 2044 cap.
760 2013 810 2035 21.
833 2009 905 2035 erat
923 2015 998 2043 pro-

314 2049 426 2086 fectus
456 2056 514 2086 pro
545 2057 615 2077 eam
643 2048 821 2086 profectus,
848 2056 919 2085 cap.
948 2055 997 2084 24.

326 2090 372 2120 Ti.
388 2089 612 2127 Sempronium
634 2098 691 2128 pro
715 2090 749 2120 T.
761 2089 997 2128 Sempronium,

324 2131 396 2162 Lib.
413 2130 616 2162 XXXVII.
634 2140 662 2170 3.
686 2132 726 2161 ab
743 2131 923 2162 Ptolemaeo
939 2141 997 2170 pro

322 2184 343 2204 a
368 2174 563 2210 Ptolemaeo,
590 2173 662 2204 Lib.
692 2173 917 2204 XXXVIII.
944 2182 995 2212 43.

322 2216 436 2247 deinde
459 2225 516 2254 pro
539 2216 625 2252 inde,
647 2215 718 2246 Lib.
737 2215 921 2246 XXXIX.
948 2214 995 2247 16.

321 2259 374 2289 Ne
390 2259 462 2298 quis
474 2258 570 2289 etiam
581 2268 690 2289 errore
702 2258 843 2295 labatur,
855 2262 996 2288 vestrum

322 2310 446 2341 quoque
464 2310 529 2330 non
546 2311 617 2330 sum
632 2310 765 2330 securus
782 2310 839 2339 pro
855 2302 908 2331 Ne
923 2302 996 2341 quis

321 2344 416 2374 etiam
431 2352 540 2373 errore
555 2343 684 2372 labatur
704 2347 845 2373 vestrum
861 2353 995 2383 quoque,

322 2396 387 2416 non
412 2395 483 2415 sum
504 2395 649 2422 securus,
676 2395 746 2424 cap.
769 2393 818 2423 33.
846 2386 892 2416 Ti.
909 2387 994 2416 Sem-

318 2428 457 2467 pronius
494 2437 551 2466 pro
597 2428 631 2457 T.
664 2428 884 2467 Sempronius,
922 2428 993 2459 Lib.

324 2470 421 2501 XLI.
450 2479 475 2501 1.
501 2470 577 2500 hinc
602 2479 659 2508 pro
682 2471 769 2507 huic,
794 2480 865 2509 cap.
892 2477 920 2509 5.
947 2471 995 2502 Ti.

323 2513 479 2543 Claudius
503 2522 560 2551 pro
590 2514 624 2543 T.
650 2513 818 2550 Claudius,
845 2523 916 2552 cap.
945 2522 994 2545 2ο.

322 2565 396 2586 vere
418 2564 476 2594 pro
491 2555 578 2592 fere,
603 2564 673 2593 cap.
702 2555 751 2586 28.
779 2556 911 2586 redisset
937 2566 995 2595 pro

321 2598 478 2635 rediisset,
509 2597 580 2627 Lib.
610 2597 728 2628 XLII.
761 2604 811 2636 57.
841 2599 992 2637 ayyrede—

321 2644 463 2676 rentur-3
506 2640 581 2670 inde
626 2649 683 2678 pro
728 2641 991 2679 ayyrederentur.

320 2683 414 2719 Inde,
445 2681 516 2712 Lib.
550 2681 689 2712 XLIII.
722 2681 769 2713 16.
800 2693 861 2722 quo
886 2684 994 2713 minus

320 2734 378 2764 pro
408 2725 464 2764 qui
493 2724 612 2761 minus,
641 2723 717 2754 ibid.
752 2725 798 2754 Ti.
827 2725 994 2755 Gracchus

321 2776 378 2806 pro
411 2768 445 2798 T.
463 2767 640 2803 Gracchus,
670 2766 742 2796 Lib.
775 2766 907 2797 XLIV.
940 2775 990 2805 33.

317 2810 602 2848 postmeridianam
618 2818 676 2848 pro
693 2809 991 2848 postmeridianum,

321 2851 394 2883 Lib.
426 2851 536 2882 XLV.
572 2859 618 2890 13.
653 2855 683 2882 et
713 2850 902 2890 Cleopatrae
933 2861 990 2891 pro

321 2895 521 2934 Cleopatrae,
552 2903 622 2933 cap.
656 2903 702 2931 ²4-
737 2894 897 2926 cumulato
932 2903 990 2933 pro

1048 1158 1226 1195 cumulata,
1253 1160 1285 1188 et
1316 1166 1388 1196 cap.
1417 1166 1466 1197 29.
1493 1166 1576 1197 quae
1606 1156 1725 1197 ubique

1048 1200 1210 1239 depositae
1230 1204 1335 1232 essent
1356 1209 1413 1239 pro
1433 1209 1516 1239 quae
1538 1200 1656 1239 ubique
1671 1199 1724 1229 de-

1044 1243 1170 1281 positae
1185 1246 1274 1273 esset.
1311 1242 1352 1272 In
1375 1242 1537 1273 Varietate
1552 1242 1724 1272 lectionum

1046 1285 1194 1316 editionis
1225 1284 1558 1315 Drakenborchianae
1589 1282 1724 1314 editioni

1046 1330 1174 1357 nostrae
1194 1326 1322 1357 adiecta
1343 1326 1461 1357 scribas
1480 1326 1575 1357 velim
1591 1326 1632 1356 ad
1650 1326 1722 1358 Lib.

1047 1369 1193 1400 XXXI.
1210 1379 1239 1409 9.
1262 1370 1375 1408 reponi
1396 1378 1454 1408 pro
1476 1370 1665 1409 reponique,
1679 1369 1723 1400 ad

1046 1421 1118 1450 cap.
1140 1421 1186 1442 11.
1211 1412 1384 1441 arbitrium
1404 1412 1475 1442 eius
1497 1414 1529 1441 et
1550 1412 1726 1443 arbitrium

1045 1455 1091 1484 eis
1121 1464 1179 1492 pro
1209 1454 1280 1484 eius
1310 1454 1482 1483 arbitrium
1508 1456 1541 1483 et
1565 1454 1611 1484 eis
1635 1454 1722 1484 arbi-

1045 1497 1156 1533 trium,
1172 1496 1213 1526 ad
1235 1505 1306 1534 cap.
1327 1493 1376 1534 36.
1397 1496 1550 1526 subcessit
1574 1504 1632 1534 pro
1651 1506 1723 1527 suc-

1044 1539 1148 1575 cessit,
1168 1538 1211 1568 ad
1235 1548 1306 1577 cap.
1328 1547 1379 1576 40.
1405 1538 1638 1576 Orthotophum
1662 1547 1722 1578 pro

1046 1581 1290 1620 Ortholophnm,
1314 1581 1356 1610 ad
1382 1579 1453 1611 Lib.
1479 1580 1647 1611 XXXII.
1672 1589 1720 1613 11.

1045 1622 1129 1654 Ibid.
1151 1633 1185 1654 se
1211 1633 1276 1653 non
1300 1623 1428 1663 iniquo]
1456 1633 1521 1654 non
1544 1623 1722 1663 iniquo.—

1045 1665 1129 1696 Ibid.
1156 1676 1256 1705 super
1281 1666 1396 1705 caput]
1431 1675 1534 1705 supra
1559 1669 1721 1705 caput.—

1045 1707 1131 1740 Ibid.
1157 1718 1208 1739 eos
1234 1708 1464 1746 deducturum]
1494 1708 1719 1740 deducturum.

1043 1760 1159 1789 —pro
1199 1749 1284 1781 Ibid.
1321 1761 1421 1790 super
1456 1750 1572 1790 caput]
1615 1760 1720 1790 supra

1043 1797 1152 1833 caput.
1178 1810 1233 1830 -,
1259 1793 1301 1823 ad
1328 1803 1398 1832 cap.
1426 1802 1477 1833 31·
1508 1793 1674 1823 consulum
1697 1803 1720 1824 a

1045 1837 1155 1866 Gallia
1186 1845 1243 1874 pro
1270 1836 1437 1866 consulum
1466 1836 1503 1865 in
1529 1835 1651 1871 Gallia,
1676 1835 1719 1867 ad

1044 1877 1116 1909 Lib.
1134 1877 1323 1909 XXXIII.
1341 1887 1391 1917 32.
1411 1877 1644 1918 pronuntiavit
1660 1887 1719 1918 pro

1039 1921 1285 1960 pronunciavit,
1310 1921 1352 1951 ad
1379 1930 1451 1960 cap.
1479 1920 1530 1959 38.
1557 1919 1639 1959 Cap.
1665 1928 1718 1961 39.

1043 1964 1082 1993 ab
1097 1964 1195 2002 Syria
1219 1972 1276 2001 pro
1301 1962 1386 1994 Ibid.
1402 1963 1442 1993 ab
1456 1962 1565 2001 Syria,
1586 1962 1628 1992 ad
1644 1961 1717 1993 Lib.

1044 2004 1225 2036 XXXIV.
1243 2005 1295 2041 48.
1313 2004 1398 2035 Ibid.
1413 2005 1646 2044 deprimerent]
1664 2005 1716 2036 de-

1038 2048 1205 2086 primeret.
1218 2063 1258 2069 -
1271 2046 1343 2085 Cap
1353 2056 1405 2087 49.
1417 2057 1514 2087 quam
1530 2046 1631 2077 ruina
1639 2057 1717 2086 yra-

1041 2090 1189 2120 vissimae
1215 2089 1371 2127 civitatis]
1398 2099 1495 2129 quam
1518 2089 1619 2119 ruina
1639 2099 1717 2129 yra-

1040 2132 1171 2162 vissima
1200 2132 1476 2171 civitatis.—pro
1501 2130 1586 2161 Ibid.
1609 2132 1716 2171 depri-

1040 2175 1177 2212 merent]
1203 2174 1403 2214 deprimeret.
1418 2191 1469 2210 -—,
1495 2173 1537 2204 ad
1564 2182 1636 2213 cap.
1663 2181 1715 2214 57.

1039 2217 1182 2247 ascendit
1219 2226 1277 2256 pro
1324 2217 1501 2254 adscendit,
1540 2216 1582 2247 ad
1642 2215 1715 2249 Lib.

1041 2258 1222 2290 XXXVI.
1239 2257 1289 2297 36.
1310 2262 1503 2298 propraetor
1533 2267 1591 2297 pro
1617 2269 1714 2298 prae-

1035 2305 1179 2340 praetor,
1217 2302 1258 2331 ad
1297 2300 1368 2331 Lib.
1408 2300 1632 2333 XXXVIII.
1661 2311 1714 2342 49.

1039 2344 1120 2383 Cap.
1160 2353 1210 2385 49.
1238 2344 1404 2381 huiccine]
1434 2343 1713 2384 huicne.·-—Cap.

1039 2394 1089 2423 52.
1124 2387 1336 2424 summittere]
1373 2386 1643 2417 submitteret.—
1653 2395 1713 2426 pro

1039 2428 1121 2468 Cap.
1152 2438 1203 2469 49.
1239 2429 1404 2466 huiccine]
1439 2429 1567 2459 huicne.
1583 2445 1637 2466 -,
1669 2428 1712 2459 ad

1041 2471 1112 2502 Lib.
1130 2471 1249 2503 XLII.
1272 2471 1322 2510 38.
1346 2471 1427 2510 Cap.
1452 2479 1503 2511 39.
1529 2471 1709 2510 Hippiam]

1039 2515 1202 2554 Hippian.
1226 2531 1270 2536 -—
1295 2523 1353 2553 pro
1400 2512 1484 2543 Ibid.
1527 2513 1708 2552 Hippiam]

1038 2558 1202 2596 Hippian.
1230 2573 1283 2593 -‚
1308 2559 1340 2586 et
1367 2555 1409 2585 ad
1436 2554 1507 2585 Lib.
1537 2554 1649 2586 XLV.
1680 2556 1710 2587 3.

1035 2600 1205 2638 Agepolim
1250 2608 1308 2637 pro
1346 2598 1517 2637 Ayepolin.
1573 2597 1607 2627 Si
1646 2607 1712 2636 qua

1036 2644 1209 2680 supersunt
1241 2640 1319 2670 vitia
1350 2638 1585 2679 typographica
1608 2649 1628 2669 a
1657 2649 1711 2671 me

1037 2683 1182 2713 nondum
1213 2688 1351 2721 reperta,
1385 2691 1424 2712 ea
1453 2684 1490 2711 ut
1520 2681 1578 2711 viri
1609 2681 1709 2720 docti,

1038 2724 1204 2755 occasione
1217 2725 1337 2761 oblata,
1348 2723 1427 2754 mihi
1442 2723 1597 2761 indicent,
1610 2723 1710 2754 etiam

1035 2771 1133 2806 atque
1156 2767 1254 2797 etiam
1277 2776 1362 2806 rogo.
1419 2765 1539 2804 [Vitia,
1563 2776 1645 2805 quae
1674 2766 1709 2796 in

1035 2812 1225 2839 contextum
1256 2808 1406 2839 editionis
1435 2811 1638 2848 stercotypae
1669 2807 1708 2839 ir-

1035 2855 1211 2891 repserant,
1261 2852 1451 2891 plerumque
1504 2851 1708 2882 emendanda

1035 2894 1153 2926 curavi.
1201 2894 1282 2932 ED.]
