1888 3194
934 211 1229 249 INDEX.

424 285 568 317 intentus
597 286 719 324 formis,
750 297 830 327 quas
858 287 898 318 ‘in
929 288 1063 327 pulvere

423 329 647 369 descripserat,
659 330 851 360 interficitur
863 338 913 369 25,
927 340 976 369 31.
995 330 1062 360 eius

423 372 611 411 sepulturae
632 383 708 403 cura
724 373 836 403 habita
856 384 875 403 a
898 373 1058 404 Marcello

422 424 485 445 cos.
502 414 580 446 ibid.

379 455 575 496 Archippus,
586 457 651 487 dux
663 457 810 497 Argivus,
821 457 957 497 expellit
970 468 1058 497 prae-

421 498 540 529 sidium
568 500 709 530 Nabidis
729 510 769 530 ex
792 501 869 530 urbe
890 500 983 539 Argis
1007 510 1058 540 34,

421 551 472 578 40.

377 582 496 620 Archo,
534 583 645 614 Poridi

418 630 522 665 nupta
538 636 590 664 40,
607 637 635 664 4.

376 666 498 705 Archo,
521 668 619 698 frater
643 668 822 705 Xenarchi,
847 666 1052 698 Achaeorum

417 710 583 749 praetoris,
606 710 738 748 eiusque
764 714 875 741 contra
898 710 1052 741 Callicra-

417 757 483 782 tem
500 753 601 782 oratio
618 761 670 790 41,
688 761 737 792 29.

375 793 485 824 Ardea
510 805 530 824 a
552 794 727 833 Tarquinio
754 794 901 833 Superbo
927 795 1054 825 obsessa

421 846 449 873 1,
465 844 514 875 57.
538 836 623 867 inter
634 837 792 867 Ardeates
804 841 836 867 et
850 836 996 867 Aricinos
1006 837 1053 867 iu-

416 879 478 908 dex
495 882 644 918 sumptus
660 880 801 918 populus
818 880 914 910 Rom.
928 890 1051 919 agrum,

415 921 456 950 de
471 931 535 960 quo
559 921 792 960 ambigebatur,
809 922 867 951 sibi
884 922 1051 952 adiudicat

414 972 445 1001 3,
460 970 508 1001 71.
532 973 577 1002 sq.
591 965 632 993 ob
648 974 719 994 eam
733 964 881 994 iniuriam
896 964 1052 995 Ardeates

414 1005 596 1035 desciscunt
617 1016 647 1044 4,
668 1016 692 1036 1.
717 1007 830 1036 foedus
852 1017 924 1036 cum
944 1006 982 1036 iis
1003 1017 1049 1037 re-

414 1052 551 1078 novatur
574 1055 600 1086 7.
624 1047 752 1078 Ardeae
772 1050 921 1079 turbatae
943 1049 1049 1079 sediti-

413 1100 475 1120 one
498 1101 547 1121 res
569 1090 690 1120 auxilio
714 1092 938 1121 Romanorum
964 1101 1047 1121 com-

412 1136 579 1171 ponuntur
599 1142 618 1174 9
634 1136 666 1163 et
686 1143 732 1164 10.
757 1133 885 1163 colonia
907 1133 1047 1163 Ardeam

412 1175 563 1212 deducta,
589 1186 664 1214 ager
691 1176 890 1215 interceptus
919 1177 961 1206 ad
988 1175 1047 1205 Ar-

413 1218 524 1248 deates
546 1218 629 1248 redit
652 1227 699 1248 11.
723 1227 777 1248 eos
798 1219 840 1248 ad
864 1218 1045 1257 opprimen-

413 1260 470 1290 dos
494 1260 609 1290 Gallos
634 1260 791 1297 hortatur,
814 1264 846 1290 et
871 1260 960 1291 ducit
983 1261 1045 1291 Ca-

410 1302 522 1333 millus
546 1310 575 1341 5,
597 1311 649 1341 43,
671 1314 721 1341 44.
744 1303 784 1334 cf.
811 1312 861 1341 21,
885 1310 911 1341 7.
941 1310 992 1342 27,
1015 1313 1044 1343 9.

413 1354 464 1385 29,
484 1353 531 1383 15.

368 1385 541 1418 Ardoneae
558 1397 608 1425 24,
626 1396 675 1418 20.

367 1428 505 1468 Ardues,
522 1430 608 1459 filius
625 1429 779 1460 Antiochi
796 1438 847 1468 33,
867 1439 914 1470 19.

365 1470 519 1511 Ardyaei,
538 1472 669 1511 Illyrica
685 1483 772 1511 gens,
789 1473 911 1502 dedunt
928 1482 961 1502 se
978 1472 1044 1502 Ro-

408 1514 513 1543 manis
530 1523 580 1551 20,
600 1514 647 1544 28.
674 1522 724 1553 27,
741 1523 791 1552 30.

366 1555 455 1586 Area
482 1556 624 1586 Vulcani
646 1564 698 1597 39,
722 1555 772 1594 46.
801 1566 852 1594 40,
880 1565 926 1597 19.
958 1557 1042 1588 Con-

408 1598 535 1628 cordiae
551 1607 603 1638 39,
621 1598 670 1638 56.
695 1608 746 1637 4ο,
767 1608 813 1639 19.

364 1639 453 1678 Arei,
483 1641 568 1671 inter
597 1641 721 1671 auxilia
751 1640 957 1672 Rhodiorum
989 1650 1006 1680 3
1011 1651 1040 1680 3,

412 1683 458 1714 18.

363 1724 402 1756 C.
416 1731 447 1756 et
465 1725 502 1756 L.
517 1725 663 1763 Arennii,
679 1725 751 1755 trib.
769 1726 814 1765 pl.
834 1732 883 1764 27,
900 1725 929 1756 6.

365 1767 404 1797 L.
419 1768 590 1805 Arennius,
606 1769 787 1807 praefectus
803 1767 937 1806 socium,
954 1769 1038 1808 capi-

397 1814 459 1840 'tur
473 1821 492 1841 a
509 1811 665 1841 Numidis
683 1817 733 1849 27,
752 1809 803 1847 26,
821 1818 870 1849 27.

365 1851 539 1891 Arethusa,
555 1853 626 1883 fons
643 1861 694 1892 25,
711 1861 762 1891 3ο.

363 1894 502 1931 Aretini,
525 1905 599 1935 pop.
625 1896 757 1935 legatos,
779 1905 893 1935 pacem
916 1895 1041 1926 foedus-

405 1947 468 1977 que
491 1948 511 1968 a
538 1938 697 1968 Romanis
722 1942 881 1977 petentes,
904 1938 1038 1969 mittunt

689 585 872 614 Aeneatum
915 583 1055 623 principi

405 1991 437 2021 9,
454 1990 504 2019 32·
530 1987 580 2019 37-
632 2022 638 2028 ,

361 2021 509 2060 Arevaci,
526 2023 639 2062 populi
656 2032 708 2061 41,
725 2031 752 2061 3.

361 2064 476 2102 Areus,
492 2066 583 2096 exsul
601 2065 877 2095 Lacedaemonius
894 2074 945 2106 39,
962 2072 1010 2104 35.

360 2107 457 2146 Argei
474 2108 545 2138 loca
560 2107 658 2138 sacris
672 2107 828 2137 faciendis
848 2117 875 2144 1,
893 2116 941 2138 21.

363 2149 498 2189 Argens,
514 2150 671 2189 oppidum
689 2158 741 2187 32,
761 2159 807 2187 14.

360 2196 594 2231 Argentanum,
610 2190 779 2231 oppidum,
796 2191 905 2221 deficit
920 2201 940 2221 a
956 2191 1037 2221 Poe-

404 2233 453 2263 nis
468 2234 509 2263 ad
526 2234 693 2264 Romanos
708 2242 760 2271 30,
780 2242 826 2273 19.

362 2274 543 2315 Argentum
569 2276 713 2304 nondum
741 2274 900 2313 signatum
928 2284 958 2312 4,
986 2273 1036 2304 60.

402 2317 547 2356 bigatum
564 2324 616 2355 33,
633 2325 684 2354 23,
697 2322 747 2354 37.
771 2315 823 2354 36,
840 2326 888 2346 21.
913 2316 1035 2346 factum

403 2363 435 2390 et
458 2359 613 2389 infectum
635 2367 686 2396 34,
701 2366 750 2396 52.
773 2356 824 2396 36,
841 2367 891 2395 40.
919 2358 1034 2388 multa-

401 2401 527 2437 ticium,
543 2410 583 2431 ex
604 2409 667 2439 quo
688 2400 777 2439 signa
797 2410 898 2430 aenea
915 2401 956 2430 ad
973 2401 1032 2431 Ce-

402 2443 479 2474 reris
503 2444 579 2473 data
604 2449 653 2480 27,
677 2440 706 2472 6.
739 2451 790 2480 30,
813 2450 862 2482 39.
892 2442 1034 2473 Oscense

403 2495 455 2525 34,
471 2495 518 2516 10.
542 2484 664 2523 argenti
676 2484 717 2514 ad
730 2494 843 2514 aurum
860 2484 1035 2523 proportio,

402 2531 440 2558 111
459 2537 471 2557 1
495 2528 537 2558 ad
557 2536 602 2557 10.
628 2526 679 2565 38,
699 2535 745 2557 11.
768 2526 891 2565 argenti
907 2527 1035 2557 fodinae

402 2571 435 2601 in
450 2569 607 2610 Hispania
621 2569 670 2605 28,
682 2576 710 2606 3.
733 2568 855 2607 argenti
867 2569 1034 2608 spargendi

402 2616 491 2643 astus
507 2611 703 2642 Hannibalis
721 2620 770 2647 22,
787 2619 837 2648 42.

361 2655 571 2695 Argentariae
586 2653 620 2683 in
636 2654 714 2684 urbe
736 2653 844 2683 Roma
859 2662 890 2694 9,
907 2663 958 2692 40.
984 2653 1035 2691 26,

405 2705 453 2737 27.
478 2707 530 2735 40,
547 2704 599 2735 51.
622 2695 818 2735 argentariae
838 2699 870 2725 et
885 2695 1034 2726 ferrariae

402 2740 435 2770 111
453 2739 614 2779 Hispania
629 2748 649 2768 a
660 2738 786 2770 Catone
799 2738 930 2769 consule
945 2738 1034 2768 insti-

401 2785 493 2813 tutae
509 2791 561 2820 34,
577 2790 628 2810 21.

360 2825 553 2865 Argestaeus
568 2832 703 2863 campus
720 2827 770 2862 27,
786 2831 837 2861 33

360 2867 436 2907 Argi
460 2866 621 2897 nobilitati
650 2869 754 2896 morte
785 2864 901 2905 Pyrrhi
925 2873 976 2903 31,
1003 2871 1028 2903 7.

403 2909 575 2940 concilium
590 2908 792 2938 Achaeorum
811 2907 904 2946 Argis
920 2916 970 2945 31,
983 2915 1030 2945 25.

1151 286 1231 327 Argi
1261 288 1442 327 produntur
1476 287 1619 319 Philocli
1649 297 1701 328 32,
1732 297 1782 328 25.

1151 329 1227 370 Argi
1248 340 1267 360 a
1292 330 1447 370 Philippo
1470 331 1642 361 traduntur
1659 331 1783 362 Nabidi

1147 373 1198 411 38.
1230 373 1412 411 spoliantur
1440 374 1481 403 ab
1512 383 1612 404 uxore
1643 373 1782 404 Nabidis

1146 414 1299 454 40.A1gi
1316 416 1396 445 duas
1419 425 1508 446 arces
1523 416 1644 446 habent
1660 424 1713 464 34,
1730 424 1780 455 25.

1146 458 1241 497 Argis
1262 458 1423 488 celebrata
1444 458 1574 489 Nemea
1594 468 1645 496 41.
1674 457 1714 489 iis
1733 468 1780 489 re-

1147 499 1291 530 stituitur
1306 500 1447 538 libertas,
1462 500 1539 531 ibid.

1104 540 1289 581 Argiletum
1309 551 1336 580 1,
1356 552 1403 583 19.

1104 583 1269 622 Argithea,
1302 588 1400 623 caput
1432 583 1671 623 Athamaniae,
1701 585 1779 617 inde

1143 627 1353 665 expelluntur
1369 627 1566 657 Macedones
1581 628 1634 666 38,
1655 637 1680 658 1.

1098 666 1209 706 Argivi
1239 668 1392 698 oriundos
1421 670 1462 699 ab
1492 679 1525 699 se
1555 670 1777 700 Macedonum

1140 720 1228 749 reges
1259 711 1394 740 credunt
1425 719 1477 749 32,
1505 720 1553 742 22.
1585 713 1706 743 abeunt
1735 723 1777 743 ex

1141 752 1278 782 concilio
1309 752 1526 790 Achaeorum,
1556 752 1633 785 ibid.
1671 754 1776 794 primo

1141 794 1345 824 comitiorum
1357 795 1410 825 die
1418 796 1523 825 solent
1532 799 1695 834 praetores
1704 807 1775 836 pro-

1140 837 1289 868 nuntiare
1315 838 1439 875 Iovem,
1464 837 1665 877 Apollinem,
1690 839 1774 869 Her-

1141 880 1248 910 culem
1275 887 1323 918 25.
1348 879 1542 920 Argivorum
1566 890 1702 920 campus
1722 890 1774 920 34,

1140 930 1156 950 2
1161 929 1189 960 5.
1214 932 1325 952 eorum
1342 932 1418 961 ager
1433 925 1575 952 vastatur
1592 922 1640 953 26.

1095 962 1200 1003 Argos
1219 964 1347 1004 prodita
1371 965 1507 995 Philocli
1530 974 1581 1004 32,
1599 972 1647 1004 25.
1671 964 1774 1005 Argos

1139 1007 1427 1046 Amphilochicum
1445 1007 1497 1045 38,
1517 1017 1564 1038 10.

1094 1047 1328 1088 Argyraspides
1345 1057 1396 1088 37,
1413 1059 1465 1087 40.

1094 1090 1290 1129 Ariarathes,
1315 1091 1544 1131 Cappadociae
1565 1102 1621 1122 rex
1645 1098 1698 1131 37,
1720 1101 1771 1131 31.

1137 1134 1188 1170 38,
1203 1132 1252 1164 26.
1268 1144 1287 1163 a
1298 1135 1430 1164 consule
1441 1134 1567 1164 veniam
1581 1134 1674 1173 petit,
1684 1135 1771 1174 quod

1135 1174 1337 1206 Antiochum
1361 1176 1484 1206 auxilio
1509 1176 1640 1206 iuvisset
1666 1184 1716 1215 37.
1741 1177 1771 1207 ei

1135 1218 1276 1248 ducenta
1305 1218 1428 1248 talenta
1457 1218 1668 1256 imperantur,
1692 1219 1769 1250 ibid.

1133 1260 1312 1299 despondet
1329 1260 1429 1290 filiam
1446 1270 1537 1290 suam
1554 1260 1707 1299 Eumeni,
1722 1271 1770 1291 re-

1133 1302 1315 1341 cipiturque
1341 1302 1374 1332 in
1401 1301 1578 1332 amicitiam
1604 1303 1768 1334 Romano-

1131 1354 1203 1374 rum
1226 1353 1277 1385 39.
1301 1345 1369 1375 eius
1383 1344 1479 1384 legati
1499 1345 1626 1375 Romae
1648 1355 1700 1383 40,
1719 1355 1768 1377 20.

1132 1385 1234 1416 filium
1263 1387 1405 1417 Romam
1433 1386 1534 1416 mittit
1561 1388 1768 1418 educandum

1133 1438 1185 1465 42,
1205 1438 1216 1457 1
1247 1449 1255 1457 .

1090 1469 1200 1500 Aricia
1223 1438 1250 1507 ξ,
1267 1478 1316 1509 50.
1344 1480 1373 1507 2,
1393 1479 1440 1508 14.
1466 1480 1517 1509 24,
1539 1481 1590 1509 44.
1614 1481 1686 1502 eam
1709 1481 1765 1512 op-

1130 1517 1254 1552 pugnat
1277 1512 1396 1551 Aruns,
1420 1513 1604 1544 Porsennae
1627 1513 1713 1544 filius
1737 1523 1766 1552 2,

1135 1564 1183 1592 14.
1210 1555 1331 1586 Aricini
1353 1555 1486 1585 vincunt
1508 1555 1673 1594 Etruscos,
1688 1555 1766 1587 ibid.

1129 1596 1253 1628 Aricini
1284 1601 1316 1628 et
1347 1597 1506 1628 Ardeates
1536 1597 1577 1628 de
1613 1598 1765 1638 ambiguo

1129 1650 1202 1679 agro
1219 1643 1356 1678 certant,
1371 1643 1404 1670 et
1422 1643 1518 1679 turpe
1534 1640 1649 1680 populi
1666 1641 1764 1672 Rom.

1130 1683 1170 1712 de
1187 1693 1224 1712 eo
1240 1682 1397 1713 iudicium
1415 1691 1446 1721 3,
1465 1690 1513 1722 71.
1537 1692 1582 1722 sq
1599 1682 1638 1714 iis
1654 1683 1766 1714 civitas

1129 1725 1205 1755 dita
1221 1725 1320 1763 8,14.

1086 1766 1189 1804 Aries,
1201 1767 1333 1807 eiusque
1349 1767 1382 1797 in
1396 1767 1621 1807 oppugnandis
1633 1767 1765 1798 urbibus

1130 1819 1205 1840 usus
1231 1819 1282 1848 21,
1302 1819 1351 1840 12.
1375 1818 1426 1848 31,
1443 1808 1493 1847 46.
1518 1818 1571 1848 32,
1588 1818 1639 1848 23.
1664 1810 1716 1848 38,
1734 1817 1762 1848 5.

1129 1852 1266 1882 arietum
1291 1850 1375 1883 ictus
1399 1851 1609 1891 excipiuntur
1638 1852 1763 1891 laqueis

1130 1894 1182 1932 36,
1201 1904 1215 1924 2
1221 1904 1249 1933 3.

1083 1935 1315 1975 Ariminenses,
1328 1946 1427 1976 quare
1436 1947 1456 1967 a
1468 1935 1627 1968 Romanis
1639 1935 1762 1967 laudati

1129 1987 1180 2018 27,
1201 1989 1248 2009 10.

1085 2021 1269 2051 Ariminum
1288 2030 1339 2059 21,
1352 2027 1402 2060 51.
1429 2030 1478 2058 24,
1503 2031 1554 2058 44.
1578 2029 1630 2059 31,
1646 2029 1695 2058 10,
1711 2029 1760 2051 20.

1125 2074 1145 2094 a
1170 2063 1340 2094 Placentia
1362 2062 1547 2093 Ariminum
1574 2062 1659 2092 viam
1689 2072 1759 2101 per-

1126 2105 1220 2135 duxit
1241 2107 1289 2136 M.
1304 2105 1462 2151 Aemilius
1484 2113 1546 2134 cos.
1565 2113 1617 2144 39,
1634 2113 1662 2135 2.
1687 2104 1759 2134 Ari-

1125 2147 1205 2177 mini
1221 2147 1352 2177 nomine
1367 2145 1533 2186 provincia
1549 2145 1661 2176 Gallia
1675 2146 1758 2178 indi-

1126 2192 1218 2219 catur
1235 2188 1285 2226 28,
1302 2188 1354 2227 38,
1371 2186 1421 2226 46.
1448 2197 1499 2229 29,
1515 2195 1544 2226 5.

1081 2230 1280 2267 Aristaenus,
1311 2234 1440 2270 praetor
1470 2230 1673 2260 Achaeorum
1705 2240 1758 2270 32,

1130 2282 1175 2313 19.
1204 2273 1337 2311 eiusque
1358 2273 1399 2302 ad
1422 2272 1573 2303 Achaeos
1595 2272 1697 2304 oratio
1717 2282 1758 2304 20

1124 2319 1156 2345 et
1173 2323 1221 2346 21.
1245 2314 1418 2345 comitatur
1433 2314 1627 2350 Quinctium
1642 2314 1676 2345 in
1692 2316 1756 2346 col-

1124 2356 1233 2396 loquio
1250 2366 1324 2387 cum
1342 2367 1415 2396 rege
1436 2357 1592 2396 Philippo
1612 2365 1663 2396 32.
1685 2367 1755 2388 sua-

1121 2400 1175 2429 det
1197 2399 1340 2436 Boeotis,
1355 2404 1391 2429 ut
1407 2409 1439 2429 se
1461 2398 1619 2430 Romanis
1642 2399 1754 2430 adiun-

1120 2445 1198 2481 gant
1215 2450 1266 2480 33,
1284 2451 1313 2471 2.
1337 2441 1470 2481 castigat
1490 2441 1681 2472 Aetolorum
1701 2451 1754 2472 va—

1122 2483 1357 2522 niloquentiam
1371 2493 1423 2522 34,
1435 2493 1484 2521 24.
1501 2483 1638 2514 occurrit
1649 2483 1754 2519 Quin-

1122 2526 1186 2556 ctio
1196 2535 1258 2557 cos.
1271 2536 1344 2556 cum
1355 2526 1467 2556 decem
1476 2525 1620 2556 millibus
1631 2524 1654 2554 A
1662 2525 1754 2557 chae-

1122 2578 1213 2598 orum
1231 2572 1263 2598 et
1278 2567 1439 2607 equitibus
1453 2567 1544 2597 mille
1562 2574 1611 2606 25.

1079 2609 1200 2648 Aristo,
1216 2613 1305 2640 actor
1319 2610 1457 2649 tragicus
1474 2618 1524 2648 24,
1543 2619 1591 2648 24.

1078 2653 1188 2683 Aristo
1205 2652 1323 2691 Tyrius
1342 2651 1482 2682 mittitur
1501 2652 1542 2681 ab
1564 2650 1754 2683 Hannibale

1122 2694 1351 2733 Carthaginem
1366 2694 1407 2724 ad
1423 2693 1651 2724 concitandum
1671 2695 1752 2725 Poe-

1120 2747 1178 2767 nos
1192 2737 1233 2766 ad
1256 2737 1377 2767 bellum
1397 2745 1449 2775 34,
1464 2733 1517 2766 61.
1542 2736 1751 2775 deprehendi-

1120 2783 1173 2809 tur
1188 2782 1219 2809 et
1234 2778 1369 2818 aufugit,
1383 2778 1459 2808 ibid.

1077 2821 1310 2857 Aristodemus,
1334 2825 1500 2860 tyrannus,
1516 2820 1633 2851 retinet
1654 2830 1751 2851 naves

1120 2864 1342 2894 Romanorum
1365 2873 1422 2902 pro
1445 2863 1537 2893 bonis
1560 2862 1749 2902 Tarquinio-

1119 2916 1188 2936 mm
1207 2915 1236 2943 2,
1252 2914 1301 2943 34.
