1888 3194
371 221 455 259 224
892 218 1041 261 ΤΙΤΙ
1081 218 1262 261 LIVII

164 318 211 350 U.
226 318 266 350 C.
288 318 328 359 58
332 326 362 358 5.
374 307 537 349 ‘medis
568 308 979 350 commendationem
1012 310 1213 366 accipere.
1281 309 1454 358 Quanta
1484 323 1585 350 cura
1618 322 1766 364 regum

163 361 204 394 A·
228 361 267 393 C.
292 360 361 401 Ῐ67·
376 365 633 407 ‘amicorum
662 365 814 407 liberos
845 374 1011 408 tueatur
1039 367 1220 423 populus
1249 367 1480 416 Romanus,
1509 366 1766 407 documento

375 422 693 464 ‘Ptolemaeum
730 423 920 480 Aegypti
954 439 1095 480 regem
1132 439 1231 466 esse.
1237 424 1246 442 '
1307 425 1419 466 Cum
1453 424 1533 465 hoc
1568 437 1765 478 responso

374 479 542 521 Prusias
567 489 629 521 est
649 480 854 521 dimissus.
918 458 1100 522 Munera
1125 482 1165 522 ei
1190 497 1242 522 ex
1264 481 1505 522 sestertiis
1530 481 1640 521 iussa
1660 479 1797 529 dari,7

375 545 418 578 et
437 552 629 578 vasorum
670 547 964 593 argenteorum
1004 538 1147 594 pondo
1187 538 1504 594 quinquaginta.
1583 537 1640 578 Et
1678 536 1766 578 filio

374 594 483 650 regis
505 594 732 636 Nicomedi
760 609 813 635 ex
844 609 893 635 ea
919 609 1082 635 summa
1107 610 1282 636 munera
1305 596 1395 636 dari
1423 601 1690 644 censuerunt,
1712 608 1767 635 ex

375 666 471 716 qua·
491 651 719 707 Masgabae
752 651 839 692 filio
875 652 983 707 regis
1017 651 1264 693 Masinissae
1301 652 1398 693 data
1433 661 1595 694 essent.
1640 660 1684 693 et
1719 658 1767 692 ut

374 708 570 749 victimae
589 686 789 763 ‘’aliaque,
832 723 939 763 quae
985 708 1039 749 ad
1084 709 1333 749 sacrificium
1378 709 1650 765 pertinerent,
1691 724 1767 749 seu

376 765 552 814 Romae,
587 780 660 806 seu
696 765 924 805 Praeneste
955 764 1170 806 immolare
1206 765 1344 815 vellet,
1378 766 1467 821 regi
1497 781 1551 807 ex
1582 765 1765 822 publico,

375 822 482 862 sicut
503 822 811 877 magistratibus
833 821 1050 871 Romanis,
1068 797 1393 878 praeberentur:
1418 830 1461 863 et
1480 831 1528 864 ut
1549 838 1603 863 ex
1623 822 1765 872 classe,

375 893 483 934 quae
517 878 735 919 Brundisii
766 887 886 928 esset,
920 894 1046 920 naves
1081 879 1230 935 longae
1263 880 1412 934 viginti
1444 879 1766 944 assignarentur,

376 936 528 991 quibus
563 943 762 985 uteretur,
801 936 936 977 (101100
977 936 1031 977 ad
1071 936 1256 987 classem,
1289 937 1401 978 dono
1437 937 1578 978 datam
1608 937 1661 986 e'i,
1692 951 1800 983 rex8

374 993 644 1048 pervenisset.
718 993 767 1034 L.
790 992 1015 1034 Cornelius
1054 993 1195 1050 Scipio
1234 1009 1288 1035 ne
1329 995 1380 1035 ab
1421 1009 1471 1035 eo
1511 993 1766 1044 abscederet,

375 1059 674 1106 sumptumque
715 1050 795 1106 ipsi
835 1058 878 1091 et
912 1051 1134 1092 comitibus
1173 1052 1404 1107 praeberet,
1441 1051 1576 1093 donec
1616 1066 1768 1093 navem

375 1108 695 1149 conscendisset.
758 1107 871 1149 Mire
902 1108 1057 1149 laetum
1090 1123 1140 1149 ea
1169 1109 1428 1164 benignitate
1462 1109 1507 1149 in
1542 1124 1585 1150 se
1620 1108 1800 1174 populi9

377 1164 561 1206 Romani
591 1180 733 1221 regem
763 1165 901 1215 fuisse,
933 1165 1320 1207 ferunt.mune1a
1349 1166 1427 1207 sibi
1456 1166 1536 1222 ipsi
1565 1166 1650 1207 emi
1679 1181 1767 1207 non
1784 1184 1797 1204 1

377 1222 507 1263 sisse·
497 1254 508 1272 ,
556 1222 691 1263 filium
737 1222 901 1263 iussisse
942 1222 1102 1264 donum
1146 1223 1292 1279 populi
1333 1223 1519 1264 Romani
1563 1223 1765 1279 accipere.

378 1278 498 1320 Haec
536 1279 589 1321 de
620 1279 769 1320 Prusia
798 1280 930 1321 nostri
959 1280 1191 1336 scriptores.
1254 1280 1470 1337 Polybius,
1497 1295 1593 1321 eum
1624 1295 1799 1345 regemz

376 1336 598 1393 indignum
621 1337 835 1378 maiestate
856 1337 1040 1378 nominis
1064 1337 1183 1387 tanti,
1207 1337 1359 1386 tradit,
1392 1337 1608 1394 pileatum,
1631 1337 1766 1393 capite
1781 1354 1798 1385 3

375 1409 480 1444 raso,
503 1394 698 1435 obviam
688 1409 747 1435 1re
769 1394 915 1450 legatis
937 1394 1117 1444 solitum,
1140 1395 1421 1459 libertumque
1447 1410 1489 1436 se
1511 1395 1657 1451 populi
1679 1394 1801 1441 Ro-4

375 1451 490 1492 mani
516 1451 649 1493 ferre·
640 1483 650 1500 ,
684 1460 726 1492 et
752 1451 887 1493 ideo
877 1452 1056 1508 insignia
1084 1451 1241 1492 ordinis
1269 1467 1358 1493 eius
1384 1467 1541 1508 gereie.
1604 1452 1767 1493 Romae

376 1523 559 1564 quoque,
582 1523 715 1564 quum
742 1509 906 1550 veniret
933 1509 977 1549 in
1005 1509 1176 1558 curiam,
1199 1509 1453 1550 summisisse
1481 1524 1538 1559 se,
1561 1516 1604 1550 et
1625 1508 1767 1550 osculo

374 1565 505 1607 limen
526 1566 665 1607 curiae
686 1566 909 1621 contigisse
927 1582 936 1607 z
970 1574 1013 1607 et
1045 1571 1057 1590 ⁶
1072 1565 1172 1607 deos
1193 1574 1420 1607 servatores
1441 1567 1554 1607 suos’
1574 1574 1767 1608 senatum

374 1623 616 1679 appellasse,
638 1623 846 1678 aliamque
869 1623 1114 1673 orationem,
1136 1638 1223 1664 non
1249 1631 1333 1664 tam
1354 1623 1628 1665 honorificam
1648 1623 1768 1665 audi-

374 1680 554 1730 entibus,
592 1695 719 1736 quam
759 1681 838 1722 sibi
877 1680 1122 1730 deformem,
1158 1680 1362 1722 habuisse.
1426 1680 1619 1722 Moratus
1658 1681 1769 1722 circa

373 1738 522 1778 urbem
543 1738 713 1793 triginta
733 1737 848 1778 haud
869 1738 1046 1794 amplius
1068 1737 1158 1779 dies
1184 1738 1230 1779 in
1257 1753 1435 1794 regnum
1461 1747 1524 1780 est
1543 1738 1766 1795 profectuS‚
1781 1752 1798 1785 5

373 1802 598 1851 actumque
620 1795 665 1836 in
687 1795 791 1836 Asia
811 1795 968 1836 bellum
991 1795 1013 1817 *ᾗ
1035 1795 1057 1818 '⁸‘
1080 1795 1114 1836 *ἦ

168 1292 300 1325 Prusiae
316 1304 334 1325 v
336 1293 360 1324 i-

163 1336 248 1368 litas.

1094 1932 1185 1959 catur
1212 1928 1379 1960 Dukerus.
1434 1929 1587 1960 Ceterum
1617 1929 1699 1960 haec
1727 1929 1768 1959 de

1093 1971 1207 2010 legatis
1233 1971 1311 2001 olim
1338 1970 1452 2008 missis,
1476 1981 1541 2001 non
1564 1972 1604 2002 de
1626 1980 1664 2001 eo
1687 1974 1767 2002 tem-

1093 2023 1170 2052 pore
1183 2023 1245 2052 quo
1260 2012 1389 2044 Prusias
1405 2013 1547 2044 Romam
1561 2013 1659 2051 venit,
1674 2013 1769 2044 intel-

419 1937 436 1971 7
458 1932 515 1961 Ex
537 1931 555 1947 ᾗ
577 1930 746 1968 sestertiis]
777 1928 912 1960 Excidit
938 1939 1047 1960 nume-

374 1983 428 2003 rus
442 1973 671 2003 sestertiorum.

417 2015 437 2045 8
459 2016 515 2045 Ad
528 2016 658 2045 classem
673 2015 754 2045 dono
769 2015 880 2044 datum
895 2014 941 2052 ei]
975 2012 1048 2044 Dis-

375 2055 477 2087 cimus
493 2066 533 2086 ex
548 2057 609 2086 hoc
626 2057 709 2093 loco,
724 2056 750 2086 si
766 2057 862 2086 modo
879 2065 974 2086 sanus
990 2059 1049 2093 est,

375 2099 484 2129 datam
511 2108 580 2129 esse
602 2109 621 2128 a
646 2098 803 2128 Romanis
827 2097 960 2128 Prusiae
984 2097 1050 2137 regi

375 2141 522 2179 classem,
538 2150 578 2171 ex
600 2140 736 2171 navibus
757 2140 910 2170 nimirum
932 2140 1049 2171 Perseo

375 2183 504 2223 ereptis

418 2235 438 2267 9
462 2226 715 2263 Consoendz‘sset]
756 2225 887 2265 Nempe
911 2224 1049 2256 Prusias.

377 2267 602 2299 Gronovianae
637 2267 794 2299 editiones
829 2268 950 2298 habent
979 2278 1050 2298 con-

374 2312 579 2349 scendissent,
609 2313 720 2341 contra
748 2310 872 2350 primae
902 2309 1050 2341 editionis

376 2352 484 2384 fidem.

423 2404 436 2425 1
461 2396 538 2426 Emi
553 2406 617 2426 non
632 2394 724 2435 sisse]
750 2395 804 2426 Ita
820 2405 947 2435 quoque
964 2394 1049 2425 Bek-

376 2436 472 2467 kerus
495 2437 636 2476 reposuit
659 2448 717 2477 pro
742 2438 825 2477 vulg.
849 2439 969 2475 emisse,
993 2447 1049 2477 pro

377 2489 441 2518 quo
479 2479 661 2510 Gronovius
696 2481 842 2512 renuisse
877 2480 1049 2520 legendum

377 2522 456 2552 vult.

425 2572 442 2593 2
469 2564 640 2602 Polybius]
682 2564 722 2596 cf.
747 2565 863 2604 Polyb.
890 2574 970 2594 xxx.
1002 2563 1049 2595 16.

377 2604 519 2645 Appian.
536 2606 718 2637 Mithridat.
735 2617 767 2646 p.
787 2614 855 2646 172.

420 2656 437 2686 3
460 2649 635 2685 Pileatum,
650 2650 755 2688 capite
770 2650 859 2686 raso]
878 2648 1050 2686 Tanquam

377 2688 530 2720 servitute
552 2694 751 2730 exemptum.
782 2690 822 2722 cf.
838 2700 923 2730 supr.
939 2689 1049 2721 xxxiv.

379 2739 429 2772 52.

421 2785 435 2812 4
464 2775 597 2804 Obviam
612 2775 660 2805 ire
676 2774 788 2813 Ieyatz's
801 2774 945 2811 solitum]
983 2773 1049 2804 Vo-

378 2826 447 2847 cem
463 2817 588 2848 solitum
609 2826 667 2856 pro
687 2817 751 2848 alia
773 2816 934 2856 irrepsisse
949 2816 1048 2856 suspi-

1093 2055 1222 2095 ligenda
1242 2065 1310 2086 esse
1331 2059 1440 2086 censet
1459 2055 1651 2093 Crevierius,
1666 2065 1768 2095 quum

1095 2097 1132 2128 L.
1145 2097 1315 2129 Cornelius
1331 2097 1439 2137 Scipio
1455 2101 1604 2137 quaestor
1623 2099 1665 2128 ad
1687 2098 1767 2129 Pru-

1093 2139 1174 2170 siam
1197 2140 1338 2171 Romam
1362 2140 1544 2171 veuientem
1565 2140 1679 2171 missus
1699 2141 1767 2171 fue-

1093 2186 1152 2213 rat.

1142 2232 1159 2263 5
1183 2225 1370 2264 Profectus]
1414 2224 1621 2263 Lambecius,
1647 2224 1768 2256 citante

1096 2267 1252 2305 Hearnio,
1276 2268 1423 2298 observat
1449 2266 1482 2297 in
1506 2267 1661 2299 Biblioth.
1686 2267 1767 2298 Vin-

1095 2310 1211 2341 dobon.
1228 2309 1259 2341 ii.
1276 2320 1306 2349 p.
1324 2316 1396 2351 947.
1421 2313 1494 2349 post
1513 2320 1625 2340 vocem
1641 2311 1767 2349 prosec-

1095 2357 1146 2383 tus
1169 2352 1258 2391 sequi
1284 2352 1318 2382 in
1336 2352 1432 2382 unico
1454 2352 1633 2392 exemplari
1647 2356 1767 2383 actum-

1094 2405 1166 2435 que,
1181 2394 1326 2434 aliosque
1347 2394 1443 2425 etiam
1465 2395 1545 2424 duos
1561 2403 1668 2424 versus
1688 2393 1767 2425 olim

1094 2437 1200 2475 fuisse,
1221 2437 1276 2476 qui
1298 2447 1385 2467 nunc
1408 2446 1535 2476 prorsus
1557 2439 1768 2473 evanuerunt,

1094 2489 1154 2510 nec
1179 2479 1248 2509 ulla
1273 2479 1397 2509 ratione
1423 2488 1463 2509 ex
1489 2487 1601 2508 eorum
1629 2478 1768 2518 vestigiis

1094 2521 1172 2552 certi
1188 2521 1362 2560 quidquam
1379 2530 1471 2560 posse
1487 2519 1603 2560 colligi.
1644 2520 1766 2550 Totum

1094 2563 1233 2602 denique
1255 2563 1338 2593 illud
1354 2563 1506 2593 volumen
1527 2563 1634 2593 claudi
1657 2566 1768 2593 monet

1094 2604 1325 2644 subscriptione
1354 2605 1426 2642 hac,
1453 2614 1535 2644 quae
1562 2605 1602 2636 ob
1628 2608 1766 2636 vetusta-

1093 2651 1159 2678 tem
1175 2657 1258 2687 pene
1275 2647 1386 2677 oculos
1399 2646 1499 2686 fugit:

1354 2698 1419 2719 Tin
1436 2698 1506 2719 1.1V1

1280 2741 1322 2762 AB
1339 2740 1426 2762 URBE
1442 2740 1584 2762 CONDITA

1304 2783 1369 2805 Lm.
1386 2783 1464 2805 XLV.
1481 2783 1557 2805 EXP.

1203 2824 1267 2847 mc.
1284 2825 1348 2848 L113.
1366 2825 1458 2848 XLVI.
1475 2825 1661 2848 FELICHER.
1700 2824 1707 2828 ‘
