1888 3194
589 165 716 208 LIB.
750 163 897 206 XLII.
942 162 1090 206 CAP.
1124 168 1163 205 3.
1514 168 1568 207 41

178 260 320 317 aliquo
348 258 629 306 mitterentur,
659 255 826 313 singula
853 255 1045 296 iumenta
1073 269 1149 311 per
1179 253 1348 310 oppida,
1379 254 1460 296 iter
1489 270 1574 311 qua
1587 267 1632 300 U.
1649 267 1687 299 c.
1710 272 1784 307 579·

178 315 421 360 faciundum
442 323 544 365 erat,
566 315 850 371 imperabant:
887 312 1010 354 aliam
1041 312 1275 369 impensam
1297 311 1399 354 socii
1419 312 1465 352 in
1486 327 1574 354 ma·
1586 312 1627 343 A.
1649 311 1689 342 C.
1714 317 1784 348 173·

147 376 373 432 2gistratus
395 373 611 415 Romanos
631 387 718 414 non
737 371 959 413 faciebant.
1006 369 1169 411 Iniuria
1192 369 1388 419 consulis,
1410 369 1575 411 etiamsi

177 434 300 482 iusta,
325 447 413 473 non
448 440 592 473 tamen
623 430 669 471 in
704 429 950 486 magistratu
982 427 1232 478 exercenda,
1266 436 1310 469 et
1344 426 1573 478 silentium,

177 490 304 532 nimis
344 498 416 531 aut
455 488 706 538 modestum,
743 496 816 529 aut
851 486 1049 528 timidum
1079 485 1464 535 Praenestinorum,
1496 485 1574 535 ius,

177 547 295 590 velut
328 547 504 604 probato
539 546 749 603 exemplo,
782 544 1092 602 magistratibus
1126 543 1227 585 fecit
1260 543 1497 600 graviorum
1529 543 1576 584 in

178 605 270 648 dies
290 606 383 648 talis
403 605 569 662 generis
589 604 876 661 imperiorum.

236 664 454 721 Principio
473 663 600 704 huius
620 662 721 704 anni
746 661 887 719 legati,
909 661 985 718 qui
1004 660 1050 702 in
1071 659 1285 702 Aetoliam
1307 668 1350 701 et
1371 658 1575 701 Macedo·
1666 654 1704 715 25

178 722 293 764 niam
332 722 447 763 missi
482 730 614 772 erant,
650 721 961 770 renuntiarunt,
1000 719 1105 760 ‘sibi
1144 718 1427 760 conveniendi
1466 717 1575 774 regis
1588 709 1706 783 {cf-'gata
1719 721 1762 758 ex.

181 780 367 831 ‘Persei,
405 795 537 836 quum
577 779 647 821 alii
687 779 828 820 abesse
865 793 978 828 eum,
1012 776 1082 819 alii
1122 792 1294 834 aegrum
1334 791 1437 826 esse,
1473 775 1576 817 falso
1589 763 1785 826 Εῑῗξὲῒῶῗζὸ

181 844 450 895 ‘uti-umque,
475 838 696 895 fingerent,
717 845 970 894 potestatem
1000 851 1087 877 non
1116 835 1280 876 factam.
1344 833 1483 876 Facile
1515 843 1577 875 ta-
1589 839 1732 870 reduces.

182 902 196 921 ‘
210 911 309 938 men
331 896 570 954 apparuisse
592 895 682 946 sibi,
704 894 863 937 bellum
889 894 1036 951 parari,
1059 909 1137 935 nee
1160 893 1269 935 ultra
1298 892 1352 934 ad
1382 908 1497 934 arma
1517 892 1576 933 ire

182 961 196 980 ‘
210 954 450 996 dilaturum.
513 953 620 995 Item
646 954 692 994 in
713 953 885 994 Aetolia
913 951 1164 1005 seditionem
1193 951 1367 1008 gliscere
1398 951 1444 991 in
1474 950 1576 1001 dies,

182 1018 195 1037 ‘
210 1027 350 1069 neque
370 1011 675 1054 discordiarum
696 1011 908 1068 principes
929 1010 1174 1052 auctoritate
1196 1025 1271 1050 sua
1291 1008 1475 1051 coerceri
1502 1024 1579 1065 po-

182 1070 365 1112 ‘tuisse.’
428 1069 575 1118 Quum
615 1068 773 1110 bellum
807 1067 1137 1110 Macedonicum
1177 1067 1223 1108 in
1263 1067 1577 1124 exspectatione
1592 1072 1745 1122 Prodigia

180 1137 301 1180 esset,
333 1128 579 1185 priusquam
610 1126 656 1168 id
685 1126 980 1183 susciperetur,
1001 1124 1195 1182 prodigia
1216 1125 1388 1181 expiari,
1410 1140 1581 1181 pacem·
1592 1121 1732 1157 exp1ata.

148 1201 264 1244 3que
296 1186 425 1228 deum
450 1185 538 1243 peti
565 1184 890 1242 precationibus,
920 1184 994 1241 qui
1024 1182 1128 1225 editi
1155 1198 1209 1225 ex
1241 1182 1436 1224 fatalibus
1466 1182 1581 1224 libris

181 1253 333 1295 essent,
365 1244 534 1301 placuit.
597 1243 780 1285 Lanuvii
815 1242 954 1285 classis
984 1256 1161 1298 magnae
1193 1241 1352 1298 species
1387 1241 1433 1282 in
1463 1239 1581 1282 coelo

150 1303 292 1346 4visae
313 1303 586 1351 dicebantur;
621 1310 664 1343 et
684 1301 878 1342 Priverni
905 1300 1002 1342 lana
1025 1299 1141 1357 pulla
1162 1308 1273 1341 terra
1293 1307 1440 1349 enata3
1473 1308 1517 1340 et
1537 1298 1582 1339 in

150 1360 357 1405 5Veienti
392 1360 506 1417 apud
543 1359 799 1402 Rementem
835 1358 1096 1416 lapidatum3
1141 1357 1419 1415 Pomptinum
1456 1372 1580 1399 omne

181 1418 298 1461 velut
317 1419 501 1461 nubibus
521 1418 777 1460 locustarum
798 1427 1045 1474 coopertum
1065 1431 1178 1466 esse3
1211 1416 1256 1457 in
1281 1415 1446 1457 Gallico
1467 1430 1581 1472 agro,

148 1485 269 1534 6qua
302 1477 577 1519 induceretur
610 1485 806 1526 aratrum,
838 1476 914 1517 sub
949 1474 1246 1517 exsistentibus
1280 1473 1413 1531 glebis
1448 1473 1583 1530 pisces

183 1536 410 1578 emersisse.
476 1534 545 1578 Ob
566 1535 670 1576 haec
690 1533 883 1591 prodigia
902 1533 998 1575 libri
1018 1532 1164 1574 fatales
1184 1532 1376 1590 inspecti,
1399 1532 1583 1574 editum-

185 1609 268 1650 que
301 1594 353 1635 ab
388 1593 636 1635 decemviris
671 1601 745 1643 est,
778 1602 821 1634 et
851 1592 1004 1649 quibus
1037 1591 1130 1641 diis,
1163 1591 1400 1648 quibusque
1436 1590 1583 1632 hostiis

184 1651 498 1701 sacrificaretur,
521 1660 564 1692 et
592 1660 641 1692 ut
670 1649 920 1707 supplicatio
951 1648 1153 1706 prodigiis
1184 1648 1406 1706 expiandis
1436 1648 1580 1690 fieret:

185 1709 327 1760 altera,
346 1724 453 1766 quae
475 1709 612 1765 priore
635 1723 746 1749 anno
762 1707 1015 1749 valetudinis
1035 1707 1183 1764 populi
1204 1722 1328 1748 causa
1341 1715 1441 1748 vota
1461 1714 1582 1756 esset,

185 1783 236 1809 ea
255 1768 317 1809 uti
339 1767 551 1824 feriaeque
573 1775 722 1808 essent.
775 1765 925 1823 Itaque
948 1765 1226 1807 sacrificatum
1247 1774 1322 1815 est,
1344 1773 1393 1806 ut
1414 1764 1584 1806 decem-

184 1826 263 1868 viri
283 1826 484 1882 scriptum
505 1824 743 1866 ediderunt.

156 1894 174 1928 7
245 1883 410 1925 Eodem
440 1897 552 1924 anno
583 1882 698 1924 aedis
726 1881 903 1924 Iunonis
934 1880 1134 1922 Laciniae
1168 1881 1346 1923 detecta.
1413 1880 1467 1929 Q.
1483 1879 1584 1922 Ful·
1676 1886 1715 1924 3.

184 1941 277 1983 vius
308 1940 482 1983 Flaccus
516 1955 665 1982 censor
696 1939 845 1981 aedem
877 1939 1088 1980 Fortunae
1115 1938 1348 1996 Equestris,
1378 1954 1505 1995 quam
1538 1939 1583 1980 in
1598 1941 1705 1972 Aedes
1718 1942 1795 1973 For-

187 1999 268 2042 His
300 1999 395 2041 ania
424 2007 590 2056 praetor
617 1997 728 2039 bello
755 1997 1011 2039 Celtiberico
1042 2006 1226 2047 voverat,
1258 1997 1437 2038 faciebat
1466 1985 1757 2059 enisotffissffriE‘

185 2015 339 2108 studio,
361 2073 416 2099 ne
438 2056 572 2098 ullum
601 2055 764 2098 Romae
795 2055 976 2112 amplius
1006 2064 1079 2096 aut
1108 2055 1448 2112 magnificentius
1479 2037 1617 2097 tem·q
1719 2039 1744 2060 δ’

185 2116 304 2174 plum
336 2124 456 2158 esset.
519 2114 729 2171 Magnum
765 2122 1063 2155 ornamentum
1096 2113 1136 2155 ei
1169 2113 1326 2170 templo
1362 2123 1476 2155 ratus
1512 2113 1586 2155 ad-
1598 2121 1744 2162 Tegulae

185 2175 407 2225 iecturum,
429 2174 464 2215 si
490 2172 655 2230 tegulae
683 2187 940 2214 marmoreae
970 2180 1122 2222 essent,
1144 2172 1357 2228 profectus
1384 2172 1430 2213 in
1458 2171 1586 2214 Brut·
1598 2174 1799 2238 mamhoreae

186 2233 279 2283 tios,
302 2233 449 2275 aedem
471 2231 648 2274 Iunonis
669 2230 870 2273 Laciniae
892 2229 946 2272 ad
973 2240 1136 2287 partem
1158 2229 1376 2272 dimidiam
1399 2230 1583 2288 detegit3
1599 2218 1691 2281 ἓξὲξ
1708 2209 1797 2282 {25²-

186 2291 230 2333 id
251 2291 349 2333 satis
367 2291 455 2333 fore
476 2299 590 2332 ratus
611 2289 666 2331 ad
686 2288 931 2347 tegendum,
949 2288 1067 2346 quod
1087 2287 1390 2331 aedificaretur.
1445 2288 1586 2331 Naves
1599 2293 1772 2368 ξῐὶἓὲῗξθάε·

908 2446 983 2467 nem
1001 2435 1245 2467 Gronovianam
1261 2438 1331 2468 visa
1352 2437 1519 2468 dicebatur
1541 2447 1588 2468 re-

910 2479 1017 2520 posuit
1035 2479 1177 2510 Bekker.

955 2531 971 2561 5
996 2524 1099 2562 Apud
1122 2523 1322 2561 Rementem]
1368 2522 1501 2554 Nomen
1526 2523 1587 2554 loci

236 2446 254 2467 2
279 2437 413 2468 Iniuria
440 2437 597 2475 consulis]
640 2438 697 2467 Ira
723 2437 864 2467 consulis

188 2480 361 2520 legendum
375 2480 443 2510 vult
455 2479 647 2510 Gronovius.
678 2481 721 2510 In
732 2481 783 2510 ira
793 2490 863 2511 con-

187 2525 278 2560 sulis,
294 2523 403 2554 deleta
427 2522 587 2562 particula
608 2528 638 2553 et
661 2527 737 2553 ante
755 2533 864 2554 vocem

188 2567 364 2603 silentium,
380 2566 528 2596 Schelius
544 2566 706 2597 emendat.

231 2618 250 2649 3
275 2611 339 2647 Qui
355 2610 448 2647 editi]
478 2609 530 2639 lta
543 2609 708 2639 Gronovio
723 2613 868 2646 auctore,

189 2652 331 2692 reposuit
347 2652 528 2687 Bekkerus,
539 2652 594 2683 sed
607 2652 771 2692 vulgatum
784 2663 868 2693 quae

188 2697 293 2727 editae
315 2696 506 2726 servandum
532 2700 663 2733 censent
678 2695 819 2727 Crevier.
836 2699 868 2725 et

190 2738 436 2770 Drakenborch.
461 2738 583 2778 quippe
611 2742 679 2768 tam
711 2738 865 2778 precatio-

189 2792 258 2819 nes,
285 2792 381 2821 quani
414 2782 502 2817 deos,
526 2792 566 2812 ex
598 2781 685 2811 libris
716 2782 867 2812 finalibus

190 2825 388 2855 decemviros
411 2825 559 2860 edidisse,
580 2830 611 2855 ct
633 2824 665 2855 in
689 2825 770 2855 votis
792 2835 866 2854 con-

190 2867 346 2908 cipiendis
363 2869 456 2898 verba
480 2867 631 2908 praeiisse
654 2867 774 2898 indicat
795 2878 865 2898 nos-

191 2914 250 2947 ter,
265 2921 351 2950 supr.
367 2911 423 2942 xli.
442 2920 490 2941 21.

240 2965 258 2991 4
292 2955 382 2985 Ιίἐασ
408 2955 614 2992 dicebantur]
657 2953 865 2987 Emendatio-

911 2565 1123 2606 incognitum,
1145 2576 1202 2606 pro
1225 2576 1289 2605 quo
1313 2567 1494 2606 suspicatur
1509 2567 1589 2598 Clu·

913 2609 1017 2640 verius
1033 2609 1094 2650 legi
1112 2619 1204 2648 posse
1220 2610 1412 2640 Cremeram.

958 2651 978 2683 6
1000 2653 1068 2683 Sub
1097 2653 1323 2684 exsistentibus
1348 2653 1465 2692 ylebis]
1511 2652 1589 2683 Pro-

912 2695 1098 2732 deuntibus,
1127 2696 1226 2726 erutis
1258 2700 1290 2726 et
1326 2706 1451 2726 sursum
1486 2695 1588 2726 iactis.

911 2739 951 2769 cf.
972 2739 1042 2770 Cic.
1071 2738 1168 2769 Tnsc.
1196 2738 1241 2774 Q.
1268 2738 1312 2769 iii.
1337 2747 1387 2777 34.
1433 2740 1587 2770 Ceterum

911 2781 1015 2821 pisces
1030 2780 1154 2812 fossiles
1171 2781 1263 2812 variis
1280 2782 1357 2812 locis
1373 2782 1494 2812 inventi
1519 2792 1588 2811 nar-

912 2829 1031 2855 rantur.
1059 2825 1099 2855 cf.
1119 2825 1234 2864 Pomp.
1260 2825 1351 2855 Mela
1374 2824 1405 2855 ii.
1430 2834 1459 2863 5.
1483 2825 1588 2855 Strab.

911 2867 951 2899 iv.
970 2868 1037 2898 182.
1064 2867 1149 2898 l'lin.
1168 2868 1213 2898 ll.
1233 2867 1275 2898 N.
1294 2868 1347 2899 xii.
1366 2876 1415 2906 57.

960 2918 976 2949 7
1001 2912 1116 2949 Aedis]
1158 2910 1301 2951 Antique
1330 2921 1386 2950 pro
1413 2912 1515 2942 aedes.
1546 2910 1587 2941 cf.

911 2964 997 2993 supr.
1015 2953 1033 2985 i.
1051 2962 1102 2994 33.
1124 2953 1165 2986 iv.
1184 2962 1233 2993 25-
