1888 3194
606 177 1035 222 KREYSSIGII.
1438 187 1519 226 385

112 290 324 346 praelata
357 288 484 331 ineo
517 286 732 342 triumpho
764 293 878 336 sunt,
912 287 1030 342 quod
1063 287 1104 328 in
1138 287 1233 328 cod.
1271 288 1423 330 Bamb.
1457 305 1522 331 re·

118 357 301 413 peritur,
323 354 420 396 Lib.
444 352 719 395 XXXVIII.
746 354 808 395 16.
831 354 990 396 seditio
1015 360 1111 396 orta
1140 369 1219 409 pro
1246 355 1402 396 seditio
1424 363 1521 397 orta

119 431 197 474 est,
217 423 334 479 quod
361 420 536 476 vulgato
565 428 662 462 orta
692 422 848 463 seditio
879 428 944 463 est
974 436 1061 463 non
1091 430 1314 477 praestare
1335 423 1520 473 videtur,

118 499 163 534 et
182 506 275 546 cap.
298 489 366 530 45.
390 504 482 531 cum
510 489 571 530 ibi
599 490 756 530 nullam
779 504 954 530 eausam
977 489 1079 532 belli
1099 490 1306 532 inveniret
1327 505 1407 545 pro
1429 506 1522 532 cum

117 559 179 601 ibi
208 557 368 600 nullam
399 557 500 598 belli
532 572 709 598 eausam
737 557 969 598 invenisset
998 557 1086 598 sive
1116 558 1262 612 potius
1294 558 1520 608 inveniret,

117 625 236 681 quod
255 625 389 667 ceteri
411 624 584 666 codices
607 624 812 674 offerunt,
830 625 1058 667 admittere
1077 640 1163 666 non
1185 626 1413 668 dubitavit.

174 693 291 736 Tum
313 693 560 742 Bekkerus,
584 693 659 748 qui
689 694 961 749 incorruptas
993 694 1155 736 codicis
1187 693 1522 750 Bambergensis

115 761 331 811 lectiones,
359 776 385 802 a
415 761 537 803 nobis
568 761 727 818 pariter
757 776 805 803 ac
838 760 1304 818 Baumgarten-Crusio
1337 775 1414 818 per
1442 761 1522 802 im-

116 829 386 887 prudentiam
419 829 644 886 neglectas,
681 829 814 871 veluti
849 828 945 871 Lib.
984 828 1160 870 XXXI.
1201 832 1264 870 12.
1304 844 1445 870 curam
1479 837 1524 871 et

116 898 382 939 accenderunt
411 912 486 954 pro
517 913 642 939 causa
673 906 716 939 et
746 899 990 947 acciderunt,
1024 912 1114 954 cap.
1154 900 1217 939 15.
1252 913 1416 938 suorum
1446 912 1523 954 pro

116 968 277 1016 sociam,
320 980 409 1022 cap.
449 968 516 1007 50.
560 969 631 1021 qui
662 973 831 1021 praetor
870 967 1100 1023 deszjqnatus
1145 973 1235 1006 erat
1283 981 1358 1022 pro
1409 981 1523 1022 quem

109 1040 337 1090 praetorem
364 1034 681 1088 desiqnaverant,
713 1033 807 1074 Lib.
839 1033 1038 1075 XXXII.
1068 1036 1130 1075 16.
1161 1035 1377 1075 Piraeeum
1399 1050 1523 1089 prae-

116 1104 219 1144 cedit
247 1116 325 1158 pro
357 1103 573 1142 Piraeeum
600 1103 821 1156 praecepit,
859 1101 958 1142 ibid.
995 1104 1126 1152 iussis,
1162 1110 1208 1143 ut
1238 1118 1416 1159 quaeque
1447 1118 1523 1160 pro

115 1174 317 1227 iussitque,
360 1178 416 1220 ut,
458 1185 573 1225 quae,
616 1184 705 1225 cap.
751 1173 819 1211 23.
863 1186 930 1211 sex·
974 1172 1087 1211 milia
1122 1173 1318 1226 pediturn,
1361 1175 1526 1213 trecenti

114 1241 260 1296 equites
290 1252 368 1294 pro
394 1239 577 1293 peditum
611 1240 785 1293 quinque
817 1239 930 1278 milia
963 1245 1002 1279 et
1035 1242 1200 1280 trecenti
1233 1242 1392 1295 equites,
1425 1239 1520 1281 Lib.

115 1305 338 1349 XXXIII.
365 1309 429 1347 10.
463 1307 520 1346 ibi
546 1320 624 1362 pro
655 1307 734 1355 ubi,
767 1321 856 1362 cap.
888 1309 956 1347 23.
985 1307 1168 1362 plerique
1197 1322 1274 1363 pro
1297 1308 1521 1363 plerosque,

113 1390 203 1432 cap.
233 1377 301 1418 27.
325 1375 495 1430 perinde
524 1381 644 1430 atque
673 1377 771 1429 ipsis
801 1377 851 1415 iis
877 1381 915 1415 et
941 1390 1018 1416 non
1048 1376 1239 1426 Quinctio
1265 1382 1304 1416 et
1323 1376 1523 1416 Romanis

113 1444 159 1485 id
179 1444 320 1484 datum
345 1449 444 1483 esset
469 1457 545 1499 pro
567 1444 736 1498 perinde
766 1449 885 1498 atque
915 1444 996 1498 ipsi
1024 1444 1068 1483 id
1095 1459 1121 1483 a
1156 1444 1346 1494 Quinctio
1376 1450 1414 1484 et
1438 1445 1523 1485 Ro-

113 1514 246 1554 manis
272 1513 412 1552 datum
446 1519 554 1561 esset,
588 1526 678 1568 cap.
714 1514 782 1553 32.
818 1512 889 1551 sed
917 1513 1160 1553 sermonibus
1191 1515 1311 1553 etiam
1331 1514 1527 1567 ferebant

112 1595 191 1639 pro
223 1582 294 1622 sed
325 1582 569 1622 sermonibus
600 1583 719 1622 etiam
752 1581 944 1629 serebant,
979 1579 1074 1621 Lib.
1113 1581 1337 1623 XXXIV.
1365 1584 1405 1622 2.
1439 1583 1524 1621 sine

114 1656 242 1691 tutore
274 1655 436 1690 auctore
465 1663 542 1705 pro
574 1651 659 1689 sine
691 1655 830 1698 tutore,
863 1663 952 1704 cap.
982 1651 1044 1690 19.
1075 1649 1168 1689 deni
1193 1663 1269 1704 pro
1297 1650 1401 1699 dein,
1430 1664 1518 1706 cap.

113 1720 182 1762 37.
221 1719 325 1760 nihil
362 1719 593 1773 responderi
630 1724 668 1757 et
706 1717 847 1757 bellum
884 1719 975 1771 qeri
1013 1731 1089 1773 pro
1131 1718 1235 1758 nihil
1272 1719 1519 1773 respondere,

112 1787 256 1828 bellum
271 1789 373 1842 yeri,
398 1785 493 1826 Lib.
519 1784 791 1827 XXXVIII.
821 1787 883 1825 13.
915 1785 1120 1825 castellum
1148 1786 1190 1824 vi
1216 1787 1330 1840 cepit,
1359 1792 1520 1840 captum

113 1855 463 1896 Alabandensibus
505 1854 635 1893 reddit
679 1866 755 1907 pro
802 1853 1006 1892 castellum
1053 1854 1094 1891 vi
1133 1859 1295 1907 captum
1335 1854 1522 1895 Alaban-

112 1924 296 1964 densibus
323 1922 465 1970 reddit,
491 1929 534 1961 et
563 1934 652 1975 cap.
682 1922 749 1960 22.
781 1922 830 1959 iis
862 1935 954 1960 vero
987 1935 1063 1960 non
1097 1921 1416 1962 vulnerabantur
1444 1936 1521 1978 pro

112 1991 158 2032 1ιί
181 2005 272 2031 vero
301 2004 378 2030 non
414 1989 744 2036 vulnerabantur,
768 1986 953 2043 aliasque
987 2002 1041 2028 cx
1073 1986 1262 2029 Goelleri
1295 1988 1519 2030 collatione

111 2058 265 2116 petitas
286 2057 465 2114 vulgatis
492 2065 606 2098 recte
635 2055 864 2105 substituit,
893 2055 1124 2112 permultas
1148 2055 1251 2097 alias
1272 2071 1358 2098 non
1381 2057 1521 2098 minus

112 2127 387 2182 incorruptaS,
409 2124 485 2166 sed
512 2139 537 2166 a
563 2123 764 2165 Goellero
792 2123 967 2180 eiusque
996 2123 1109 2165 socio
1139 2125 1451 2180 praetermissas
1478 2134 1522 2166 et

112 2209 167 2237 ex
188 2195 279 2251 ipso
304 2193 450 2235 codice
475 2191 694 2249 petendaS,
717 2206 803 2233 non
832 2191 1003 2248 recepit.
1069 2191 1235 2234 Harum
1258 2208 1443 2250 quoque,
1473 2202 1520 2234 ut

113 2262 263 2305 dubias
299 2260 389 2303 illas
425 2260 519 2302 Lib.
557 2260 785 2302 XXXIII.
827 2263 889 2302 17.
928 2262 1114 2302 ditionem
1155 2276 1232 2318 pro
1272 2263 1518 2312 deditionem,

111 2345 202 2388 cap.
229 2333 294 2371 18.
323 2331 505 2370 admovet
531 2343 606 2385 pro
636 2331 769 2378 movit,
800 2327 900 2368 ibid.
923 2330 1117 2383 fecerunt
1148 2344 1224 2386 pro
1244 2332 1395 2385 fecere,
1427 2345 1516 2387 cap.

115 2401 180 2441 19.
218 2413 450 2454 quanquam
486 2411 562 2454 pro
597 2399 793 2452 quamvis,
831 2411 920 2453 cap.
960 2399 1027 2438 24.
1066 2399 1117 2438 ab
1160 2399 1208 2439 T.
1242 2399 1408 2450 Quintio
1443 2414 1519 2455 pro

112 2481 140 2507 a
184 2467 234 2508 T.
267 2467 468 2517 Quinctia,
505 2480 594 2521 cap.
639 2468 706 2507 28.
750 2472 795 2506 ut
833 2480 988 2506 servum
1025 2469 1224 2507 conscium
1259 2468 1411 2509 tolleret
1443 2482 1519 2524 pro

113 2549 268 2576 servum
299 2537 497 2575 conscium
528 2535 690 2584 tolleret,
721 2548 810 2590 cap.
841 2537 908 2575 29.
940 2537 1165 2590 interempti
1193 2550 1269 2592 pro
1300 2538 1517 2592 intercepti,

113 2617 203 2661 cap.
251 2606 319 2644 31.
372 2604 635 2658 aqitabantur
685 2617 762 2658 pro
813 2604 1109 2653 tractabantur,
1161 2619 1251 2660 cap.
1299 2607 1367 2646 36.
1416 2608 1519 2646 inter

113 2672 285 2713 tumulos
312 2672 504 2727 quosdam
533 2685 609 2727 pro
639 2673 680 2711 in
708 2671 860 2711 tumulo
886 2673 1072 2726 quodam,
1095 2686 1184 2729 cap.
1209 2675 1276 2714 39.
1300 2674 1351 2713 ab
1382 2674 1518 2714 Thaso

113 2754 190 2796 pro
216 2756 243 2781 a
273 2741 424 2790 Thaso,
451 2754 540 2796 cap.
570 2743 639 2781 42.
669 2747 706 2780 et
734 2741 797 2780 M
822 2740 994 2780 Porcius
1023 2741 1124 2781 Cato
1153 2755 1229 2796 pro
1257 2741 1321 2781 M.
1346 2741 1517 2781 Porcius

121 2807 236 2857 Cato,
257 2822 346 2864 cap.
370 2811 439 2850 43.
464 2815 510 2850 ut
527 2809 715 2849 scriberet
737 2823 814 2865 pro
835 2809 1004 2849 scribere
1025 2808 1090 2850 vel
1110 2810 1308 2858 scriberet,
1331 2823 1420 2865 cap.
1444 2812 1512 2849 44.

115 2877 232 2917 iussit
238 2877 383 2930 faeere
402 2891 479 2932 pro
501 2878 752 2930 iussisacere
776 2876 862 2917 sive
887 2876 1028 2932 potius
1053 2878 1308 2930 iussisecere,
1330 2875 1513 2932 aliasque

173 2956 272 2983 vot..
298 2956 355 2984 iv.
1214 2957 1238 2983 c
1260 2958 1282 2982 c
