1888 3194
4 11 34 330 1

147 810 165 841 3

148 952 165 983 5

146 999 166 1031 6

147 1179 165 1213 7

145 1230 165 1261 8

144 1296 165 1329 9

151 326 169 348 2
182 308 291 364 regis
314 307 619 363 impedimento
639 315 760 348 esset.

565 159 694 202 LIB.
725 159 892 202 XLIV.
938 161 1088 203 CAP.
1122 165 1191 203 46.
1498 166 1575 207 171

181 265 336 292 manu:
369 249 493 292 simul
523 258 570 290 ut
603 249 793 291 Sinticen
823 258 1041 300 evastaret,
1067 259 1111 291 et
1142 250 1196 291 ad
1229 265 1376 292 omnes
1406 261 1580 294 conatus
1596 257 1640 289 U·
1657 257 1695 289 C·
1719 258 1791 298 584.

823 306 942 348 Inter
968 307 1072 348 haec
1094 307 1311 349 Meliboea
1337 323 1362 349 a
1391 308 1472 350 Cn.
1494 309 1580 351 Oc·
1593 301 1633 332 A.
1657 301 1696 332 C·
1722 300 1793 335 ¹⁶⁸·

181 365 292 406 tavio
332 365 496 420 capitur
532 363 840 420 diripiturque·
885 364 938 405 ad
972 364 1219 421 Aeginium,
1256 365 1310 406 ad
1347 366 1463 421 quod
1505 381 1580 422 op—

179 421 455 486 pugnandum
503 420 584 462 Cn.
620 421 799 462 Anicius
844 421 1006 478 legatus
1052 437 1200 463 mlssus
1245 431 1347 471 erat,
1389 422 1577 474 ducenti,

179 478 400 534 eruptione
431 493 484 519 ex
516 478 673 534 oppido
703 478 825 527 faeta,
855 479 995 520 amissi
1025 488 1136 529 sunt,
1167 480 1322 535 ignaris
1344 479 1579 535 Aeginien-

178 536 291 577 sibus
323 535 579 577 debellatum
615 551 716 577 esse.
783 535 958 586 Consul,
985 551 1010 577 a
1041 536 1193 602 Pydna
1224 537 1448 592 profectus,
1480 552 1578 578 cum
1592 550 1714 581 Consul

179 601 268 634 toto
296 593 486 634 exercitu
510 593 580 634 die
608 593 739 634 altero
760 593 921 634 Pellam
953 594 1171 650 pervenit:
1205 604 1260 643 et,
1283 609 1417 659 quum
1444 593 1721 636 castraP0¹1³¹11
1738 604 1789 625 ve-

177 649 291 691 mille
331 665 476 706 passus
511 650 610 692 inde
646 651 865 707 posuisset,
902 666 978 707 per
1013 650 1174 707 aliquot
1210 651 1300 693 dies
1334 651 1395 693 ibi
1429 635 1650 694 stativam.

177 706 337 757 habuit,
374 707 500 748 situm
536 708 651 749 urbis
687 708 875 764 undique
917 708 1149 765 aspicien83
1195 723 1320 765 quam
1358 724 1444 750 non
1486 709 1577 751 sine

177 779 302 806 causa
320 764 527 806 delectam
553 781 641 807 esse
670 766 828 822 regiam
856 765 1047 807 advertit.
1114 766 1203 808 Sita
1230 776 1293 808 est
1323 766 1367 807 in
1399 766 1576 832 tumulo,

146 831 377 884 4vergente
399 822 444 863 in
465 823 730 864 occidentem
752 823 988 865 hibernum.
1045 822 1239 880 Cingunt
1259 823 1466 880 paludes
1456 839 1577 866 mex-

146 857 424 935 4superabilis
454 879 689 922 altitudinis
719 890 875 922 aestate
906 890 949 922 et
977 859 1159 931 hieme,e>
1145 896 1262 946 ‘quas
1289 890 1577 938 restagnantes

177 936 337 978 faciunt
357 936 482 978 lacus.
545 937 633 979 In'
624 953 713 994 lpsa
733 938 901 994 palude,
924 953 1009 994 qua
1035 939 1227 994 proxima
1248 939 1342 980 urbi
1363 948 1438 989 est,
1462 939 1577 980 velut

178 993 326 1043 insula,
363 995 534 1044 eminet,
571 996 711 1051 aggeri
752 996 888 1051 operis
929 995 1112 1051 ingentis
1153 996 1373 1052 imposita:
1419 996 1493 1052 qui
1534 1006 1577 1038 et

177 1065 344 1092 murum
386 1053 602 1101 sustineat,
644 1061 687 1092 et
731 1052 906 1093 humore
948 1052 1222 1094 circumfusae
1263 1053 1429 1108 paludis
1469 1053 1576 1094 nihil

176 1107 377 1149 laedatur.
441 1108 570 1150 Maro
603 1109 716 1150 urbis
749 1109 977 1150 coniuncta
1007 1109 1154 1165 procul
1187 1109 1364 1151 videtur.
1429 1110 1577 1152 Divisa

177 1172 240 1206 est
268 1165 530 1207 intermurali
555 1166 681 1215 amni,
704 1175 748 1207 et
775 1166 923 1207 eadem
952 1175 1081 1222 ponte
1110 1167 1277 1208 iuncta:
1312 1176 1359 1208 ut
1386 1183 1477 1217 nec,
1501 1183 1576 1224 op-

177 1232 393 1279 pugnante
427 1232 616 1273 externo,
651 1223 813 1265 aditum
846 1223 898 1264 ab
930 1223 1016 1264 ulla
1046 1232 1164 1280 parte
1198 1224 1376 1273 habeat3
1414 1240 1506 1274 nec,
1541 1225 1575 1266 si

177 1294 304 1336 quem
327 1280 384 1322 ibi
413 1295 487 1322 rex
512 1280 713 1330 includat,
736 1280 869 1322 ullum
898 1281 979 1321 nisi
993 1296 1083 1346 ‘per
1109 1281 1330 1323 facillimae
1358 1282 1574 1323 custodiae

175 1346 350 1393 pontem
372 1338 585 1394 effugium.
651 1338 706 1380 Et
730 1353 831 1394 gaza
855 1338 971 1394 regia
991 1339 1035 1379 in
1056 1354 1106 1380 eo
1127 1339 1220 1380 loco
1241 1347 1355 1380 erat:
1389 1339 1463 1380 sed
1484 1349 1575 1380 tum

176 1394 280 1435 nihil
322 1404 487 1451 praeter
527 1404 715 1437 trecenta
754 1395 924 1445 talenta,
961 1411 1069 1452 quae
1110 1396 1234 1438 missa
1272 1396 1432 1438 Gentio
1471 1397 1574 1453 regi,

176 1451 332 1494 deinde
365 1462 530 1494 retenta
553 1453 732 1503 fuerant,
762 1453 982 1494 inventum
1014 1462 1087 1494 est.
1151 1453 1235 1495 Per
1264 1469 1370 1510 quos
1400 1454 1490 1495 dies
1521 1454 1575 1495 ad

177 1508 339 1550 Pellam
367 1510 516 1551 stativa
535 1510 718 1561 fuerunt,
741 1510 972 1567 legationes
993 1511 1248 1566 frequentes,
1271 1526 1379 1567 quae
1401 1511 1454 1552 ad
1479 1527 1574 1568 gra-

177 1566 398 1608 tulandum
421 1577 718 1618 convenerant,
741 1568 923 1609 maxime
944 1583 998 1609 ex
1020 1568 1249 1619 Thessalia,
1272 1569 1439 1610 auditae
1461 1578 1570 1610 sunt.

179 1623 346 1665 Nuntio
382 1624 537 1666 deinde
579 1634 765 1681 accept0‚
803 1625 957 1666 Persea.
994 1624 1307 1667 Samothracam
1348 1627 1719 1676 traieclsse,De1nde

177 1681 389 1738 profectus
422 1697 445 1722 a
477 1681 594 1723 Pella
622 1682 767 1723 consul
799 1682 957 1737 quartis
990 1683 1131 1723 castris
1157 1683 1446 1739 Amphipolim
1479 1699 1574 1739 per-
1587 1683 1768 1723 Amphipo

179 1739 306 1779 venit.
370 1738 514 1780 Effusa
535 1740 670 1780 omnis
691 1739 855 1781 obviam
882 1740 1002 1780 turba
1027 1740 1159 1780 cuivis
1184 1740 1341 1781 indicio
1363 1750 1464 1790 erat,
1487 1756 1574 1782 non
1588 1725 1656 1758 hm

222 1893 238 1914 2
262 1885 359 1923 Reqis
385 1885 608 1924 impedimento
635 1886 731 1923 esset]
771 1885 853 1923 Reyi

177 1926 361 1957 Gronovius
383 1927 555 1966 legendum
580 1927 706 1963 suadet,
721 1930 755 1957 at
779 1937 852 1957 con-

175 1973 298 2001 stanter
313 1969 385 2000 edd.
401 1980 513 1999 omnes
527 1971 612 2009 reyis
627 1969 793 1999 exhibent.

220 2021 238 2051 3
264 2013 307 2042 In
321 2013 511 2043 occidentem
528 2013 716 2050 hibernum]
746 2012 785 2042 In
806 2022 850 2041 re-

175 2053 303 2094 gionem
321 2054 404 2085 inter
419 2054 619 2085 occidentem
637 2059 667 2085 et
685 2054 851 2084 meridiem

176 2097 281 2128 sitam.
300 2097 426 2129 Rasca.
461 2097 616 2127 Similiter
628 2098 715 2136 apud
730 2097 851 2127 Herod.

177 2138 198 2171 i.
234 2148 304 2180 193,
340 2139 415 2178 πρὸς
444 2139 536 2176 ἥλιον
565 2138 760 2179 τετραμμένη
797 2138 854 2168 τὸν

177 2180 366 2221 χειμερινόν.

222 2235 241 2262 4
256 2225 534 2264 Inessttperabilis
549 2225 750 2262 altitudinis]
771 2224 853 2254 Vult

179 2266 292 2298 Livius
315 2267 451 2306 paludes
474 2267 543 2300 has.
569 2272 739 2307 propterea
767 2267 853 2306 quod

179 2310 269 2340 lacus
306 2315 525 2347 restagnantes
562 2310 593 2339 iu
633 2320 687 2340 eas
727 2319 853 2349 semper

177 2362 294 2391 aquam
327 2352 514 2387 infundunt,
541 2362 719 2391 nunquam,
746 2362 783 2382 ac
814 2363 853 2382 ne

177 2399 299 2425 aestate
325 2394 467 2433 quidem,
493 2396 537 2425 ita
561 2395 727 2431 exsiccari,
743 2399 777 2424 ut
803 2405 854 2434 pe-

178 2437 272 2468 dibus
288 2437 428 2476 imperari
449 2437 580 2476 posunt.
607 2437 745 2468 Dvxfflt.

222 2490 239 2519 5
272 2481 363 2511 Velut
400 2481 521 2516 insula,
556 2481 689 2517 emimt]
740 2479 856 2510 Inserit

179 2522 365 2553 Gronovius
401 2533 509 2552 vot-em
548 2534 610 2552 ars
642 2522 701 2552 hoc
737 2522 853 2552 modo:

177 2566 266 2597 velut
310 2566 418 2595 insula
456 2566 572 2595 mainel
610 2563 704 2604 (ar-r)
742 2566 853 2604 nyyeri

177 2610 282 2648 operis
304 2609 442 2646 inuentis
464 2609 620 2647 imposita.
670 2608 776 2646 Atque
793 2607 853 2637 hoc

178 2650 307 2690 quidem
326 2650 442 2680 0111111111
458 2654 516 2685 est,
532 2650 718 2680 dubitamus
734 2655 854 2686 tamen,

177 2702 218 2723 an
233 2693 277 2723 ita
289 2692 410 2722 dederit
426 2692 542 2723 Livius.
575 2694 688 2723 Insula
705 2691 853 2728 intelligi-

177 2739 230 2765 tur
243 2735 402 2765 interdum
415 2745 531 2774 corpus
540 2735 702 2774 quoddam
714 2734 853 2764 aeditici-

178 2786 268 2807 orum
288 2777 370 2808 inter
381 2788 414 2807 ac
427 2777 711 2813 01111111·10111111111,11
725 2777 854 2816 reliquis

180 2819 333 2850 aedificiis
363 2820 500 2850 divisum
534 2830 589 2859 per
623 2819 708 2849 vicos
737 2820 854 2859 (1111111111

182 2861 322 2900 undique
338 2862 484 2901 cingitur.
531 2862 655 2898 Quidni
679 2862 774 2899 igitur
793 2863 854 2892 hoc

183 2903 247 2933 fore
274 2913 367 2934 sensu
393 2909 499 2934 noster
525 2904 576 2935 hic
601 2906 740 2935 insulam
769 2915 851 2935 sum-

900 1884 1008 1922 pserit,
1025 1895 1124 1924 quum
1148 1885 1333 1924 praesertim
1350 1886 1465 1915 doceat
1484 1896 1517 1916 se
1533 1886 1574 1916 de

897 1927 1045 1957 aedificio
1077 1927 1176 1966 loqui,
1208 1938 1271 1957 non
1303 1928 1344 1957 de
1374 1928 1461 1958 nudo
1493 1929 1574 1964 solo,

897 1969 973 1999 dum
987 1969 1097 1999 adiicit
1112 1969 1249 2000 insulam
1267 1970 1371 2009 aggeri
1389 1970 1571 2009 impositam

897 2014 991 2042 esse?
1039 2012 1167 2042 Iudicet
1185 2012 1292 2043 lector.
1318 2013 1424 2043 (Jassv.

940 2053 959 2084 6
984 2055 1047 2091 Qui
1077 2059 1107 2085 et
1137 2065 1265 2084 murum
1295 2056 1470 2093 ,em-tinent]
1509 2057 1572 2092 Qui

897 2106 991 2135 agger
1011 2101 1041 2127 et
1060 2108 1187 2128 murum
1203 2097 1296 2133 arcis,
1313 2097 1378 2127 sive
1394 2097 1518 2128 insulae
1534 2109 1573 2128 eo

897 2140 994 2169 modo
1015 2146 1165 2178 sumptae
1186 2150 1249 2178 quo
1269 2140 1488 2179 exposuimus,
1504 2152 1571 2171 sus-

897 2182 1010 2217 tineat,
1021 2187 1051 2212 et
1063 2183 1195 2213 hamore
1211 2184 1428 2221 circumfusae
1441 2184 1574 2222 paludis

897 2225 983 2254 nihil
1002 2226 1161 2255 laedatur.
1207 2226 1360 2256 Ceterum
1387 2236 1450 2255 non
1477 2226 1573 2256 1110110

898 2266 1119 2306 1111011131111118,
1142 2267 1197 2306 qui
1222 2267 1329 2297 minus
1350 2278 1445 2307 agger
1468 2268 1572 2298 laede·

899 2314 985 2339 retur
1003 2311 1043 2339 ab
1059 2320 1154 2349 aqua,
1171 2320 1266 2349 quam
1290 2321 1387 2340 saxea
1409 2320 1570 2341 murorum

899 2352 1009 2382 moles.
1059 2353 1232 2383 Videretur
1263 2353 1369 2392 potius
1398 2353 1571 2383 diceuduzu

899 2404 1013 2432 aggere
1030 2394 1086 2424 illo
1103 2401 1134 2425 et
1152 2395 1298 2425 sustiueri
1317 2405 1456 2431 murum,
1473 2401 1503 2425 et
1521 2397 1573 2426 de-

901 2437 985 2467 fendi
1005 2448 1044 2467 nc
1063 2437 1198 2468 11111111110
1217 2437 1430 2468 circumfusae
1448 2439 1575 2477 paludis

902 2480 1057 2510 laedatur.
1090 2481 1140 2510 Ad
1158 2490 1231 2510 eum
1245 2490 1373 2510 sensum
1388 2485 1575 2520 optaremus

902 2527 937 2552 ut
958 2522 1053 2553 facile
1075 2523 1184 2561 refingi
1209 2528 1339 2562 possent
1362 2523 1444 2553 Livii
1469 2524 1573 2555 verba.

899 2565 1005 2596 Ciu-zv.

945 2615 959 2645 7
984 2609 1214 2646 lntermurali]
1271 2608 1345 2638 Vox
1392 2608 1548 2639 rarissimu
1566 2621 1571 2639 :

900 2649 991 2680 cuius
1017 2661 1127 2680 sensus
1153 2662 1221 2681 esse
1248 2650 1383 2686 videtur,
1408 2651 1490 2680 inter
1517 2652 1572 2681 du-

901 2692 1016 2732 plieem
1040 2703 1165 2723 murum
1190 2694 1464 2729 ί11101110,11111111111
1489 2694 1574 2723 urbis

900 2740 931 2765 et
948 2745 1073 2765 murum
1091 2736 1182 2766 areis.
1207 2738 1314 2767 cium.

941 2780 960 2806 8
985 2778 1116 2807 iditum
1140 2801 1147 2808 .
1190 2778 1352 2817 ,ΙιιιΙιίιΙῙ
1384 2779 1495 2809 [Ἧιιυι
1521 2778 1573 2807 1111-

899 2820 971 2850 110111
990 2820 1096 2850 locum
1116 2831 1172 2859 per
1187 2831 1283 2859 quem
1300 2821 1379 2851 adiri
1398 2831 1469 2860 [ιιι-1
1457 2821 1505 2850 it.

941 2873 961 2910 9
987 2864 1174 2893 lvv'ace‘llimm
1203 2864 1381 2901 eumanum-1
1417 2874 1458 2893 rw.
1492 2863 1575 2892 Pons

899 2915 953 2944 qui
968 2905 1121 2936 facillime
1138 2905 1289 2936 custodiri
1309 2906 1422 2944 potuit.
1449 2906 1574 2935 amn.
