1888 3194
448 221 460 229 α
521 200 800 243 LIBROR.
847 200 1147 242 DEPERI).

1449 209 1472 244 [ὑ

1478 209 1502 246 0¹

1508 207 1529 247 *1

770 458 890 500 CIII.

135 574 442 618 CATILINA
462 590 488 617 a
511 574 560 617 C.
579 575 770 616 Antonio
787 575 1036 631 proconsule
1057 589 1154 616 cum
1176 576 1364 616 exercitu
1385 590 1529 617 caesus

131 641 204 674 est.
266 632 314 674 P.
337 632 513 675 Clodius
541 641 770 682 accusatus,
793 632 909 688 qnod
937 632 982 672 in
1010 631 1157 673 habitu
1185 632 1380 674 muliebri
1401 633 1445 674 in
1466 648 1530 674 sa-

130 689 324 740 crarium,
362 690 406 730 in
442 689 557 746 quod
597 689 733 730 virum
774 689 929 730 intrare
970 689 1086 730 nefas
1126 700 1202 738 cst,
1239 689 1444 740 intrasset,
1487 700 1530 731 et

129 761 306 789 uxorem
347 747 522 788 maximi
562 746 774 804 pontificis
810 755 1050 803 stuprasset,
1088 746 1300 788 absolutus
1336 757 1409 788 est.
1475 747 1526 789 C.

129 803 356 846 Pontinius
385 812 552 860 praetor
577 803 842 860 Allobrogas,
869 804 942 860 qui
974 803 1289 854 rebellaverant,
1321 804 1376 846 ad
1409 803 1529 846 Solo-

129 876 230 903 nem
257 861 434 903 domuit.
497 861 544 902 P.
565 860 741 904 Clodius
774 861 828 902 ad
860 861 1028 917 plebem
1062 862 1234 902 transiit.
1300 860 1350 903 C.
1373 861 1530 904 Caesar

130 917 357 960 Lusitanos
378 919 566 975 subegit:
591 933 727 975 eoque
750 918 990 960 consulatus
1010 918 1250 968 candidato,
1268 930 1310 960 et
1332 927 1527 976 captante

129 975 433 1032 rempublicam
475 975 687 1025 invadere,
729 976 984 1032 conspiratio
1027 976 1140 1017 inter
1186 985 1267 1017 tres
1316 976 1528 1033 principes

129 1033 310 1074 civitatis
344 1033 453 1074 facta
487 1042 562 1082 est,
603 1032 684 1073 Cn.
704 1032 970 1088 Pompeium,
1006 1033 1068 1074 M.
1091 1032 1304 1083 Crassum,
1345 1032 1395 1075 C.
1418 1033 1529 1076 Cae-

129 1105 274 1132 sarem.
327 1089 464 1146 Leges
484 1089 668 1146 agrariae
690 1104 715 1130 a
738 1089 918 1131 Caesare
941 1089 1111 1130 consule
1133 1105 1228 1130 cum
1253 1105 1405 1147 magna
1425 1106 1526 1133 con-

129 1147 334 1196 tentione,
357 1146 491 1188 invito
521 1155 683 1196 senatu,
709 1155 752 1187 et
782 1146 914 1187 altero
945 1145 1116 1187 consule
1146 1147 1208 1188 M.
1230 1146 1397 1197 Bibulo,
1421 1148 1527 1190 latae

127 1212 237 1246 sunt.
302 1202 353 1245 C.
374 1204 589 1245 Antonius
619 1203 843 1260 proconsul
872 1203 917 1244 in
943 1203 1126 1244 Thracia
1152 1218 1300 1259 parum
1330 1219 1526 1261 prospere

128 1275 216 1302 rem
248 1261 387 1318 gessit.
452 1261 514 1303 M.
537 1259 703 1311 Cicero,
738 1260 831 1317 lege
868 1276 892 1302 a
924 1260 970 1302 P.
994 1259 1150 1302 Clodio
1189 1261 1357 1303 tribuno
1393 1262 1528 1318 plebis

128 1318 224 1369 lata,
247 1318 363 1376 quod
390 1317 658 1360 indemnatos
685 1318 796 1360 cives
824 1318 1068 1368 necavisset,
1091 1318 1134 1358 in
1160 1318 1353 1360 exsilium
1380 1319 1529 1361 missus

128 1383 201 1418 est.
266 1375 436 1426 Caesar,
466 1376 511 1416 in
541 1376 798 1432 provinciam
830 1375 1014 1416 Galliam
1041 1375 1266 1431 profectus,
1294 1375 1527 1426 Helvetios,

128 1448 275 1490 vagam
308 1442 492 1490 gentem,
518 1433 708 1474 domuit:
745 1448 866 1490 quae,
899 1433 1042 1474 sedem
1075 1448 1296 1489 quaerens,
1326 1449 1401 1490 per
1432 1449 1528 1491 pro-

128 1490 310 1532 vinciam
346 1490 539 1532 Caesaris
576 1489 823 1532 Narbonem
863 1491 942 1532 iter
980 1490 1116 1532 facere
1158 1490 1334 1532 volebat.
1400 1493 1529 1533 Prae-

131 1556 245 1589 terea
293 1547 419 1589 situm
463 1547 695 1589 Galliarum
746 1548 946 1589 continet.
1012 1548 1241 1604 Pompeius
1288 1549 1340 1590 de
1389 1548 1527 1590 liberis

132 1603 407 1655 Mithridatis,
430 1604 630 1661 Tigrane,
652 1614 695 1646 et
721 1605 917 1661 Tigranis
942 1604 1041 1654 filio,
1066 1605 1367 1661 triumphavit:
1403 1607 1528 1663 Ma„-

131 1676 295 1717 nusque
317 1676 341 1702 a
361 1670 449 1703 tota
469 1662 671 1703 concione
694 1661 977 1703 consalutatus
998 1671 1069 1702 est.

774 1941 889 1983 clv.

130 2058 333 2102 PRIMA
367 2074 460 2116 pars
495 2059 586 2100 libri
620 2059 744 2099 situm
781 2058 1034 2099 Germaniae
1070 2073 1289 2114 moresque
1324 2063 1523 2104 continet.

132 2117 182 2159 C.
204 2116 388 2167 Caesar,'
406 2131 538 2172 quum
570 2116 767 2157 adversus
796 2114 1045 2165 Germanos,
1072 2116 1145 2171 qui
1178 2116 1390 2159 Ariovisto
1419 2119 1526 2161 duce

130 2175 174 2215 in
198 2174 380 2216 Galliam
414 2173 772 2222 transcenderant,
799 2173 1032 2214 exercitum
1064 2172 1251 2223 duceret,
1278 2186 1446 2231 rogatus
1476 2179 1528 2218 al)

131 2231 294 2273 Aeduis
326 2240 369 2272 et
405 2230 625 2287 Sequanis,
659 2245 839 2286 quorum
873 2245 972 2287 ager
1006 2230 1307 2286 possidebatur,
1344 2234 1525 2290 trepida-

131 2289 288 2331 tionem
318 2288 512 2338 militum,
539 2298 709 2353 propter
741 2297 899 2329 metum
932 2302 1134 2329 novorum
1165 2287 1348 2331 hostium
1379 2300 1526 2342 ortam,

130 2346 384 2388 allocutione
412 2355 622 2388 exercitus
650 2345 845 2394 inhibuit,
876 2355 918 2386 et
945 2345 1076 2386 victos
1104 2345 1262 2401 proelio
1291 2346 1528 2391 Germanos

134 2402 276 2445 Gallia
296 2403 471 2460 expulit.
537 2404 598 2445 M.
621 2402 787 2451 Cicero,
813 2403 1017 2459 Pompeio
1047 2403 1156 2445 inter
1182 2403 1284 2445 alios
1305 2416 1462 2455 orante,
1485 2418 1526 2449 et

131 2460 183 2503 T.
203 2460 350 2502 Annio
388 2460 551 2503 Milone
591 2460 758 2501 tribuno
799 2459 932 2515 plebis
971 2472 1136 2515 agente,
1174 2461 1335 2518 ingenti
1370 2464 1527 2520 gaudio

131 2527 301 2560 senatus
321 2533 368 2559 ac
391 2518 519 2560 totius
542 2517 700 2567 Italiae,
718 2518 770 2559 ab
787 2516 935 2559 exsilio
957 2517 1154 2559 reductus
1175 2528 1250 2560 est.
1300 2519 1380 2561 Cn.
1400 2521 1528 2563 Pom-

132 2576 228 2632 peio
248 2591 324 2642 per
339 2575 680 2632 quinquennium
703 2589 894 2616 annonae
912 2589 1011 2616 cura
1032 2575 1231 2618 mandata
1251 2586 1325 2618 est.
1373 2577 1529 2621 Caesar

134 2634 380 2683 Ambmnos,
406 2633 662 2682 Suessiones,
686 2631 1020 2682 VeromanduOS,
1040 2633 1277 2683 Atrebates,
1303 2634 1526 2692 Belgarum

133 2691 322 2748 populos,
351 2706 530 2748 quorum
562 2691 710 2748 ingens
744 2690 970 2732 multitudo
1004 2699 1105 2740 erat,
1134 2691 1294 2747 proelio
1322 2693 1452 2734 victos
1484 2696 1524 2735 in

134 2747 391 2790 deditionem
422 2749 608 2805 accepit:
644 2763 691 2789 ac
719 2747 873 2789 deinde
902 2757 1047 2790 contra
1071 2747 1249 2790 Nervios
1276 2750 1400 2791 unius
1427 2752 1527 2792 civi-

136 2804 231 2846 tatis
269 2820 367 2847 cum
407 2821 447 2847 m
518 2821 559 2848 ιο
599 2805 839 2847 discrimine
881 2806 1095 2862 pugnavit,
1138 2820 1316 2863 eamque
1357 2818 1526 2863 gentem

136 2859 318 2909 (lelevit3
351 2878 458 2918 quae
544 2863 645 2905 llum
675 2863 814 2920 gessit,
840 2862 975 2904 donec
1009 2879 1061 2904 ex
1095 2865 1312 2919 sexaginta
1346 2865 1527 2906 millibus

137 2927 387 2959 armatorum
421 2921 594 2960 trecenti
628 2931 915 2975 siqwrcssent:
950 2935 1000 2961 cx
1034 2921 1243 2961 sexcentis
1267 2923 1525 2962 senatoribus

198 2988 292 3015 voi..
320 2989 375 3016 ιν.
1278 2993 1297 3014 s
