1888 3194
907 201 1195 240 INDEX.

408 285 458 316 21,
469 284 519 318 57.
541 286 591 315 22,
604 286 652 308 21.
676 287 730 308 eos
745 277 857 308 eadem
872 279 1028 315 mercede,

405 331 501 360 quam
523 321 609 360 pacti
625 330 697 351 cum
715 320 1030 360 Carthaginiensibus

404 367 507 401 erant,
521 363 728 403 imperatores
744 363 840 394 Rom.
855 364 896 394 ad
912 374 945 394 se
961 374 1028 403 per-

404 406 527 436 ducunt
544 416 594 444 24,
606 416 655 446 49.
679 406 828 436 desemnt
844 406 1027 445 Scipionem

405 456 456 487 25,
468 458 516 488 33.
541 448 711 479 vincuntur
725 459 744 478 a
756 449 803 480 M.
815 448 924 479 Silano
939 450 987 486 28,
1000 458 1026 479 2.

402 490 523 530 ingenti
553 491 678 531 agmine
707 492 749 521 ad
775 491 931 530 oppidum
959 491 1026 521 Illi-

402 534 485 573 turgi
509 534 557 565 M.
571 533 690 564 Helvio
713 537 882 563 occurrunt
906 543 956 572 34,
981 543 1027 564 10.

401 577 590 614 caeduntur,
602 576 677 607 ibid.
702 575 899 607 Celtiberum
917 576 1027 605 decem

401 619 504 649 millia
525 620 672 650 mercede
691 619 874 648 conducunt
889 618 1027 648 Turduli

405 668 452 700 17.
480 672 533 692 eos
555 661 706 691 sollicitat
723 661 770 691 M.
785 660 918 690 Porcius
933 661 1027 697 Cato,

399 704 527 741 frustra,
542 704 617 734 ibid.
640 703 818 733 funduntur
833 707 864 732 et
879 703 1028 742 fugantur

399 756 420 776 a
435 747 482 777 M.
495 746 611 776 Fulvio
624 754 674 783 35,
690 752 716 784 7.
740 745 908 775 duodecim
925 744 1027 776 millia

399 798 492 818 caesa
511 799 531 818 a
552 787 707 818 Romanis
723 796 774 827 39,
792 796 842 818 21.
866 788 905 818 de
920 787 958 818 iis
973 787 1025 817 tri-

400 831 537 869 umphat
548 831 586 861 C.
598 830 793 869 Calpurnius
810 830 885 860 Piso
902 840 951 868 42.
975 840 1025 861 eo-

398 883 469 902 rum
488 872 608 912 oppida
630 873 753 912 aliquot
775 876 959 912 expugnata
975 872 1025 912 56.

397 915 588 946 adoriuntur
617 916 659 952 Q.
677 915 828 946 Fulvium
859 916 1025 954 Flaccum,

400 958 577 989 Urbicuam
617 962 857 998 oppugnantem
892 968 943 996 40,
977 958 1024 990 16.

396 1001 470 1032 fessi
488 1001 617 1041 proeliis
635 1001 726 1032 variis
743 1001 931 1038 abscedunt,
947 1001 1023 1032 ibid.

398 1043 568 1074 vincuntur
584 1053 636 1083 31,
649 1053 699 1082 32.
724 1043 913 1074 insidiantur
928 1044 1022 1075 Fulv.

396 1087 527 1124 Flacco,
543 1097 680 1126 eumque
703 1087 735 1117 in
756 1087 839 1117 saltu
855 1086 1022 1118 Manliano

395 1129 551 1160 invadunt
567 1140 618 1171 39.
652 1140 761 1160 eorum
785 1130 896 1160 decem
918 1129 1021 1160 millia

395 1173 572 1203 caeduntur
592 1182 644 1211 40,
659 1176 691 1204 et
707 1173 756 1210 48.
791 1172 978 1212 subiguntur
1000 1183 1020 1203 a

395 1215 543 1246 Graccho
566 1225 616 1256 49.
651 1216 690 1246 de
714 1214 753 1245 iis
775 1214 952 1254 triumphat
976 1215 1018 1250 Q.

394 1257 529 1288 Fulvius
554 1258 691 1288 Flaccus
715 1266 764 1296 43.
801 1257 882 1288 mira
910 1268 1019 1288 eorum

394 1300 583 1340 simplicitas
599 1308 648 1340 47.
680 1300 812 1331 veniunt
834 1300 867 1330 in
886 1300 1018 1331 deditio-

393 1353 467 1373 nem
483 1344 704 1374 Romanorum
721 1352 772 1381 41,
789 1352 818 1381 3.
846 1343 887 1373 de
906 1342 944 1373 iis
967 1343 1019 1373 tri-

393 1386 531 1426 umphat
554 1385 760 1426 Sempronius
783 1385 948 1416 Gracchus
972 1395 1018 1417 11.

392 1429 549 1459 rebellant
565 1438 614 1467 31.
644 1429 831 1466 caeduntur,
846 1428 921 1459 ibid.
945 1428 1017 1460 081-

392 1471 485 1502 tiberi
501 1471 616 1502 scutati
634 1471 684 1509 28,
702 1481 729 1502 2.

350 1515 515 1546 Cenaeum
532 1514 685 1545 Euboeae
701 1512 753 1552 36,
770 1522 817 1546 20.

350 1557 535 1588 Cenchreae
559 1557 608 1594 28,
629 1557 658 1587 8.
682 1565 734 1595 32,
759 1565 804 1597 19.
838 1556 1017 1588 Corinthio-

391 1610 461 1629 rum
478 1599 655 1638 emporium
672 1608 723 1637 32,
743 1606 789 1638 17.
813 1599 938 1638 capitur
954 1608 1002 1638 23.

349 1641 527 1674 Cenomani
550 1642 779 1672 transcendunt
800 1642 912 1681 Alpes.
929 1645 961 1672 et
983 1642 1016 1672 111

392 1685 490 1715 Italia
510 1684 679 1715 considunt
695 1692 725 1723 5,
741 1692 794 1724 35.
820 1684 852 1714 in
877 1684 938 1715 fide
961 1695 1015 1724 po-

391 1728 459 1767 puli
490 1728 586 1758 Rom.
613 1731 745 1757 manent
773 1736 822 1765 21,
850 1735 899 1766 55.
933 1728 1014 1758 duce

391 1770 579 1801 Hamilcare
609 1770 719 1801 Poeno
752 1769 910 1800 invadunt
941 1770 1014 1800 Pla-

389 1813 529 1843 centiam
553 1822 604 1852 31,
631 1822 676 1844 10.
711 1812 922 1844 conciliantur
948 1813 1014 1843 Ro-

388 1856 492 1886 manis
514 1865 566 1895 32,
590 1865 639 1895 30.
673 1856 712 1886 de
735 1855 772 1885 iis
797 1855 1014 1894 triumphatur

390 1908 441 1938 33,
464 1907 512 1937 23.
542 1898 579 1929 iis
601 1908 690 1929 arma
713 1898 812 1928 demit
836 1899 883 1929 M.
900 1898 1014 1929 Furius

389 1945 515 1982 praetor
533 1950 584 1982 39,
601 1951 628 1981 3.
659 1941 925 1980 conquerentibus
949 1941 1013 1971 Ro-

387 1994 460 2014 mae
483 1985 570 2024 apud
594 1988 740 2015 senatum
766 1993 854 2014 arma
879 1984 1013 2022 reddita,

388 2027 465 2058 ibid.

345 2070 458 2101 Cenon
479 2069 587 2109 oppid.
607 2070 646 2100 ab
662 2069 702 2101 A.
717 2068 863 2109 Virginio
883 2069 1012 2101 consule

389 2116 520 2152 captum
538 2122 566 2149 2,
583 2111 633 2151 63.

345 2154 527 2186 Censennia
542 2156 616 2185 urbs
632 2165 662 2196 9,
678 2166 729 2193 44.

344 2198 467 2228 Censor
480 2208 500 2228 a
515 2208 611 2228 censu
627 2199 731 2228 dictus
743 2208 773 2235 4,
784 2197 812 2229 8.
835 2197 917 2227 alius
932 2207 1010 2227 nun-

387 2250 483 2279 quam
510 2240 664 2270 sufficitur
686 2241 837 2270 defuncto
861 2248 891 2278 5,
907 2248 956 2277 31.
980 2238 1010 2276 6,

388 2290 437 2321 27.
464 2285 536 2321 post
561 2285 696 2312 mortem
721 2283 861 2321 collegae
884 2281 1010 2311 abdicat

386 2334 417 2365 9,
433 2333 483 2362 34.
511 2324 632 2363 primus
650 2335 689 2354 ex
711 2325 805 2363 plebe
821 2324 857 2353 fit
873 2324 909 2354 C.
923 2324 1008 2354 Mar-

386 2367 453 2397 cius
476 2366 608 2397 Rutilus
633 2374 660 2406 7,
686 2376 734 2397 22.
767 2366 848 2396 alter
872 2366 1009 2396 alterum

386 2413 475 2439 notat
493 2418 542 2449 29,
555 2417 604 2448 37.
627 2418 772 2439 censores
784 2409 885 2439 Mam.
901 2408 1008 2439 Aemi-

386 2451 465 2482 lium
487 2452 572 2482 tribu
594 2454 735 2488 movent,
750 2450 1008 2490 octuplicatoque

385 2505 483 2525 censu
507 2494 663 2524 aerarium
686 2493 809 2523 faciunt
830 2504 860 2531 4,
882 2502 930 2531 24.
954 2494 1007 2533 qui

385 2537 527 2567 nondum
541 2537 686 2567 consules
697 2536 833 2573 fuerant,
845 2536 942 2567 creati
957 2546 971 2566 2
979 2545 1005 2576 7,

388 2589 436 2611 11.
458 2579 592 2610 recitant
607 2583 751 2609 senatum
769 2588 818 2619 29,
829 2586 878 2618 37.
895 2587 1005 2618 4ο,51.

385 2626 497 2653 senatu
533 2625 663 2653 movent
696 2622 818 2660 aliquot
848 2626 1007 2653 senatores

385 2674 437 2704 34,
453 2676 502 2703 44.
526 2674 577 2705 39,
593 2674 642 2702 42.
666 2668 757 2694 notas
777 2664 938 2694 ascribunt
961 2675 1007 2695 se-

386 2712 462 2738 natu
475 2708 580 2745 motis,
592 2707 667 2738 ibid.
691 2706 850 2746 equitibus
861 2707 1006 2738 adimunt

383 2761 482 2790 equos
497 2750 643 2790 publicos
659 2760 709 2788 24,
726 2750 770 2780 18.
788 2749 826 2780 cf.
841 2753 872 2779 et
891 2758 940 2789 27,
959 2760 1004 2781 11.

383 2793 417 2824 in
433 2803 547 2832 campo
561 2794 603 2823 ad
621 2803 707 2822 aram
724 2791 838 2822 Martis
853 2793 938 2822 sellis
953 2803 1005 2822 cu-

383 2836 505 2867 rulibus
520 2835 684 2866 consident
700 2845 750 2873 40,
766 2843 815 2873 45.
840 2845 1005 2865 censorum

383 2889 481 2919 opera
500 2877 640 2918 publica,
655 2878 687 2908 in
707 2888 788 2917 quac
810 2877 848 2907 iis
871 2878 1004 2917 vectigal

383 2931 525 2953 annuum
548 2922 712 2952 decretum
736 2930 787 2959 40,
808 2919 858 2958 46.
883 2930 933 2959 41,
955 2930 1005 2960 32.

1114 279 1154 309 de
1170 278 1297 308 delectu
1312 277 1417 308 edicta
1433 286 1484 317 43,
1503 276 1550 309 16.

1073 321 1227 352 Censoria
1246 324 1386 360 potestas
1406 331 1463 360 per
1478 320 1665 351 dictatorem
1683 329 1736 350 ex-

1115 363 1214 394 ercita
1232 373 1281 412 23,
1298 373 1335 393 22
1353 367 1385 394 et
1402 373 1450 412 23.

1072 406 1227 444 Censura,
1234 406 1373 454 eiusque
1392 406 1519 436 initium
1542 409 1575 436 et
1594 407 1737 445 potestas

1113 460 1143 487 4,
1171 450 1199 479 8·
1231 459 1360 489 11¹S¹g1¹¹S
1387 459 1417 489 9⁹
1443 458 1492 490 ²9·
1524 458 1575 489 39
1600 458 1736 486 42-44-

1112 491 1215 530 gravis
1237 501 1288 529 41,
1310 501 1359 530 32.
1387 502 1452 522 non
1475 490 1613 522 obnoxia
1633 501 1735 531 popu-

1113 533 1171 563 lari
1186 544 1282 564 aurae
1300 544 1349 575 29,
1366 542 1414 573 37.
1439 544 1589 565 censurae
1607 537 1736 573 tempus

1113 576 1284 613 minutum,
1294 580 1325 606 et
1338 587 1377 607 ex
1387 576 1617 616 quinquennali
1628 586 1736 607 annua

1113 622 1144 647 et
1160 618 1317 648 semestris
1331 619 1417 649 facta
1429 629 1458 657 4,
1473 629 1521 657 24.
1544 619 1614 659 lege
1626 618 1733 650 Aemi-

1113 660 1156 690 lia
1185 660 1253 691 eius
1286 660 1425 700 spatium
1455 661 1566 691 decem
1595 664 1628 692 et
1661 664 1734 692 octo

1112 712 1237 733 menses
1255 713 1285 744 9,
1303 712 1351 742 33.
1375 703 1525 733 severitas
1542 713 1592 741 24,
1611 704 1658 734 18.
1682 713 1734 745 39,

1113 756 1162 783 44.
1187 746 1226 776 de
1247 755 1379 776 censura
1399 745 1618 776 contentiones
1635 756 1667 787 9,
1682 755 1732 786 33.

1113 795 1164 827 37‚
1181 796 1230 827 57·

1070 831 1193 862 Census
1216 830 1392 861 instituitur
1420 840 1446 869 1,
1468 840 1520 869 42,
1543 839 1594 871 43.
1621 841 1734 862 census

1111 877 1201 904 actus
1224 883 1252 914 3,
1274 883 1304 913 3,
1322 883 1371 912 22,
1389 883 1437 912 24.
1470 883 1519 911 10,
1535 880 1586 913 47.
1615 881 1666 913 27,
1681 872 1731 913 36.

1112 925 1162 956 29,
1185 923 1233 956 57-
1262 923 1314 955 35,
1334 926 1364 956 9·
1394 916 1444 955 58,
1466 915 1515 955 36·
1544 926 1596 955 42,
1620 925 1666 947 10-
1697 916 1732 947 in

1111 959 1240 989 civitate
1255 968 1284 990 a.
1298 959 1328 989 S.
1343 959 1452 989 Tullio
1467 959 1571 989 factus
1583 969 1614 997 4,
1625 969 1655 997 4.
1675 968 1731 999 po-

1109 1001 1179 1041 puli
1194 1001 1332 1041 primum
1350 1001 1383 1032 iu
1399 1001 1476 1032 villa
1493 1001 1623 1041 publica
1639 1005 1731 1032 actus

1109 1054 1140 1082 4,
1158 1053 1205 1075 22.
1230 1055 1341 1075 census
1356 1044 1501 1084 equitum
1517 1052 1547 1084 5,
1565 1051 1592 1083 7.
1617 1054 1667 1085 29,
1679 1051 1730 1084 37.

1110 1087 1221 1118 Idibus
1254 1087 1487 1119 Decembribus
1522 1087 1650 1118 habitus
1678 1097 1730 1126 44,

1111 1129 1158 1160 16.

1064 1172 1101 1204 C.
1119 1172 1304 1211 Centenius,
1320 1176 1506 1213 propraetor
1522 1181 1573 1211 22,
1589 1173 1619 1204 8.

1064 1215 1111 1246 Μ.
1128 1216 1314 1253 Centenius,
1348 1218 1558 1255 cognomento
1589 1215 1727 1254 Penula,

1104 1257 1234 1298 insignis
1248 1258 1330 1288 inter
1350 1258 1504 1297 primipili
1525 1257 1727 1289 centuriones

1106 1308 1155 1340 25,
1175 1311 1222 1341 19.
1246 1301 1314 1331 eius
1329 1301 1446 1339 clades,
1460 1301 1536 1331 ibid.

1064 1343 1258 1374 Centunculi
1274 1344 1434 1374 mulorum
1452 1350 1480 1382 7,
1499 1353 1546 1381 14.

1063 1386 1235 1417 Centuriae
1264 1390 1327 1417 tres
1357 1385 1503 1425 equitum
1533 1395 1552 1415 a
1582 1385 1726 1417 Romulo

1104 1428 1301 1468 conscriptae
1326 1439 1353 1466 1,
1373 1437 1420 1468 13.
1447 1427 1480 1458 in
1505 1427 1554 1466 iis,
1573 1432 1726 1468 regnante

1104 1471 1278 1510 Tarquinio
1306 1471 1427 1509 Prisco,
1450 1470 1541 1501 mille
1566 1474 1599 1501 et
1625 1470 1725 1502 octin-

1102 1514 1189 1553 genti
1205 1513 1327 1553 equites
1343 1512 1392 1552 36.
1415 1513 1646 1553 geminantura
1658 1513 1726 1545 Ser.

1105 1556 1225 1593 Tullio,
1251 1556 1297 1587 ita
1325 1560 1362 1586 ut
1391 1566 1447 1587 sex
1475 1566 1608 1586 numero
1634 1556 1725 1595 fiant,

1102 1598 1234 1629 adiectis
1260 1599 1430 1630 duodecim
1460 1598 1550 1629 novis
1575 1599 1725 1630 centuriis

1102 1650 1151 1680 43.
1178 1641 1212 1672 in
1232 1642 1390 1673 centurias
1410 1641 1598 1672 describitur
1616 1652 1636 1672 a
1656 1641 1723 1674 Ser.

1102 1684 1211 1715 Tullio
1234 1685 1373 1724 populus
1396 1685 1491 1715 Rom.
1516 1694 1543 1722 1,
1559 1693 1598 1722 42
1619 1687 1651 1715 et
1671 1693 1722 1724 43.

1101 1728 1177 1758 ordo
1211 1727 1430 1767 suffragiorum
1463 1737 1521 1767 per
1553 1727 1723 1765 centurias,

1099 1769 1175 1801 ibid.
1205 1770 1423 1810 praerogativa
1449 1769 1592 1800 centuria
1617 1777 1647 1810 5,
1674 1770 1721 1802 18.

1103 1822 1151 1848 10,
1178 1823 1226 1844 22.
1262 1823 1312 1851 24,
1337 1821 1363 1851 7.
1399 1811 1450 1850 26,
1475 1822 1523 1844 22.
1557 1812 1722 1851 Centuria,

1099 1855 1165 1886 sive
1180 1856 1257 1886 ordo
1273 1855 1305 1886 in
1321 1855 1446 1895 legione
1461 1865 1513 1894 42,
1529 1864 1580 1894 34.

1058 1898 1238 1929 Centuriati
1254 1898 1394 1929 libertini
1412 1908 1460 1935 10,
1477 1907 1526 1930 21.

1058 1941 1211 1973 Centurio
1242 1941 1373 1981 primus,
1399 1940 1581 1981 primipilus
1607 1941 1717 1981 appel-

1098 1984 1183 2014 latus
1208 1991 1236 2023 7.
1260 1993 1309 2022 41.
1332 1984 1372 2014 cf.
1392 1987 1424 2014 et
1447 1984 1477 2021 8,
1498 1983 1528 2014 8.
1559 1983 1614 2014 ubi
1636 1984 1720 2015 acies

1099 2027 1249 2057 Romana
1269 2026 1465 2057 describitur.
1491 2026 1531 2056 cf.
1548 2028 1580 2056 et
1602 2033 1718 2067 25,19.

1099 2068 1211 2107 34,46.
1235 2070 1356 2108 primus
1370 2068 1518 2108 princeps
1534 2075 1646 2106 25,14.
1666 2079 1718 2107 42,

1098 2120 1147 2150 34.
1177 2112 1298 2150 primus
1322 2111 1477 2147 hastatus,
1502 2110 1578 2142 ibid.
1609 2116 1718 2142 centu-

1096 2153 1193 2184 rionis
1221 2164 1282 2184 vox
1311 2163 1369 2192 pro
1395 2152 1501 2183 omine
1527 2157 1661 2193 accepta
1687 2162 1716 2193 5,

1098 2203 1147 2234 55.
1171 2195 1371 2226 centuriones
1388 2199 1420 2226 et
1435 2195 1603 2235 duplicarii
1620 2207 1717 2235 quale

1095 2238 1195 2269 securi
1210 2238 1350 2277 percussi
1367 2248 1382 2268 2
1387 2246 1457 2278 ,59
1481 2238 1718 2270 centurionibus

1095 2284 1251 2319 quantum
1281 2280 1444 2311 diviserint
1480 2280 1716 2321 triumphantes

1094 2322 1300 2362 imperatores
1316 2332 1367 2361 34,
1384 2333 1433 2362 52.
1457 2322 1508 2362 36,
1525 2333 1575 2361 40.

1053 2365 1228 2404 Cephalus,
1239 2366 1388 2406 princeps
1398 2365 1616 2406 Epirotarum,
1625 2377 1715 2397 suam

1092 2412 1220 2448 gentem
1238 2410 1353 2439 Perseo
1372 2408 1517 2448 adiungit
1537 2418 1589 2448 43,
1605 2418 1634 2448 5.
1656 2420 1714 2451 pu-

1092 2461 1192 2490 gnans
1208 2452 1303 2489 cadit,
1319 2459 1371 2490 45,
1387 2450 1437 2483 26.

1051 2493 1273 2533 Cephallenia,
1287 2494 1393 2525 insula
1408 2501 1460 2534 37,
1478 2503 1527 2533 13,
1542 2502 1592 2533 50.
1615 2495 1668 2533 38,
1682 2505 1713 2536 9,

1093 2537 1141 2568 28.

1051 2578 1225 2617 Cercetius,
1240 2590 1331 2610 mons
1346 2588 1397 2618 32,
1413 2588 1460 2617 14

1052 2621 1198 2659 Cercina,
1213 2621 1317 2652 insula
1333 2631 1384 2660 32,
1400 2630 1449 2660 31.
1473 2630 1524 2660 33,
1540 2621 1589 2659 48.

1051 2664 1244 2702 Cercinium,
1267 2664 1434 2704 oppidum,
1457 2668 1588 2703 captum
1611 2667 1643 2695 et
1664 2665 1710 2697 in-

1091 2717 1221 2737 censum
1237 2716 1289 2745 31,
1304 2716 1354 2744 41.

1050 2749 1191 2787 Cercuri,
1205 2749 1320 2789 navigii
1335 2759 1435 2788 genus
1449 2757 1501 2787 33,
1521 2758 1567 2790 19.

1050 2791 1254 2827 Cerdiciates,
1282 2791 1405 2831 populi,
1430 2802 1463 2823 se
1493 2792 1614 2823 dedunt
1645 2793 1709 2825 Ro-

1091 2844 1193 2864 manis
1210 2844 1260 2873 32,
1278 2843 1326 2874 29.

1050 2877 1260 2909 Cerdubellus
1287 2875 1391 2915 prodit
1416 2877 1571 2909 Romanis
1595 2879 1708 2911 Castu-

1091 2921 1197 2951 lonem
1213 2920 1322 2950 urbem
1341 2918 1390 2957 28,
1408 2928 1457 2951 20.
