1888 3194
535 151 816 194 LIBROR.
863 150 1164 193 DEPERD.
1467 156 1549 193 259

778 406 920 448 CVII.

154 524 205 567 C.
232 523 496 574 CAESAR,
532 523 718 565 Treviris
750 524 795 564 in
831 522 973 565 Gallia
1007 522 1140 572 victis,
1173 522 1327 564 iterum
1363 522 1407 563 in
1444 521 1552 563 Ger·

150 581 335 624 maniam
368 581 557 623 transiit:
591 581 794 637 nulloque
827 581 886 622 ibi
918 580 1037 622 hoste
1071 580 1258 630 invento,
1288 594 1476 621 reversus
1507 580 1552 621 in

154 637 352 689 Galliam,
375 638 597 681 Eburones
627 647 671 680 et
701 638 801 680 alias
831 638 1034 688 civitates,
1057 653 1165 694 quae
1197 637 1550 694 conspiraverant,

149 695 264 747 vicit,
286 705 330 738 et
350 696 644 753 Ambiorigem
672 696 718 738 in
747 696 847 753 fuga
874 704 1118 753 persecutus
1142 703 1216 737 est.
1279 694 1328 736 P.
1350 694 1507 745 Clodii,
1530 710 1555 736 a

152 752 204 795 T.
233 754 380 796 Annio
422 753 601 804 Milone,
643 753 870 796 candidato
913 753 1166 803 consulatus,
1204 753 1348 810 Appia
1387 753 1455 794 via
1499 752 1552 794 ad

152 809 337 853 Bovillas
357 811 496 862 occisi,
519 826 670 868 corpus
697 811 815 868 plebs
842 811 887 853 in
908 811 1024 853 curia
1044 810 1254 852 cremavit.
1321 809 1466 859 Quum
1489 825 1553 852 se-

153 867 336 910 ditiones
355 868 467 910 inter
486 869 732 911 candidatos
753 868 993 911 consulatus
1011 867 1273 926 Hypsaeum,
1295 867 1551 924 Scipionem,

153 934 197 968 et
218 925 428 968 Milonem
450 935 601 977 essent,
624 927 699 982 qui
720 926 844 968 armis
865 941 912 968 ac
933 927 975 967 vi
996 925 1310 967 contendebant
1326 941 1336 975 3
1365 925 1418 966 ad
1439 940 1554 967 corn-

153 983 394 1040 primendas
418 998 488 1025 eas
516 983 597 1025 Cn.
617 983 846 1040 Pompeius
876 983 1091 1040 legatus'a
1121 992 1270 1024 senatu
1298 982 1444 1024 consul
1473 992 1556 1024 ter-

153 1041 261 1082 tium
293 1040 427 1082 factus
458 1048 532 1090 est,
565 1041 713 1082 absens
746 1050 789 1082 et
820 1040 944 1090 solus,
978 1039 1094 1096 quod
1126 1040 1231 1081 nulli
1264 1040 1334 1080 alii
1365 1055 1554 1097 unquam

153 1097 343 1153 contigit.
421 1097 682 1146 Quaestione
719 1097 889 1139 decreta
923 1097 976 1138 de
1013 1105 1146 1138 morte
1183 1097 1230 1138 P.
1253 1096 1406 1146 Clodii,
1445 1097 1555 1138 Milo

153 1153 313 1196 iudicio
344 1153 567 1196 damnatus
597 1154 642 1195 in
673 1154 869 1196 exsilium
900 1162 1017 1196 actus
1045 1163 1118 1195 est.
1183 1153 1277 1195 Lex
1302 1153 1386 1195 lata
1410 1163 1485 1203 est,
1508 1163 1556 1195 ut

153 1211 261 1254 ratio
293 1212 477 1254 absentis
512 1211 704 1254 Caesaris
736 1211 782 1253 in
844 1212 1019 1253 etitione
1055 1210 1296 1253 consulatus
1330 1210 1556 1252 haberetur

153 1269 288 1311 invito
309 1277 352 1311 et
372 1269 687 1312 contradicente
715 1268 777 1311 M.
841 1278 977 1311 atone.
1040 1268 1267 1311 Praeterea
1290 1283 1356 1310 res
1375 1277 1512 1325 gestas
1533 1284 1557 1310 a

155 1327 204 1369 C.
229 1327 408 1369 Caesare
447 1327 645 1369 adversus
683 1326 843 1377 Gallos,
878 1327 951 1383 qui
984 1341 1115 1384 prope
1148 1326 1347 1376 universi,
1377 1325 1557 1368 Vercin-

154 1384 374 1442 gentorige
389 1384 583 1427 Arverno
600 1385 722 1436 duce,
741 1384 1000 1435 defecerunt,
1018 1393 1061 1426 et
1076 1384 1301 1426 laboriosas
1317 1383 1558 1426 obsidiones

156 1441 325 1483 urbium
357 1443 573 1485 continet:
613 1443 724 1485 inter
756 1458 858 1499 quas
892 1441 1062 1485 Avarici
1097 1441 1338 1498 Biturigum
1372 1450 1414 1483 et
1450 1441 1558 1483 Ger-

156 1498 303 1555 goviae
326 1499 629 1542 Arvernorum.

776 1725 940 1768 CVIII.

163 1841 214 1883 C.
233 1839 485 1882 CAESAR
511 1838 760 1881 GALLOS
781 1839 835 1881 ad
857 1839 1043 1881 Alesiam
1067 1840 1178 1890 vicit,
1201 1855 1432 1897 omnesque
1459 1841 1562 1883 Gal-

160 1898 240 1940 liae
262 1897 465 1947 civitates,
488 1911 596 1953 quae
618 1896 663 1937 in
684 1897 809 1938 armis
830 1896 1008 1947 fuerant,
1031 1897 1074 1938 in
1097 1897 1358 1939 deditionem
1385 1899 1558 1956 accepit.

163 1954 214 1998 C.
236 1954 420 2006 Cassius,
457 1963 654 2010 quaestor
690 1955 753 1996 M.
780 1953 934 2004 Crassi,
974 1954 1165 2005 Parthos,
1203 1955 1277 2011 qui
1313 1956 1357 1996 in
1397 1955 1561 2013 Syriam

161 2012 521 2062 transcenderant,
554 2011 718 2053 cecidit.
782 2011 835 2053 In
894 2011 1068 2053 etitione
1097 2012 1336 2054 consulatus
1368 2012 1430 2055 M.
1454 2013 1563 2056 Cato

161 2085 206 2114 re
238 2069 372 2112 ulsam
404 2069 514 2120 tulit,
549 2070 698 2111 creatis
731 2084 861 2111 consu
879 2070 973 2111 ibus
1009 2069 1094 2111 Ser.
1122 2069 1323 2127 Sulpicio,
1359 2069 1421 2112 M.
1448 2070 1564 2114 Mar-

161 2143 209 2171 ce
244 2143 280 2170 o.
345 2127 396 2169 C.
419 2126 575 2170 Caesar
608 2126 853 2169 Bellovacos
885 2142 982 2169 cum
1016 2127 1107 2168 aliis
1141 2127 1361 2170 Gallorum
1398 2129 1565 2186 populis

163 2185 339 2228 domuit.
404 2185 629 2227 Praeterea
657 2185 949 2226 contentiones
976 2185 1088 2226 inter
1114 2185 1306 2226 consules
1326 2185 1379 2227 dc
1402 2201 1566 2228 succes-

164 2257 256 2284 sore
293 2241 344 2284 C.
366 2241 539 2284 Caesari
571 2242 794 2293 mittendo,
829 2250 980 2299 agente
1013 2242 1058 2283 in
1091 2251 1241 2284 senatu
1274 2242 1337 2284 M.
1357 2242 1564 2285 Marcello

165 2299 353 2350 consule,
376 2308 423 2341 ut
448 2299 604 2341 Caesar
625 2300 678 2341 ad
699 2300 950 2356 petitionem
972 2299 1213 2342 consulatus
1233 2301 1409 2351 veniret,
1433 2316 1565 2358 quum

166 2357 201 2400 is
228 2357 320 2414 lege
350 2357 432 2398 lata
466 2358 509 2398 in
545 2365 627 2398 tem
663 2372 710 2398 us
742 2357 982 2399 consulatus
1009 2358 1245 2414 provincias
1272 2359 1461 2400 obtinere
1495 2359 1567 2400 de-

165 2415 297 2465 beret,
320 2430 468 2471 resque
491 2430 515 2456 a
538 2414 598 2456 M.
661 2414 774 2456 ibulo
797 2416 840 2457 in
865 2415 986 2472 Syria
1005 2424 1141 2471 gestas
1162 2416 1362 2457 continet.

812 2702 933 2745 CIX.

176 2811 426 2856 CAUSAE
454 2815 639 2858 civilium
667 2829 878 2858 armorum
908 2824 950 2858 et
975 2816 1096 2859 initia
1123 2817 1375 2868 referuntur,
1397 2826 1571 2859 conten-

175 2869 393 2926 tionesque
434 2872 487 2914 de
528 2888 764 2915 successore
807 2874 855 2916 C.
887 2874 1055 2916 Caesari
1096 2874 1318 2924 mittendo,
1355 2889 1487 2932 quum
1529 2889 1571 2915 se

1274 2946 1294 2971 s
1316 2936 1340 2972 2
