1888 3194
819 181 1166 223 ‘INDEXj

326 260 454 301 Agraei,
471 260 619 292 Aetoliae
634 262 776 301 populus
793 270 844 301 32,
860 269 912 300 34.

327 304 460 344 Agraria
482 304 535 334 lex
559 305 688 343 quando
712 304 854 344 primum
875 304 943 334 lata
967 312 996 340 2,

369 356 420 384 41.
443 346 580 377 tribunis
599 346 703 386 plebis
721 356 848 386 semper
865 345 1000 376 materia

369 389 563 420 seditionum
598 389 660 419 fuit
694 387 726 427 6,
759 398 806 419 11.
844 389 885 419 ob
914 388 1000 428 leges

370 431 507 471 agrarias
522 431 710 462 discordiae.
734 431 774 462 cf.
792 430 872 461 Lex.

328 474 554 513 Agravonitae,
569 473 683 513 populi
700 473 824 513 Illyrici
841 481 892 512 45,
909 471 960 504 26.

328 516 495 556 Agrianes,
508 516 699 547 bellicosum
719 525 820 555 genus
837 515 888 554 28,
904 523 933 554 5.
952 524 1003 555 33,

376 559 423 589 18.
448 568 501 597 42,
517 567 566 597 51.
592 570 643 597 44,
663 569 710 589 11.

330 601 541 641 Agrigentum
568 602 609 631 ab
637 600 826 631 Himilcone
850 599 1004 638 recipitur

375 654 427 681 24,
440 651 490 682 35.
513 647 719 682 oppugnatur
734 646 765 673 et
778 642 923 681 proditur
938 641 1003 671 Ro-

375 686 479 716 manis
496 685 546 722 26,
563 695 613 723 40.
638 686 677 715 cf.
696 692 746 723 25,
761 693 809 722 23.

332 728 488 768 Agrippa,
504 727 649 758 Tiberini
664 727 760 764 filius,
776 736 832 757 rex
851 726 956 757 Albae
975 735 1002 761 1,

330 813 463 843 Aharna
478 822 553 851 opp.
572 821 622 850 10,
638 818 688 849 25.

332 855 394 884 Aio
412 854 549 885 Locutio
563 854 725 892 templum
742 861 772 892 5,
789 861 839 892 50.

331 897 395 927 Ala
425 896 570 935 equitum
600 896 848 935 quingentorum
882 904 930 932 10,
956 904 1005 936 29.

372 943 590 969 trecentorum
620 948 670 979 29,
698 947 724 968 1.
762 938 854 968 1111116
879 945 930 977 37,
955 948 1004 975 40.

373 981 427 1011 ala
447 981 543 1020 regia,
559 980 636 1012 ibid.
655 990 744 1010 sacra
764 981 911 1020 equitum
933 980 1003 1010 Ma-

374 1024 534 1054 cedonum
550 1033 602 1061 42,
619 1023 670 1061 58,
687 1022 737 1055 66.
761 1034 813 1061 44,
829 1033 879 1061 42.

332 1066 493 1103 Albanda,
508 1076 583 1105 opp.
602 1074 654 1104 33,
673 1066 720 1096 18.
745 1066 796 1104 38,
814 1075 863 1105 31.

331 1108 554 1138 Albandenses
578 1108 629 1146 38,
657 1116 704 1147 13.
735 1109 824 1147 apud
848 1117 901 1138 eos
927 1111 1005 1138 tem-

373 1151 466 1190 plum
488 1150 576 1180 urbis
600 1151 738 1188 Romae,
759 1150 893 1190 ludique
915 1150 1004 1180 anni-

374 1193 504 1223 versarii
520 1193 549 1223 ei
565 1192 672 1223 Divae
684 1193 822 1223 instituti
839 1193 930 1231 43,8.
954 1203 1004 1223 co-

372 1245 485 1266 ronam
501 1245 632 1265 auream
648 1235 880 1274 quinquaginta
898 1235 1006 1273 pondo

374 1277 408 1308 in
425 1277 588 1317 Capitolio
605 1277 726 1307 donum
745 1278 815 1308 Iovi
833 1279 871 1309 Ο.
889 1278 936 1307 M.
951 1287 1006 1316 po-

374 1324 468 1358 nunt,
478 1319 554 1350 ibid.
573 1319 642 1350 acie
655 1320 828 1350 vincuntur
837 1330 856 1350 a
868 1319 1007 1350 Rhodiis

374 1370 427 1401 459
444 1370 493 1400 25·

332 1406 488 1443 Alauder,
512 1405 629 1437 fluvius
651 1405 703 1444 38,
730 1405 780 1435 18.
812 1404 880 1436 eius
902 1404 1006 1435 fontes

379 1455 425 1485 15.

333 1489 447 1520 Alares
462 1490 609 1520 cohortes
628 1499 676 1527 10,
693 1499 742 1528 41.

336 1532 435 1561 Alarii
452 1533 575 1571 equites
592 1540 643 1570 35,
660 1540 688 1570 5.
713 1542 764 1570 40,
781 1541 831 1571 40.

333 1574 567 1605 Alatrinatibus
594 1584 669 1605 suae
695 1574 780 1614 leges
806 1573 950 1605 redditae
978 1584 1009 1615 9,

375 1625 425 1654 43-

334 1658 422 1688 Alba
438 1658 569 1696 Silvius,
584 1669 640 1689 rex
657 1659 762 1689 Albae
783 1668 809 1697 1,
826 1668 854 1698 3.

333 1701 428 1738 Alba,
455 1701 489 1731 in
519 1701 641 1740 Aequis
670 1701 799 1732 colonia
834 1711 882 1739 10,
912 1710 938 1732 1.
978 1701 1008 1731 vi

376 1746 472 1783 capta
495 1747 527 1773 et
550 1744 657 1774 diruta
683 1754 710 1782 1,
738 1754 786 1785 29.
819 1744 858 1774 cf.
884 1753 934 1783 3ο,
962 1751 1010 1781 17,

375 1794 426 1824 45.
450 1789 545 1825 negat
557 1796 635 1823 esse,
647 1787 732 1816 unde
742 1787 913 1825 pecuniam
926 1785 1009 1816 mili-

375 1832 487 1867 tesque
511 1829 586 1859 dare
604 1829 703 1867 possit
727 1829 886 1859 Romanis
909 1836 958 1867 27,
978 1838 1007 1869 9.

375 1870 591 1909 multiplicem
616 1871 773 1910 pecuniae
803 1871 1009 1910 militumque

377 1922 547 1943 numerum
564 1914 640 1943 dare
656 1913 779 1953 cogitur
796 1923 846 1954 29,
866 1921 913 1952 15.

335 1955 420 1985 Alba
436 1955 548 1994 Longa
568 1956 609 1986 ab
625 1956 765 1986 Ascanio
786 1956 916 1986 condita
935 1966 962 1995 1,
979 1965 1008 1995 3.

376 1997 511 2027 oriunda
533 1999 573 2027 ab
595 1998 732 2029 Lavinio
754 2007 803 2037 23.
831 1998 936 2029 diruta
953 2008 1005 2039 29.

378 2040 419 2069 cf·
440 2046 468 2078 7,
485 2049 534 2080 39·
559 2049 610 2078 30,
630 2048 680 2079 17,
697 2049 747 2080 45·

337 2082 421 2112 Alba
435 2083 531 2112 aedes
547 2083 681 2121 Capuae
698 2092 749 2121 32,
766 2093 795 2124 9.
820 2092 872 2121 40,
888 2090 940 2122 45.

336 2124 463 2154 Albana
481 2125 573 2155 vallis
589 2134 619 2164 3,
638 2132 664 2163 7.
687 2135 743 2155 arx
764 2134 792 2165 7,
810 2135 859 2164 24.

335 2166 454 2196 Albani
470 2176 558 2205 reges
577 2176 604 2204 1,
622 2176 649 2206 3.
672 2167 756 2198 inter
771 2178 825 2198 eos
840 2171 872 2198 et
889 2167 1009 2197 Roma-

377 2218 434 2238 nos
444 2213 548 2240 ortum
559 2209 681 2239 bellum
694 2219 742 2241 22.
759 2209 1009 2249 tergeminorum

376 2250 527 2289 utrinque
541 2250 675 2281 fratrum
689 2251 799 2281 virtuti
814 2261 863 2281 res
879 2251 1009 2290 permit-

377 2291 455 2321 titur
476 2302 525 2329 24.
548 2291 669 2322 Albani
690 2293 819 2323 ditionis
840 2294 1010 2323 Romanae

376 2334 453 2363 sacti
475 2341 526 2372 25.
557 2344 671 2373 parum
692 2334 773 2364 fidos
795 2345 829 2365 se
850 2334 1008 2365 Romanis

376 2376 478 2406 socios
512 2377 669 2415 praebent
705 2383 754 2415 27.
793 2387 903 2407 eorum
940 2377 1006 2406 dux

378 2419 504 2448 Mettus
520 2418 680 2448 Fuffetius
696 2418 856 2458 supplicio
872 2418 1010 2449 afficitur

379 2460 428 2490 28.
467 2459 586 2491 Albani
618 2460 759 2490 Romam
790 2461 928 2500 migrant
959 2470 1008 2502 29.

377 2512 487 2532 eorum
508 2502 669 2542 principes
684 2503 717 2532 in
739 2502 850 2533 Patres
865 2502 940 2533 lecti
959 2512 1008 2542 3ο.

377 2545 497 2575 Albani
520 2544 624 2584 patrio
644 2545 708 2575 ritu
730 2555 819 2576 sacra
837 2545 942 2575 facere
962 2545 1008 2575 iu-

375 2587 493 2617 bentur
508 2596 558 2625 31.
582 2587 732 2618 Coelium
751 2591 896 2619 montem
915 2587 1007 2618 inha-

375 2628 481 2659 bitant
498 2638 547 2668 33.

334 2669 481 2702 Albanus
496 2681 569 2710 ager
587 2670 618 2709 6,
635 2681 684 2709 42.
708 2682 800 2702 mons
825 2682 850 2710 1,
868 2680 895 2711 3.
920 2672 952 2702 in
969 2682 1007 2703 eo

375 2713 611 2753 triumphatum
638 2713 688 2752 26,
716 2723 765 2745 21.
797 2723 849 2754 33,
875 2724 923 2754 23.
955 2724 1006 2752 42,

376 2765 428 2786 21.

333 2797 484 2829 Albensis
497 2808 572 2837 ager
588 2797 639 2835 26,
660 2808 670 2828 1
681 2808 705 2829 1.

334 2840 530 2880 Albingauni
548 2839 680 2881 Ligures
696 2850 747 2881 29,
764 2848 791 2879 5.

334 2883 372 2913 L.
385 2883 533 2914 Albinius
548 2883 633 2914 inter
648 2883 767 2922 primos
782 2883 926 2914 tribunos
938 2884 1003 2923 ple-

1083 261 1135 292 bei
1156 271 1185 299 2,
1205 269 1258 300 33.
1281 259 1419 301 virgines
1443 260 1594 292 Vestales
1615 271 1716 292 sacra-

1084 313 1146 342 que
1161 303 1194 333 in
1215 304 1397 343 plaustrum
1412 303 1551 343 imponit
1566 307 1599 335 et
1615 304 1717 336 Caere

1087 346 1232 385 pervehit
1249 354 1279 385 5,
1295 356 1345 384 40.

1044 389 1092 420 M.
1107 388 1244 419 Albinus
1254 389 1410 428 plebeius,
1422 388 1568 420 tribunus
1577 387 1718 419 militum

1087 430 1118 468 6,
1134 440 1183 469 3ο.

1048 472 1085 503 L.
1099 473 1248 511 Albinus,
1265 474 1439 504 consularis
1455 484 1506 512 44,
1523 484 1573 512 41.

1047 516 1085 547 C.
1098 515 1214 546 Albius
1230 516 1382 554 Calenus,
1396 516 1556 556 gregarius
1577 515 1671 546 miles
1688 518 1721 545 et

1090 558 1241 597 princeps
1256 558 1422 588 seditionis
1440 559 1599 589 exercitus
1619 557 1719 596 Scipi-

1090 600 1160 630 onis
1191 600 1242 636 28,
1269 610 1321 638 24.
1350 601 1444 640 virgis
1473 611 1596 639 caesus,
1619 599 1722 631 securi

1091 642 1270 680 percutitur
1286 652 1336 683 29.

1049 683 1182 722 Albula,
1198 688 1289 715 vetus
1308 694 1427 715 nomen
1442 684 1567 716 Tiberis
1582 684 1671 715 fluvii
1696 694 1723 722 1,

1049 768 1142 806 Alce,
1157 770 1233 799 urbs
1251 768 1457 807 Celtiberiae,
1471 768 1505 800 in
1526 768 1723 800 deditionem

1093 811 1180 840 venit
1197 811 1421 842 Romanorum
1437 821 1489 850 40,
1506 811 1557 849 48,
1573 821 1624 852 49.

1051 853 1247 892 Alcibiades,
1264 854 1356 884 exsul
1378 853 1657 885 Lacedaemonius
1673 862 1724 894 39,

1095 903 1146 935 35·

1052 938 1239 969 Alcidemos
1254 939 1404 970 Minerva
1419 948 1471 977 42,
1487 946 1539 978 51.

1049 981 1155 1011 Alcon
1180 981 1387 1020 Saguntinus,
1407 981 1573 1022 transfuga
1593 991 1634 1012 ex
1657 990 1724 1011 ora-

1091 1026 1160 1053 tore
1177 1033 1229 1061 21,
1248 1033 1294 1056 12.

1051 1065 1282 1103 Alexamenus,
1298 1065 1447 1106 princeps
1462 1066 1652 1097 Aetolorum
1674 1073 1726 1105 35,

1095 1117 1144 1147 34.
1169 1108 1237 1139 eius
1251 1110 1293 1139 ad
1310 1109 1343 1139 N
1346 1109 1421 1139 abin
1437 1109 1549 1147 oratio,
1561 1119 1658 1148 quem
1674 1118 1725 1139 oc-

1093 1150 1171 1181 cidit
1196 1159 1245 1190 35.
1278 1154 1415 1191 occupat
1434 1152 1554 1191 regiam
1576 1151 1725 1188 Nabidis,

1092 1196 1124 1223 et
1140 1193 1349 1224 obtruncatur
1364 1204 1383 1224 a
1400 1193 1664 1225 Lacedaemoniis
1674 1191 1725 1232 36.

1052 1236 1238 1266 Alexander
1254 1236 1304 1268 M.
1321 1246 1384 1275 qua
1399 1239 1507 1266 aetate
1523 1235 1638 1266 vixerit
1653 1235 1685 1273 8,
1696 1244 1725 1274 3.

1094 1278 1162 1308 eius
1180 1288 1267 1308 soror
1286 1282 1453 1317 materque
1474 1288 1524 1316 24.
1555 1279 1584 1309 ei
1607 1288 1665 1317 par
1688 1277 1726 1308 L.

1095 1320 1244 1360 Papirius
1259 1321 1378 1352 Cursor
1392 1330 1423 1361 9,
1440 1319 1486 1352 16.
1510 1320 1579 1351 eius
1594 1320 1727 1351 collatio

1095 1373 1168 1393 cum
1196 1363 1295 1393 Rom.
1318 1363 1453 1393 ducibus
1479 1370 1526 1402 17.
1557 1363 1626 1393 eius
1648 1362 1728 1393 vitia

1097 1406 1144 1436 18.
1161 1405 1308 1435 fortunae
1319 1405 1496 1435 Alexandri
1509 1405 1640 1435 collatio
1653 1414 1727 1436 cum

1094 1448 1216 1486 populo
1238 1448 1337 1478 Rom.
1359 1447 1434 1478 ibid.
1466 1447 1598 1477 collatio
1620 1447 1727 1487 copia-

1094 1500 1164 1519 rum
1183 1489 1250 1519 eius
1265 1500 1339 1520 cum
1357 1490 1454 1521 Rom.
1471 1489 1572 1530 copiis
1590 1498 1640 1530 19.
1661 1499 1728 1529 reg-

1094 1531 1184 1562 navit
1200 1541 1268 1562 x111
1285 1532 1378 1562 annis
1393 1539 1444 1570 45,
1460 1542 1490 1573 9.

1054 1574 1251 1612 Alexander,
1289 1574 1382 1614 Epiri
1421 1585 1490 1613 rex,
1523 1573 1558 1604 in
1595 1573 1728 1605 Italiam

1097 1617 1231 1647 classem
1241 1617 1380 1656 appellit
1391 1618 1421 1655 8,
1432 1626 1461 1656 3.
1481 1617 1633 1648 adversus
1642 1626 1729 1654 eum,

1096 1659 1336 1690 exscensionem
1367 1659 1553 1697 facientem,
1582 1662 1729 1699 pugnant

1096 1702 1257 1732 Samnites
1280 1705 1312 1732 et
1333 1702 1457 1733 Lucani
1476 1709 1523 1740 17.
1547 1711 1662 1741 pacem
1682 1701 1729 1731 fa-

1098 1744 1142 1774 cit
1166 1755 1239 1775 cum
1263 1745 1360 1776 Rom.
1377 1744 1454 1775 ibid.
1482 1744 1551 1774 eius
1575 1744 1654 1781 fata,
1679 1753 1730 1774 res

1095 1790 1215 1826 gestae,
1231 1790 1263 1818 et
1278 1797 1363 1817 mors
1380 1796 1428 1825 24.
1452 1787 1522 1817 eius
1536 1796 1618 1816 uxor
1632 1786 1729 1817 Cleo-

1096 1833 1200 1868 patra,
1222 1839 1308 1859 soror
1329 1829 1510 1869 Olympias,
1525 1838 1661 1868 quarum
1683 1828 1728 1858 al-

1095 1875 1164 1902 tera
1185 1875 1289 1902 mater
1311 1871 1490 1902 Alexandri
1511 1871 1559 1902 M.
1575 1880 1662 1902 soror
1683 1870 1729 1901 al-

1096 1917 1164 1944 tera
1179 1913 1251 1952 fuit,
1267 1913 1344 1944 ibid.

1054 1956 1251 1993 Alexander,
1280 1956 1432 1995 magister
1461 1955 1608 1995 equitum
1639 1955 1729 1994 apud

1096 1999 1248 2037 Epirotas
1265 2007 1316 2037 32,
1336 2008 1382 2030 10.

1053 2041 1250 2078 Alexander,
1266 2041 1416 2079 princeps
1432 2040 1635 2077 Aetolorum,
1647 2038 1728 2069 eius-

1095 2093 1158 2121 que
1175 2082 1275 2113 oratio
1295 2082 1328 2112 in
1346 2081 1538 2121 Philippum
1555 2090 1607 2119 32,
1624 2090 1673 2120 33.
1697 2081 1728 2111 ei

1094 2125 1268 2164 respondet
1291 2123 1464 2163 Philippus
1487 2132 1537 2162 34.
1566 2123 1730 2153 invehitur

1094 2166 1128 2196 in
1156 2166 1380 2204 Athenienses,
1403 2169 1435 2196 et
1462 2166 1630 2196 Romanos
1654 2165 1728 2197 insi-

1095 2209 1201 2238 mulat
1215 2208 1336 2238 fraudis
1352 2217 1404 2246 34,
1422 2216 1470 2246 23.

1054 2250 1240 2281 Alexander
1254 2250 1552 2290 Megalopolitanus
1571 2260 1605 2281 se
1623 2249 1728 2281 oriun-

1096 2293 1175 2322 dum
1201 2303 1221 2323 a
1244 2293 1366 2333 Magno
1387 2292 1574 2323 Alexandro
1596 2292 1658 2323 fert
1677 2300 1729 2333 35,

1052 2341 1238 2407 Algiander
1253 2377 1403 2408 Acarnan
1421 2385 1472 2417 35,
1492 2378 1538 2409 18.
1569 2376 1638 2408 eius
1659 2387 1727 2408 ora-

1096 2419 1153 2457 tio,
1175 2419 1251 2451 ibid.
1279 2419 1411 2450 nuntius
1437 2419 1538 2450 eladis
1561 2418 1729 2457 Antiochi,

1096 2461 1231 2492 moritur
1246 2472 1286 2492 ex
1302 2462 1488 2493 vulneribus
1504 2461 1536 2492 in
1552 2471 1661 2502 pugna
1676 2471 1727 2492 ac-

1096 2504 1198 2543 ceptis
1216 2503 1267 2543 36,
1284 2514 1333 2535 2ο.

1054 2546 1240 2576 Alexander
1256 2546 1438 2576 Beroeaeus
1455 2545 1591 2576 suffocat
1608 2544 1727 2577 Deme-

1095 2588 1204 2625 trium,
1221 2588 1368 2627 Philippi
1384 2588 1487 2618 filium
1504 2597 1556 2626 40,
1573 2597 1623 2625 24.

1054 2630 1250 2667 Alexander,
1266 2630 1352 2660 filius
1369 2629 1477 2660 Persei
1495 2639 1546 2667 42,
1564 2636 1613 2668 52.
1639 2629 1727 2660 duci-

1094 2676 1146 2702 tur
1156 2675 1232 2702 ante
1246 2682 1373 2702 currum
1384 2671 1516 2702 Aemilii
1527 2671 1727 2711 triumphan-

1093 2714 1134 2744 tis
1146 2722 1198 2753 45,
1211 2723 1262 2754 39.
1285 2714 1404 2744 Albam
1420 2714 1560 2744 mittitur
1574 2713 1607 2744 in
1624 2717 1727 2749 custo-

1094 2756 1179 2786 diam
1196 2766 1270 2786 cum
1288 2759 1378 2795 patre
1394 2766 1445 2794 42.

1052 2798 1249 2828 Alexandria
1287 2798 1318 2828 in
1351 2799 1501 2838 Aegypto
1536 2798 1666 2829 condita
1695 2799 1728 2836 8,

1094 2850 1142 2879 24.
1164 2841 1280 2872 frustra
1292 2844 1434 2872 tentatur
1445 2842 1485 2872 ab
1498 2841 1662 2873 Antiocho
1675 2848 1726 2880 45,

1097 2892 1143 2914 11.
