1888 3194
356 189 430 226 122
865 180 1012 223 TITI
1054 179 1233 221 LIVII

139 280 183 311 U·
200 280 239 311 C·
262 280 333 319 583-
347 282 508 316 tentare
530 289 627 315 eum
649 273 822 322 destitit,
845 287 977 329 quum
998 279 1231 328 appareret,
1254 277 1459 326 quantum
1481 268 1526 308 in
1547 283 1596 309 eo
1618 282 1737 324 prae-

138 324 177 354 A.
201 326 239 354 (Λ
265 321 442 374 ¹⁶9·sidii
469 341 598 381 esset3
630 347 709 372 nec
738 341 880 372 tamen
907 330 1131 385 impetrare
1157 329 1209 369 ab
1237 327 1377 369 animo
1404 334 1557 382 posset,
1582 334 1630 366 ut
1656 325 1734 366 im·
1751 342 1768 374 7

346 404 518 447 pensam
539 389 584 430 in
604 404 692 430 rem
714 388 886 429 maximi
907 387 960 429 ad
981 387 1122 428 omnia
1143 385 1346 427 momenti
1366 384 1533 425 faceret.

394 516 410 548 7
438 510 481 540 Ut
497 509 672 547 impensam
693 508 729 536 in
748 517 815 537 rem
834 506 963 535 maoez'mi
979 505 1022 534 ad
1064 503 1153 535 Flori
1177 503 1349 534 Salondieo
1374 501 1545 533 arbitratus
1567 503 1626 539 est,
1646 500 1740 530 nulla

348 553 455 583 omnia
477 552 624 581 momenti
639 550 783 588 faceret]
816 548 882 579 Hic
898 547 1019 578 asteris-
1065 546 1141 576 satis
1171 546 1288 577 idonea
1318 545 1441 576 ratione
1471 544 1598 574 videtur
1632 546 1740 573 motus

349 604 424 625 cum
453 596 647 633 apposuerat
677 591 835 631 Sigonius,
859 590 944 629 quod
974 600 1023 626 ea,
1067 599 1135 619 esse
1161 588 1319 628 Sigonius,
1344 591 1381 618 ut
1411 587 1562 617 mutilum
1592 585 1646 616 hic
1671 595 1740 616 esse

350 647 433 676 quae
449 637 488 666 de
506 635 642 666 Olonico
660 634 808 673 Hispano
824 633 857 663 in
881 632 1023 672 epitome

350 679 445 710 huius
466 678 539 708 libri
560 678 740 714 traduntur,
760 676 801 705 ad
825 674 1019 706 Clondicum

352 722 580 753 Bastarnarum
597 720 711 750 ducem
732 729 751 748 a
769 717 860 748 Livio
876 717 1020 748 nomina-

350 769 421 794 tum
445 773 529 802 supr.
545 763 590 792 xl.
608 762 657 801 58.
674 760 840 791 retulerit:
872 769 967 799 quem
991 758 1024 788 in

353 805 496 837 Paeonia
517 804 629 835 fecisse
651 803 794 842 aliquem
817 805 941 831 motum
971 811 1023 831 ex-

352 847 516 884 istimavit,
546 850 579 877 et
608 846 651 876 ibi
684 845 914 883 interemptum
946 853 1023 875 esse.

354 892 404 921 Ea
429 890 524 929 igitur
545 898 628 927 quae
650 888 690 918 ad
713 887 806 917 illum
831 886 1024 918 Clondicum

352 935 544 972 spectarent,
557 931 609 961 hie
622 929 776 960 excidisse
788 929 923 968 putavit.
961 928 1024 958 Sed

353 985 454 1015 quum
476 974 580 1004 multo
603 972 796 1012 probabilior
812 971 863 1009 sit,
879 975 915 1001 ut
930 981 1025 1010 supra

353 1016 589 1053 annotavimus,
615 1017 655 1046 de
679 1014 816 1046 Olonico
843 1013 1026 1044 coniectura

356 1059 520 1098 Gmnovii,
534 1059 587 1100 qui
603 1058 695 1090 illum
713 1058 849 1089 eundem
868 1066 935 1089 esse
951 1066 1024 1089 cum

1067 631 1183 661 librum
1202 631 1416 661 arbitraretur.
1461 628 1636 660 Douiatius
1651 628 1739 668 Sigo-

1064 673 1109 703 nii
1125 673 1316 704 auctoritate
1336 676 1443 703 motus
1458 671 1594 703 credidit
1615 674 1647 701 et
1670 670 1740 710 ipse

1064 716 1117 746 hie
1147 715 1269 755 aliquid
1306 715 1515 751 intercidisse,
1543 713 1740 752 inseruitque

1067 758 1129 788 hoc
1152 759 1223 788 loco
1246 757 1445 797 rogationem
1463 767 1482 787 a
1498 756 1645 786 Voconio
1669 765 1740 795 pro-

1067 801 1245 839 mulgatam
1269 804 1301 830 et
1324 799 1482 839 perlatam
1498 799 1538 829 de
1559 797 1741 828 coercendis

1068 843 1240 873 mulierum
1257 841 1497 872 hereditatibus.
1535 840 1599 871 Sed
1614 840 1654 870 de
1669 841 1741 879 lege

1069 885 1218 915 Voconia
1247 888 1353 924 egerat
1381 883 1492 914 Livius
1515 893 1601 922 supr.
1624 882 1680 914 xli.
1703 885 1741 913 ut

1068 931 1203 967 apparet
1219 938 1259 958 ex
1275 926 1415 966 epitome
1435 926 1523 957 illius
1537 925 1620 956 libri.
1664 925 1740 956 Cre-

1069 971 1174 1000 dimus
1196 969 1292 1009 igitur
1313 969 1394 999 nihil
1411 979 1451 999 ex
1467 969 1531 1000 fine
1549 967 1646 999 huius
1668 967 1741 998 libri

1069 1013 1147 1045 xliii.
1165 1013 1291 1054 perisse.
1316 1012 1421 1045 CREV.

1878 2175 1888 2238 -ιει-
1884 2146 1888 2158 ..
1883 2080 1888 2096 -
