1888 3194
285 151 363 190 192
798 143 946 187 TITI
983 142 1163 186 LIVII

75 243 176 275 U.c.
197 236 555 282 585-‘infirmitate
588 243 809 291 aetateque
845 233 1048 275 Eumenis
1080 240 1201 281 esset,
1232 230 1391 272 nullam
1423 229 1594 285 stirpem
1624 227 1676 269 li-

73 287 115 317 A.
138 285 177 317 C.
201 283 460 335 ¹⁶⁷·‘berum
500 292 739 334 habentis:'
779 290 981 348 (necdum
1023 290 1136 331 enim
1181 295 1405 345 agnoverat
1450 301 1560 335 eum,
1601 285 1705 341 quit

283 360 429 407 postea
477 349 698 406 regnavit).
763 355 774 373 ‘
794 348 911 397 Quid
953 348 1130 389 attinere
1170 346 1255 387 vim
1298 346 1444 386 afferre
1486 343 1560 393 rei,
1602 357 1678 384 sua

287 413 299 432 ‘
315 416 463 464 sponte
491 408 545 448 ad
572 422 669 448 eum
698 421 796 447 mox
817 405 1053 447 venturae?
1114 403 1350 444 Accessisse
1372 401 1497 442 etiam
1524 414 1677 442 novam

288 470 300 489 ‘
317 473 608 521 tempestatem
636 479 766 519 regno
795 462 998 504 tumultus
1022 461 1188 509 Gallici,
1212 460 1280 500 cui
1305 459 1374 500 vix
1402 472 1608 500 consensu
1635 464 1679 497 et

290 527 302 545 ‘
317 521 541 563 concordia
560 536 706 577 regum
727 520 861 561 resisti
882 526 1020 574 queat.
1086 517 1130 559 Si
1152 532 1251 558 vero
1272 516 1325 557 ad
1347 525 1568 557 externum
1590 513 1680 555 bel-

290 578 405 620 ‘lum
441 578 670 619 domestica
704 576 855 618 seditio
890 575 1121 623 adiiciatur,
1158 574 1246 615 sisti
1286 589 1370 614 non
1407 586 1552 629 posse3
1599 585 1712 612 nec‘z

291 635 433 677 ‘aliud
461 650 571 684 eum,
601 649 740 690 quam,
768 648 822 674 ne
849 633 976 673 frater
1002 632 1047 671 in
1073 646 1203 686 regno
1232 631 1456 671 moriatur:
1490 629 1569 670 sibi
1601 627 1681 684 ipsi

291 698 436 749 ‘spem
463 691 743 747 propinquam
771 689 891 745 regui
919 697 1172 744 erepturum.
1238 686 1282 728 Si
1306 695 1482 742 utraque
1503 685 1682 742 gloriosa

292 755 385 790 ‘res
415 756 535 797 esset,
558 756 600 788 et
629 761 809 787 servasse
840 745 956 786 fratri
985 759 1177 800 regnum,
1199 751 1242 784 et
1272 743 1499 798 eripuisse3
1532 742 1683 783 servati

293 812 463 847 ‘tamen
498 804 630 859 regni,
668 818 774 859 quae
811 803 955 843 iuncta
988 801 1135 858 pietati
1171 801 1235 849 sit,
1271 799 1479 855 potiorem
1514 798 1682 840 laudem

295 863 457 903 ‘fuisse
523 861 607 902 Sed
648 861 861 901 enimvero
902 874 1033 914 quum
1074 857 1330 899 detestabilis
1370 856 1499 898 altera
1536 871 1602 897 res
1641 864 1685 897 et

295 919 514 975 ‘proxima
540 917 763 974 parricidio
791 917 856 966 sit,
883 916 987 972 quid
1015 915 1068 956 ad
1095 914 1440 956 deliberationem
1468 913 1586 954 dubii
1616 928 1686 954 su-

295 982 306 1000 ‘
323 976 520 1032 peresse‘?
582 975 738 1016 Utrum
766 975 880 1015 enim
908 983 1070 1030 partem
1097 973 1217 1028 regni
1244 972 1474 1028 petiturum
1502 985 1604 1020 esse,
1631 986 1686 1011 an

297 1039 309 1057 ‘
326 1042 458 1075 totum
481 1032 756 1089 erepturum?
819 1030 862 1072 Si
889 1039 1077 1087 partem3
1111 1030 1233 1071 ambo
1254 1029 1453 1078 infirmos,
1480 1027 1686 1069 distractis

297 1090 493 1140 ‘viribus,
516 1098 559 1131 et
586 1089 779 1130 omnibus
805 1088 966 1129 iniuriis
991 1087 1236 1144 probrisque
1263 1086 1465 1128 obnoxios
1492 1085 1605 1126 fore:
1651 1085 1686 1126 si

297 1153 485 1196 ‘totum3
525 1147 788 1202 privatumne
822 1160 920 1201 ergo
956 1145 1154 1185 maiorem
1193 1144 1374 1193 fratrem,
1409 1157 1462 1184 an
1498 1141 1687 1184 exsulem

298 1204 397 1245 ‘illa
436 1212 584 1253 aetate,
621 1203 692 1244 illa
731 1202 913 1258 corporis
953 1202 1209 1250 infirmitate,
1252 1201 1304 1241 ad
1345 1200 1540 1241 ultimum
1581 1199 1720 1242 mori3

299 1262 531 1302 ‘iussurum
548 1261 567 1301 Ρ
627 1260 856 1316 Egregium
878 1259 1005 1307 enim,
1029 1267 1075 1299 ut
1094 1258 1244 1299 fabulis
1264 1257 1442 1298 traditus
1463 1257 1689 1313 impiorum

300 1324 312 1342 ‘
331 1318 504 1359 fratrum
537 1326 711 1358 eventus
744 1324 941 1365 taceatur,
976 1315 1119 1356 Persei
1155 1315 1317 1356 exitum
1349 1314 1494 1364 videri,
1529 1314 1602 1370 qui
1635 1327 1689 1355 ex

301 1375 509 1416 ‘fraterna
534 1374 662 1416 caede
689 1382 854 1430 raptum
875 1372 1069 1414 diadema
1096 1372 1140 1412 in
1168 1371 1325 1428 templo
1357 1370 1688 1420 Samothracum,

302 1432 444 1473 ‘velut
487 1431 776 1488 praesentibus
818 1430 898 1471 diis
942 1429 1208 1485 exigentibus
1252 1443 1422 1484 poenaS,
1465 1428 1520 1469 ad
1560 1427 1691 1484 pedes

302 1489 496 1530 ‘victoris
528 1488 659 1529 hostis
690 1496 919 1544 prostratus
950 1486 1148 1543 posuerit.
1212 1485 1296 1526 Eos
1328 1485 1452 1541 ipsos,
1484 1485 1570 1540 qui,
1603 1499 1691 1525 non

303 1546 392 1586 ‘illi
423 1546 558 1595 amici,
590 1545 665 1586 sed
696 1544 879 1586 Eumeni
912 1544 1065 1593 infesti,
1099 1542 1315 1584 stimulent
1346 1557 1458 1591 eum,
1489 1542 1692 1598 pietatem

305 1602 694 1658 ‘constantiamque
730 1601 983 1650 laudaturos,
1020 1601 1053 1641 si
1089 1599 1218 1641 fidem
1254 1599 1308 1640 ad
1342 1598 1539 1640 ultimum
1577 1598 1694 1640 fratri

157 1663 224 1701 20.
306 1666 317 1684 ‘
333 1660 628 1716 praestitisset.’
675 1658 795 1700 Haec
816 1658 909 1715 plus
930 1657 1097 1699 valuere
1118 1657 1163 1698 in
1185 1656 1320 1698 Attali
1342 1656 1493 1698 animo.
1541 1655 1693 1713 Itaque

92 1718 212 1750 stratio
229 1718 281 1748 ob-
305 1717 568 1758 introductus
600 1716 645 1757 in
679 1724 884 1765 senatum,
921 1715 1150 1771 gratulatus
1182 1714 1397 1756 victoriam
1433 1721 1508 1763 est,
1543 1722 1585 1755 et
1620 1727 1695 1754 sua

92 1764 251 1835 ffiffififfift
306 1774 454 1816 merita
485 1790 536 1815 eo
568 1773 677 1815 bello
703 1773 937 1829 fratrisque,
966 1773 1000 1813 si
1028 1787 1112 1829 qua
1142 1780 1273 1821 erant,
1302 1780 1344 1812 et
1368 1770 1587 1812 Gallorum
1620 1770 1696 1812 de-

305 1832 544 1881 fectionem,
573 1846 681 1887 quae
711 1845 847 1886 nuper
877 1830 1040 1886 ingenti
1071 1837 1189 1871 motu
1219 1829 1328 1869 facta
1357 1836 1458 1878 erat,
1487 1827 1692 1884 exposuit.

305 1889 448 1938 Petiit,
475 1897 522 1929 ut
553 1888 711 1943 legatos
743 1887 929 1928 mitteret
961 1887 1014 1927 ad
1047 1902 1129 1936 eos,
1152 1901 1332 1942 quorum
1364 1886 1609 1926 auctoritate
1642 1885 1694 1925 ab

305 1946 429 1987 armis
449 1953 732 1985 avocarentur.
795 1943 876 1984 His
897 1959 972 1999 pro
993 1944 1109 1999 regni
1133 1943 1313 1983 utilitate
1335 1942 1458 1983 editis
1474 1941 1694 1991 mandatis,

306 2003 478 2043 Aenum
500 2001 578 2042 sibi
599 2009 642 2041 et
663 2000 911 2041 Maroneam
933 2000 1065 2056 petiit.
1128 1998 1194 2040 Ita
1213 1999 1414 2040 destituta
1437 2014 1582 2040 eorum
1607 2013 1694 2054 spe,

306 2059 393 2114 qui,
415 2058 538 2099 fratre
570 2065 774 2105 accusato,
797 2057 1065 2112 partitionem
1097 2056 1216 2112 regni
1246 2056 1477 2112 petiturum
1505 2055 1697 2098 credide-

306 2123 413 2164 rant,
450 2115 608 2156 curiam
639 2113 828 2155 excessit.
892 2113 953 2154 Ut
988 2129 1080 2155 raro
1113 2113 1212 2154 alias
1244 2113 1480 2169 quisquam,
1513 2127 1589 2154 rex
1623 2105 1729 2178 aut}

307 2172 504 2228 privatus,
522 2180 639 2212 tanto
655 2171 793 2212 favore
811 2179 1013 2226 tantoque
1031 2171 1219 2212 omnium
1236 2184 1404 2211 assensu
1425 2178 1488 2211 est
1503 2170 1694 2219 auditus3

308 2229 501 2270 omnibus
533 2228 761 2269 honoribus
792 2228 1132 2284 muneribusque,
1159 2237 1201 2269 et
1230 2242 1425 2284 praesens
1455 2236 1517 2269 est
1547 2226 1695 2276 cultus,

308 2295 349 2327 et
371 2286 665 2342 profiscentem
685 2285 894 2341 prosecuti
914 2293 1023 2326 sunt.
1709 2293 1730 2327 6

357 2418 367 2438 1
393 2410 494 2445 Eum,
510 2410 565 2450 qui
578 2413 689 2449 postea
704 2410 869 2448 reynavz't]
890 2410 981 2440 Atta·
1027 2410 1256 2450 exponendum
1273 2412 1449 2441 censentes.

310 2451 375 2481 lam
404 2451 637 2489 Philometore,
661 2451 715 2490 qui
740 2451 883 2491 regnavit
911 2456 983 2491 post
1070 2464 1089 2490 4
1113 2452 1247 2483 Curiam
1283 2453 1432 2490 excessit]
1477 2452 1699 2488 Quemadmo-

310 2493 397 2523 hunc
432 2494 581 2523 Attalum
620 2497 771 2533 patruum
809 2504 915 2531 suum,
951 2498 983 2525 et
1028 2495 1105 2525 dum
1121 2505 1206 2534 supr.
1219 2494 1251 2525 ii.
1267 2498 1366 2533 37.ut
1377 2495 1486 2525 urbem
1501 2495 1700 2526 eoecederent.

310 2535 429 2565 herede
473 2536 595 2575 populo
641 2536 792 2566 Romano
836 2536 981 2568 decessit.
1030 2537 1138 2577 Vulgo
1153 2538 1247 2567 curia
1263 2536 1391 2575 legitur,
1403 2537 1459 2566 sed
1481 2536 1586 2576 prima
1601 2535 1700 2567 editio

312 2577 421 2608 szv.
1030 2581 1155 2610 curiam
1170 2578 1315 2615 exhibet,
1330 2582 1412 2608 teste
1428 2578 1606 2610 Gronovio.

357 2629 374 2649 ·2
398 2620 468 2649 Nec
480 2620 572 2649 aliud
586 2621 674 2658 eum]
693 2621 898 2659 Effecturmn
914 2622 985 2652 sub·
1073 2629 1090 2660 5
1120 2622 1162 2652 Ut
1187 2631 1262 2651 raro
1288 2619 1387 2658 alias]
1422 2620 1621 2651 Particulam
1651 2624 1700 2658 ut,

313 2660 465 2700 intelligit
482 2661 624 2691 Crevier.
1030 2663 1112 2693 forte
1138 2666 1248 2692 natam
1274 2672 1313 2692 ex
1338 2661 1461 2692 ultimis
1484 2662 1584 2692 literis
1611 2671 1700 2702 prae-

358 2711 375 2741 3
399 2704 454 2732 Ad
467 2704 631 2741 ultimum]
659 2704 715 2733 An
731 2705 878 2735 ultimum
891 2706 986 2745 vulgo
1032 2704 1174 2735 cedentis
1190 2704 1276 2734 vocis
1291 2705 1434 2740 arcessit,
1447 2703 1611 2734 Gronovio
1626 2714 1700 2734 auc-

315 2744 442 2784 legitur,
458 2746 543 2784 quod
560 2745 741 2776 Crevierius
764 2750 796 2775 et
812 2746 986 2777 Douiatius
1030 2750 1110 2783 tore,
1136 2746 1308 2776 delendam
1335 2749 1467 2776 censent
1497 2745 1638 2777 Crevier.
1668 2749 1702 2777 et

315 2790 457 2824 tuentur,
483 2788 631 2817 ultimum
661 2790 815 2826 tanquam
846 2789 888 2818 ad
912 2789 985 2818 ulti·
1032 2788 1171 2818 Bekker.

315 2839 412 2865 mum,
428 2829 701 2867 quemadmodum
718 2839 803 2868 supr.
820 2840 917 2861 xxxv.
936 2832 985 2870 35.
1073 2829 1092 2860 6
1114 2831 1374 2869 Proficiscentem
1407 2832 1568 2870 prosecuti
1604 2831 1699 2869 sunt]

317 2871 360 2902 xl.
372 2871 421 2911 38.
435 2881 591 2903 summum
601 2875 756 2912 tanquam
767 2873 810 2904 ad
819 2883 986 2911 summum,
1032 2872 1098 2904 Hic
1121 2882 1236 2913 operae
1260 2872 1399 2913 pretium
1422 2876 1469 2906 est
1491 2873 1642 2914 supplere
1665 2882 1703 2904 ea
