1888 3194
146 176 522 221 EDITIONIS
567 175 1335 220 DRAKENBORCHIANAE.
1389 184 1471 222 503

79 265 185 324 Cap
224 271 293 310 32.
330 269 434 309 nihil
470 269 568 321 esse]
604 267 708 307 nihil
743 268 807 307 sit.
824 265 1004 307 —Ibid.
1044 273 1175 307 tamen
1215 283 1305 308 cum
1345 277 1473 310 cetera

76 325 330 366 liberavimus
368 325 556 366 Graecia.
628 323 740 374 Quid
771 323 946 377 tandem]
986 331 1117 365 tamen
1149 339 1270 380 quum
1305 333 1473 366 ceteram

76 383 372 423 liberaverimus
405 382 636 431 Graeciam,
665 382 765 436 quid
793 382 964 421 tandem.
983 379 1166 422 —Ibid.
1198 382 1420 437 Ctrumque
1447 399 1473 423 a

76 445 113 480 te
125 441 291 494 factum
318 437 392 492 est]
431 439 578 480 Utrum
607 453 684 479 non
715 454 742 479 a
773 445 808 478 te
825 440 992 505 factum
1020 445 1086 479 est.
1107 462 1162 469 —
1181 437 1286 494 Cap.
1311 442 1379 480 34.
1394 441 1474 493 fa-

76 496 194 550 ceret]
223 495 579 552 facere.—Cap.
616 499 686 537 35.
728 495 845 551 affro]
887 497 1009 550 ayris.
1032 520 1091 526 —-
1114 494 1220 552 Cap.
1260 499 1328 537 39.
1372 499 1475 537 inse-

75 553 259 608 rendum]
289 555 552 609 inferendum.
570 577 629 584 -—
647 552 752 609 Cap.
776 555 844 593 41.
875 560 913 594 et
940 554 1058 593 lateri
1083 554 1305 594 adhaerens
1332 561 1475 609 tyran-

75 625 163 660 nus,
204 625 282 652 non
321 613 518 652 sincerum
553 612 751 667 yaudium
786 611 1050 665 praebebant]
1096 611 1215 652 lateri
1253 612 1475 652 adhaerens

75 670 253 724 tyranni,
287 683 364 709 non
399 671 597 710 sincerum
628 669 825 724 yazzdi‘um
858 669 1088 723 praebebat.
1106 667 1286 709 ——Ibid.
1317 669 1472 724 fuerit]

61 727 224 780 fuerat.
243 750 299 757 --
318 725 423 782 039.
461 730 531 768 44.
570 727 622 768 P.
664 725 887 780 Sulpicius]
931 726 1018 766 Ser.
1054 726 1269 780 Sulpicius.
1289 751 1345 757 —
1364 724 1471 782 Cap.

74 786 144 825 48.
180 784 354 824 Romam
390 786 636 825 comitiorum
678 798 802 824 causa
842 783 1004 838 redisse]
1048 786 1294 824 comitiorum
1330 798 1475 824 caussa

75 841 239 882 rediisse
269 841 454 882 Romam.
473 866 531 871 ——-
551 840 660 882 Ibid.
695 841 973 895 deprimerent]
1016 841 1262 896 deprimeret.
1285 865 1343 871 ——-
1367 840 1472 908 Cap.

74 900 144 939 49.
167 913 289 953 quam
310 901 431 939 ruina
448 901 714 954 yravissimae
735 898 925 953 civi’tatzs]
949 913 1071 953 quam
1092 901 1213 939 ruina
1230 901 1476 954 ⁸qrazissima

75 957 258 996 civitatis.
274 954 454 1012 —Cap.
491 959 560 998 51.
604 955 866 1010 traducentis]
906 957 1166 996 traducentes.
1186 980 1241 986 —
1261 954 1366 1012 Cap.
1404 959 1473 998 52.

80 1012 219 1054 Secuti
237 1028 401 1054 currum
426 1013 584 1068 milites]
613 1014 755 1053 milites
781 1015 906 1053 secuti
931 1028 1106 1053 currum.
1122 1039 1179 1044 --
1198 1011 1306 1069 Cap.
1329 1017 1395 1054 53.
1419 1014 1473 1055 P.

80 1069 339 1125 Sempronius
371 1071 530 1124 Soplzus
557 1070 711 1124 consul]
741 1070 791 1110 P.
821 1070 1079 1124 Sempronius
1109 1070 1278 1124 Sophus.
1295 1095 1350 1101 —-
1367 1069 1473 1126 Cap.

76 1129 144 1169 55.
187 1128 368 1168 Cornelio
415 1127 569 1176 Galli,a
612 1128 797 1167 Mmueio
831 1127 1006 1181 Liqures
1047 1135 1266 1168 evenerunt.
1334 1128 1479 1169 Sortiti

68 1191 290 1240 praetores,
331 1184 375 1226 C.
397 1184 649 1238 Scribonius]
687 1184 894 1225 Cornelius
933 1183 1128 1233 Galliam,
1163 1185 1374 1225 BIinucius
1401 1186 1478 1225 Li-

71 1256 194 1297 qures
241 1243 373 1282 sortiti
419 1248 523 1282 sunt.
594 1241 637 1283 C.
681 1241 923 1282 Scribonius.
941 1265 1000 1271 —
1018 1239 1123 1296 Cap.
1169 1243 1237 1282 56.
1289 1242 1475 1296 escendit]

76 1300 264 1340 ascendit.
283 1297 465 1340 —Ibid.
499 1299 790 1353 conveniretur]
826 1300 1085 1338 convenirent.
1100 1297 1280 1354 —Cap.
1305 1300 1372 1341 57.
1406 1307 1478 1339 aut

76 1358 119 1397 in
139 1355 262 1410 Asia]
291 1359 333 1397 in
354 1357 469 1397 Asia.
488 1381 546 1386 —
565 1355 670 1423 Cap.
695 1358 762 1398 59.
791 1355 1083 1410 concessurum]
1113 1370 1406 1397 consensurum.
1423 1381 1479 1387 —

80 1412 146 1456 Ca
211 1415 278 1454 61.
302 1414 434 1469 coqui]
418 1414 594 1469 ]conloq
598 1416 649 1454 ui.

136 1427 233 1512 ΕΙΒ.
257 1470 452 1512 XXXV.
489 1470 594 1527 Cap.
623 1475 657 1512 1.
688 1487 721 1511 sz
716 1470 935 1525 '‘fiulzsset]
965 1473 1001 1511 si
1026 1473 1068 1511 vi
1083 1472 1274 1526 fudisset.
1292 1470 1476 1513 ——Ibid.

65 1528 220 1584 ferme]
249 1530 356 1583 sere.
374 1527 555 1570 —Ibid.
591 1530 717 1582 sacta
762 1528 835 1582 est]
871 1530 1008 1582 facta.
1027 1554 1085 1559 —
1103 1528 1210 1584 Cap.
1253 1532 1291 1570 3.
1335 1529 1476 1584 quam]

78 1586 252 1640 dixerat]
297 1601 410 1641 quem
450 1587 618 1626 diverat.
636 1584 818 1626 ——Ibid.
862 1601 939 1626 non
979 1587 1075 1640 plus
1115 1587 1220 1626 mille
1257 1587 1476 1653 passuum]

79 1644 186 1684 mille
207 1658 418 1698 passuum.
438 1642 615 1684 —Ibid.
646 1645 877 1698 quinqcntos
894 1645 946 1696 f
949 1658 1030 1683 rme
1050 1643 1217 1698 passus]
1238 1645 1334 1697 fere
1361 1646 1478 1699 quin-

75 1708 213 1757 yentos
229 1716 387 1756 passus.
407 1724 459 1732 -—
477 1699 582 1757 Cap.
606 1704 646 1742 5.
669 1707 707 1741 et
735 1701 784 1750 Q.
800 1707 838 1740 ct
857 1701 920 1740 U.
938 1701 1154 1754 Marcii]e
1135 1701 1255 1741 etM.
1272 1701 1476 1742 Marcius.

79 1757 189 1799 -C
174 1773 258 1814 39.
294 1761 332 1800 8.
375 1761 446 1813 qui
484 1759 549 1813 ea]
591 1773 638 1798 ne
677 1774 735 1798 ea.
755 1756 934 1813 -Cap.
974 1761 1038 1798 13.
1063 1759 1245 1812 foederis
1279 1759 1476 1812 Romani]

67 1817 249 1870 foederis
289 1831 375 1857 eum
418 1817 604 1856 Romam.
624 1813 804 1871 -Cap.
847 1818 911 1855 14.
950 1816 1129 1870 quodque
1164 1816 1326 1856 ultimas
1365 1815 1476 1882 oras]

79 1874 259 1928 quodque
279 1889 383 1914 oras.
403 1897 459 1903 —
479 1872 585 1914 Ca.
609 1875 676 1913 20.
699 1874 921 1928 quindecim
943 1873 1069 1913 millia
1087 1873 1283 1928 peditum]
1307 1875 1480 1928 quinque

79 1931 209 1971 millia
241 1932 435 1985 peditum.
451 1930 629 1986 —Lap.
673 1933 742 1970 23.
781 1929 938 1985 viyinti]
981 1931 1162 1984 ΐ7ἰ7]7”77ία.
1179 1929 1363 1986 —Cap.
1408 1933 1478 1971 25.

79 1987 281 2042 Achaeos]
305 1989 475 2029 Aetolos.
494 2013 552 2018 —-
570 1987 677 2043 Cap.
702 1989 768 2029 26.
795 2003 821 2027 a
843 1987 1081 2042 Naupacto]
1104 1989 1154 2027 ab
1176 1988 1406 2042 Aaupacto.
1422 2013 1480 2017 —

83 2043 190 2102 Cap.
213 2047 282 2088 27.
305 2060 347 2086 re
366 2046 512 2100 elatus]
535 2046 663 2086 elatus
684 2060 736 2086 r.e
755 2069 812 2075 —
828 2043 936 2085 Ibid.
962 2045 1081 2099 lzosti]
1100 2047 1280 2086 hostium.
1296 2069 1354 2076 —
1370 2044 1477 2100 Cap.

82 2105 149 2145 29.
173 2103 410 2158 tentaturos]
434 2110 672 2144 tentaturus.
687 2127 744 2133 -—
760 2100 865 2157 Cap.
891 2105 957 2142 34.
983 2103 1146 2157 moturi]
1171 2105 1276 2143 moti.
1296 2128 1351 2134 —-
1371 2101 1423 2143 C·
1412 2117 1476 2158 lp-

81 2163 149 2202 36.
167 2160 347 2215 eductus]
369 2161 571 2201 educatus.
589 2185 644 2191 —
661 2158 766 2216 Cap.
784 2161 853 2201 40.
876 2160 1137 2213 deverteram]
1156 2161 1405 2201 diverteram.
1422 2182 1481 2191 -

81 2216 191 2260 Ibid.
218 2218 358 2273 equiti]
387 2219 592 2273 equitibus.
611 2218 791 2273 —Cap.
820 2220 889 2258 41.
923 2224 959 2258 et
992 2219 1033 2257 in
1067 2218 1166 2258 cella
1200 2218 1319 2266 Ioves,
1353 2232 1480 2272 supra

69 2277 292 2331 fastiyium
317 2277 532 2325 aediculae,
555 2277 757 2316 duodecim
786 2275 913 2329 clipea
941 2275 1154 2330 inaurata]
1184 2277 1223 2316 in
1253 2276 1350 2315 cella
1374 2276 1481 2315 Iovis

81 2348 208 2388 supra
228 2334 449 2387 fasti-(sium
482 2333 697 2381 aediculae,
732 2339 769 2373 ct
799 2333 1002 2373 duodecim
1039 2333 1165 2387 clipea
1198 2335 1405 2374 inaurata.
1423 2358 1481 2363 —

85 2388 192 2446 Cap.
215 2393 284 2431 42.
314 2391 365 2430 ab
392 2391 517 2445 terqo]
546 2406 572 2431 a
605 2397 723 2444 tcrfJO.
744 2414 797 2420 —
816 2389 925 2431 Ibid.
954 2390 1210 2445 quemquam]
1240 2393 1478 2446 quempiam.

82 2472 141 2479 —-
158 2446 263 2504 Cap.
291 2450 361 2489 43.
394 2448 580 2503 escendit]
613 2448 828 2488 adscendit.
847 2472 905 2478 --
924 2446 1028 2503 Cap.
1056 2451 1125 2488 44.
1152 2449 1481 2503 principibusque

83 2505 194 2559 aliis]
211 2506 550 2560 principibusque.
570 2529 623 2536 —
638 2504 744 2546 Ibid.
753 2506 879 2559 facto
894 2505 1064 2560 silentio]
1085 2506 1174 2546 inde
1177 2507 1299 2560 facto
1314 2506 1478 2546 silentio.

83 2587 141 2595 —
158 2560 263 2619 Cap.
286 2566 354 2604 45.
379 2562 553 2617 abscisa]
576 2563 762 2602 abscissa.
780 2587 838 2592 —
856 2561 962 2618 Cap.
980 2564 1051 2604 47.
1076 2577 1235 2604 uxorem
1255 2562 1480 2617 Apamam]

85 2633 244 2661 uxorem
265 2621 498 2675 4pamiam.
517 2644 573 2650 -—
591 2619 698 2661 Ibid.
714 2621 838 2672 filiae
862 2620 1086 2674 Apamam]
1101 2621 1226 2672 filiae
1247 2621 1479 2675 Apanhiam

85 2675 265 2744 —Cap.
300 2680 368 2718 48.
411 2677 624 2732 Cadusios]
667 2678 902 2718 Cadaelnſtroe
919 2676 1103 2718 —Ibid.
1140 2679 1259 2718 unius
1291 2677 1481 2731 civitatis]

87 2735 270 2775 civitam.
286 2734 468 2791 —Cap.
502 2738 571 2777 49.
618 2734 832 2789 Cadusios]
882 2735 1120 2776 Cadduszos.
1136 2733 1317 2777 —Ibid.
1353 2736 1437 2775 toti(
1437 2734 1481 2788 3]

81 2792 228 2845 potius.
244 2791 379 2832 —Ca
427 2749 513 2833 51.
537 2793 588 2832 ab
619 2791 835 2848 Ταπα7]7·α]
859 2808 885 2832 α
916 2793 1126 2846 Tanaqra.

147 2844 242 2888 Lm.
286 2806 513 2890 XXXVI.
551 2848 658 2905 Cap.
698 2853 732 2890 1.
775 2856 894 2904 atque
912 2849 1110 2903 filiciter]
1145 2865 1194 2889 ac
1213 2849 1361 2902 fiss'chczt
1362 2864 1403 2888 r.
1426 2871 1481 2878 —

89 2902 197 2945 Ibid.
231 2906 315 2944 eius
286 2846 513 2959 tham]
550 2921 608 2946 sec
591 2913 695 2946 ctam
731 2909 825 2946 eius.
843 2933 895 2938 —
914 2905 1021 2961 Cap.
1057 2909 1097 2948 2.
1132 2907 1287 2960 quode
1271 2920 1360 2945 cum
1396 2919 1429 2943 rc
1418 2918 1482 2957 eye
