1888 3194
541 206 669 250 LIB.
702 206 868 248 XLIV.
914 206 1062 248 CAP.
1096 210 1164 249 26.
1475 213 1554 252 143

150 311 274 353 agere
304 294 432 345 aliud,
454 309 595 351 neque
626 295 823 351 cogitare.
887 295 1106 338 Romanos
1130 311 1314 352 quoque,
1336 298 1437 353 quia
1467 308 1550 341 tra·
1567 310 1609 342 U.
1626 310 1664 342 c.
1687 311 1762 352 584.

149 353 321 395 heretur
340 352 498 394 diutius
528 366 601 408 spe
633 352 817 408 ipsorum
845 352 1018 403 bellurn,
1041 362 1084 395 et
1111 353 1223 409 ipsos
1250 353 1391 404 duces,
1414 363 1456 396 et
1483 370 1548 396 se-
1561 353 1602 385 Α·
1625 353 1664 385 C.
1689 353 1759 387 168.

149 419 308 459 natum,
326 424 412 450 non
433 409 655 450 abhorrere
672 424 696 451 a
711 409 901 451 finiendo
923 418 1008 451 tam
1030 410 1299 452 incommodo
1318 425 1366 452 ac
1387 411 1547 453 difficili

147 466 269 508 bello.
332 465 428 507 Hac
449 466 667 522 utriusque
688 466 817 522 partis
836 466 1051 509 voluntate
1072 467 1301 523 explorata,
1319 468 1435 523 quod
1455 469 1546 509 fieri

147 523 276 564 etiam
308 537 383 564 sua
413 532 563 578 sponte
599 522 739 565 taedio
771 523 996 573 validioris,
1031 532 1146 565 metu
1180 524 1421 566 infirmioris
1456 539 1546 566 cre-

147 579 275 621 debat
313 594 447 636 posse,
488 579 533 620 in
569 594 620 621 eo
659 595 778 621 suam
817 595 987 636 operam
1023 580 1240 622 venditare
1281 581 1545 623 concilianda

145 636 280 692 gratia
299 636 432 692 magis
452 636 595 692 cupiit.
645 636 773 687 Nam,
790 637 917 679 modo
937 652 991 679 ne
1013 638 1174 679 iuvaret
1193 637 1305 679 bello
1328 638 1544 680 Romanos

146 701 257 735 terra
282 694 484 749 marique,
507 694 634 736 modo
661 694 776 750 pacis
803 694 1030 750 patrandae
1059 710 1154 736 cum
1179 695 1384 736 Romanis
1410 695 1544 751 pacis-

111 750 321 798 acebatur
351 750 617 792 mercedem:
657 766 711 793 ne
749 751 858 793 bello
893 751 1125 802 interesset,
1150 752 1173 774 *
1194 751 1308 793 mille
1344 761 1387 793 et
1418 753 1544 809 quin-

113 816 275 864 4genta
294 807 463 849 talenta.
524 807 576 849 In
597 816 777 865 utroque
799 824 885 850 non
906 808 1036 850 fidem
1057 809 1183 851 modo
1203 824 1260 859 se,
1283 809 1357 850 sed
1377 809 1543 851 obsides

146 880 330 921 quoque,
356 864 455 906 dare
485 874 677 922 paratum
707 880 809 915 esse,
839 866 1099 908 ostendebat.
1161 866 1339 908 Perseus
1369 866 1423 907 ad
1454 881 1542 908 rem

145 921 426 964 inchoandam
460 923 795 979 promptissimus
825 932 926 973 erat,
949 932 1126 979 cogente
1158 933 1288 974 metu,
1311 932 1354 965 et
1383 923 1436 965 de
1468 924 1543 965 ob-

145 979 305 1021 sidibus
326 979 581 1035 accipiendis
602 980 691 1021 sine
713 980 913 1021 dilatione
935 981 1097 1036 agebat,
1121 990 1472 1036 conveneratque,
1496 989 1543 1022 ut

146 1036 307 1092 accepti
331 1035 504 1077 Cretam
527 1037 806 1078 mitterentur.
870 1037 957 1078 Ubi
979 1037 1032 1078 ad
1057 1038 1261 1093 pecuniae
1284 1038 1541 1079 mentionem

113 1102 318 1143 5ventum
354 1102 455 1142 erat,
490 1093 549 1135 ibi
584 1093 841 1135 haesitabat:
884 1102 928 1135 et
963 1094 1110 1150 utique
1146 1093 1319 1135 alteram
1355 1095 1400 1135 in
1437 1095 1542 1136 tanti

145 1149 328 1192 nominis
359 1150 528 1206 regibus
560 1160 725 1207 turpem
759 1165 806 1191 ac
839 1150 1064 1201 sordidam,
1096 1159 1140 1193 et
1171 1151 1303 1200 danti,
1335 1160 1378 1192 et
1409 1151 1542 1208 magis

145 1206 383 1263 accipienti,
421 1207 660 1249 mercedem
696 1222 796 1249 esse.
861 1207 1051 1249 Malebat
1085 1208 1131 1248 in
1166 1223 1284 1264 spem
1322 1208 1540 1249 Romanae

144 1263 258 1321 pacis
286 1279 371 1305 non
398 1279 588 1306 recusare
617 1264 864 1321 impensam,
887 1264 962 1306 sed
989 1279 1082 1306 eam
1107 1265 1331 1321 pecuniam
1357 1265 1543 1321 perfecta

144 1335 189 1362 re
210 1320 435 1370 daturum3
468 1321 629 1363 interea
659 1321 953 1363 Samothracae
982 1322 1027 1363 in
1055 1321 1213 1378 templo
1237 1322 1539 1378 depositurum.

146 1377 212 1420 Ea
231 1378 368 1420 insula
388 1394 521 1435 quum
546 1379 676 1436 ipsius
696 1379 869 1420 ditionis
889 1388 1011 1429 esset,
1033 1379 1174 1420 videre
1198 1378 1413 1421 Eumenes
1436 1378 1543 1419 nihil

112 1435 360 1486 6interesse,
394 1451 448 1478 an
484 1436 626 1478 Pellae
662 1436 844 1493 pecunia
877 1445 1010 1478 esset:
1049 1436 1094 1477 id
1129 1451 1264 1492 agere,
1299 1444 1346 1478 ut
1381 1444 1542 1492 partem

145 1491 330 1549 aliquam
374 1502 638 1549 praesentem
684 1493 822 1535 ferret.
884 1493 963 1544 Ita,
1005 1493 1289 1551 nequicquam
1339 1493 1452 1535 inter
1499 1507 1543 1534 se

146 1550 317 1606 captati,
339 1550 446 1591 nihil
466 1559 632 1607 praeter
653 1551 866 1592 infamiam
888 1566 1069 1593 movere.

207 1606 302 1658 Nec
331 1607 435 1648 haec
467 1616 629 1649 tantum
652 1608 808 1649 Perseo
838 1623 914 1664 per
943 1608 1155 1650 avaritiam
1178 1616 1240 1649 est
1260 1607 1433 1648 dimissa
1462 1622 1540 1656 reS,
1619 1613 1686 1653 26.

116 1677 279 1720 7quum
315 1665 538 1720 pecuniam
571 1674 703 1706 tutam
735 1674 778 1706 et
810 1680 956 1721 pacem
989 1665 1143 1707 habere
1179 1680 1255 1721 per
1289 1664 1540 1713 Eumenem,
1557 1669 1665 1717 ITeysei
1681 1679 1755 1700 ava-

147 1736 255 1777 quae
277 1721 343 1762 vel
364 1731 481 1777 parte
509 1723 628 1778 regni
660 1722 908 1763 redimenda
937 1731 1056 1772 esset,
1080 1737 1127 1764 ac
1158 1731 1351 1778 receptus
1381 1730 1543 1777 protra-
1554 1715 1637 1743 '¹²¹³'

147 1778 247 1820 here
276 1779 494 1820 inimicum
526 1779 719 1821 mercede
742 1788 953 1829 onustum,
976 1788 1019 1820 et
1047 1779 1189 1820 hostes
1220 1779 1369 1820 merito
1390 1778 1429 1819 ci
1453 1778 1541 1819 Ro-

114 1850 293 1883 gmanos
328 1845 468 1892 posset
502 1836 661 1877 facere:
699 1836 774 1878 sed
809 1837 890 1877 iam
927 1846 1023 1878 ante
1065 1836 1212 1877 Gentii
1253 1836 1361 1891 regis
1400 1844 1543 1892 parata

146 1893 333 1943 societas,
356 1902 399 1934 et
420 1902 510 1934 tum
534 1892 767 1944 Gallorum,
791 1894 1016 1935 effusorum
1045 1908 1121 1950 per
1141 1892 1370 1950 Illyricum,
1394 1893 1542 1949 ingens

245 1965 299 1991 en
329 1950 514 1991 oblatum
545 1951 718 1992 avaritia
745 1950 961 1991 dimissum
994 1960 1067 1992 est.
1130 1949 1372 1991 Veniebant
1393 1950 1540 1991 decern
1555 1959 1727 1991 Gallorum

113 2006 279 2052 9millia
299 2007 504 2064 equiturn,
527 2022 603 2064 par
623 2022 824 2049 numerus
854 2007 1060 2064 peditum,
1083 2016 1125 2048 et
1147 2007 1331 2063 ipsorum
1363 2002 1677 2062 iungen-ssuxffia
1694 2012 1737 2032 η’·

147 2063 253 2106 tium
283 2079 451 2106 cursum
483 2065 616 2121 equiS‚
638 2065 746 2106 etin
767 2065 900 2106 vicem
931 2065 1220 2122 prolapsorum
1252 2064 1444 2120 equitum
1472 2079 1543 2105 va—
1555 2048 1654 2076 cusat.

870 2187 978 2218 CRssv.

912 2228 932 2260 6
947 2231 1003 2260 An
1016 2230 1146 2267 Pellae]
1174 2229 1294 2259 Nonne
1311 2228 1427 2259 melius
1440 2228 1544 2259 videa-

870 2275 946 2302 tur?
969 2273 1012 2302 ihi
1028 2283 1072 2302 an
1088 2272 1211 2303 Pellae.
1235 2272 1342 2302 Citav.

915 2321 931 2353 7
956 2315 1063 2351 Quum
1081 2315 1256 2354 pecuniam
1277 2314 1397 2352 lutam]
1426 2313 1544 2344 Emen-

869 2357 924 2386 dat
948 2355 1153 2387 Gronovius:
1182 2366 1281 2396 quum
1304 2357 1446 2396 pecnnia
1474 2361 1543 2386 tau-

189 2196 207 2227 3
225 2190 277 2220 Ne
293 2188 371 2220 bello
383 2188 577 2225 interessee‚*
590 2188 675 2219 mille
686 2192 716 2218 et
731 2188 824 2227 quin-

144 2235 245 2270 qenta
261 2231 392 2262 talenta.
438 2232 480 2261 ln
496 2232 648 2270 neroque]
686 2230 752 2260 Hic
768 2229 824 2259 ali-

148 2273 226 2313 quid
252 2273 361 2304 deesse
386 2273 456 2313 ipsa
482 2283 531 2303 res
557 2272 687 2302 clamat.
734 2271 824 2307 Quid

148 2315 316 2352 exciderit,
329 2314 483 2346 discimus
499 2325 537 2345 ex
554 2314 705 2354 Appiano
723 2314 754 2344 in
771 2324 824 2344 ex-

149 2357 268 2398 cerptis
297 2358 338 2388 de
371 2357 465 2388 Bello
494 2357 716 2388 Macedonico.
771 2355 824 2387 Sic

149 2399 235 2431 enirn
246 2399 345 2430 habet
355 2400 502 2431 Graccus
511 2399 654 2439 scriptor.
678 2396 825 2428 Τάλαντα

150 2442 176 2472 δ’
199 2441 267 2483 ᾔτει
289 2440 461 2483 (Εὐμενὴς)
484 2443 540 2478 τῆς
563 2439 620 2479 μὲν
643 2439 825 2477 διαλύσεως,

150 2483 242 2524 χίλια
265 2485 313 2515 καὶ
337 2482 537 2519 πεντακόσια,
558 2485 615 2520 τῆς
637 2482 669 2513 δὲ
690 2482 825 2521 ἡσυχίας

150 2526 251 2567 χίλια.
299 2527 398 2557 Hunc
428 2537 555 2556 sensum
585 2527 694 2566 procul
727 2526 824 2556 dubio

151 2575 351 2610 expresserat
374 2569 502 2600 Livius:
529 2570 623 2599 verbu
646 2569 690 2599 nic
710 2569 823 2598 forma-

151 2622 234 2643 mus.
279 2613 331 2643 Ne
357 2612 434 2642 bello
457 2613 633 2648 interesset,
655 2613 763 2647 mille;
789 2616 826 2641 ut

149 2665 261 2696 pacem
280 2655 478 2692 conciliaret,
494 2654 578 2685 mille
598 2659 628 2685 ct
648 2656 825 2694 quinyenta

152 2698 287 2729 talenta.
310 2696 416 2727 Cur-zv.

197 2750 216 2778 4
240 2741 281 2770 ln
300 2740 452 2780 utroque]
479 2741 520 2771 ln
540 2743 724 2780 utrumque,
740 2738 824 2778 quod

154 2781 339 2813 Gronovius
354 2782 481 2818 maluit,
498 2781 639 2822 reposuit
659 2781 798 2812 Bekker.

199 2834 216 2864 5
239 2826 285 2856 Et
307 2826 417 2856 atinae
441 2825 594 2863 alteram]
623 2824 665 2854 Et
689 2834 726 2853 ex
751 2824 826 2853 dun-

156 2865 216 2896 bun
239 2866 303 2896 illia
328 2876 359 2897 re
385 2877 431 2903 us,
456 2866 704 2906 uniusquidem
731 2870 829 2902 certe,

157 2917 275 2947 nempe
297 2919 336 2938 nc
357 2909 444 2939 bello
465 2908 631 2939 interesset
656 2909 829 2945 Eumenen,

158 2950 338 2980 mercedem
362 2955 490 2989 turpem
512 2962 550 2980 nc
570 2950 730 2981 sordidum
751 2961 828 2981 esse.

869 2400 938 2429 [ula
955 2403 1013 2429 aut
1026 2409 1137 2438 pueem
1153 2398 1271 2429 habere
1283 2408 1344 2438 per
1355 2399 1545 2435 Eumenem,

868 2452 952 2482 qnae
967 2442 1018 2471 vel
1033 2446 1130 2480 purte
1145 2442 1237 2480 reyni
1253 2441 1438 2471 redimenda
1454 2445 1545 2477 essct,

869 2488 927 2513 ant
942 2484 1091 2522 deceptus
1105 2484 1296 2523 protrahere
1311 2484 1476 2513 inimicum
1493 2506 1500 2512 .
1516 2507 1522 2513 .
1536 2507 1543 2513 .

867 2530 979 2565 posset.
1016 2527 1212 2556 l’rotralwre
1228 2525 1372 2564 intellige
1389 2526 1544 2555 indicare.

870 2568 923 2599 Sic
934 2568 1004 2599 infr.
1018 2569 1080 2598 xlv.
1094 2576 1122 2606 5.
1144 2568 1309 2598 “Suberat
1321 2573 1351 2598 et
1363 2566 1418 2597 ille
1429 2571 1545 2605 metus,

871 2621 911 2641 nc
939 2611 1112 2640 damnatus
1148 2614 1311 2640 »uictorem
1345 2621 1378 2639 se
1414 2610 1543 2640 nefandi

872 2653 1021 2683 facinoris
1039 2652 1272 2692 protrnlicret.'¹
1296 2653 1402 2682 (frucv.
1450 2686 1454 2690 ,

915 2697 933 2723 8
952 2697 1019 2726 lam
1036 2696 1128 2734 mute]
1158 2696 1200 2725 lz‘t
1215 2700 1290 2725 nutv
1302 2695 1389 2734 npud
1406 2694 1544 2725 Bckker.

872 2739 966 2769 ctiam
983 2738 1070 2778 apud
1086 2737 1226 2769 Crevier.
1245 2736 1387 2774 legimns.
1421 2739 1544 2767 Parata

873 2786 981 2810 {uitem
1021 2781 1130 2810 (lentii
1166 2781 1298 2811 societas
1337 2779 1547 2816 intelligendu

873 2827 932 2860 cst,
945 2822 1020 2870 quin
1035 2822 1175 2852 Gentius
1191 2822 1312 2861 legulos
1326 2822 1545 2851 Rornanorum

875 2865 905 2895 in
933 2865 1060 2895 vincula
1084 2863 1263 2895 coniecerat
1281 2875 1286 2894 :
1316 2864 1371 2893 sod
1397 2863 1475 2892 lrncc
1501 2872 1547 2890 ao-

875 2907 974 2938 cictnn
989 2907 1123 2937 avaritia
1139 2906 1269 2936 dimissa
1285 2910 1343 2935 cut.

917 2960 937 2989 9
962 2950 1170 2988 Innyeneium
1187 2958 1316 2978 cursum
1334 2945 1440 2986 τιμαῖς]
1469 2946 1546 2975 Cur-

1247 2991 1317 3027 1.2
