1888 3194
486 202 770 246 LIBROR.
816 203 1117 245 DEPERD.
1418 207 1497 244 241

99 292 243 344 millia,
281 302 469 335 trecenta
509 293 681 350 triginta
715 308 800 335 sex.
864 293 1063 342 Aemilia,
1102 291 1281 341 Licinia,
1320 291 1497 341 Marcia,

97 350 282 407 virgines
302 349 508 400 Vestales,
531 351 679 392 incesti
709 350 934 392 damnatae
964 359 1089 392 sunt:
1128 349 1258 404 idque
1289 348 1495 390 incestum

98 407 456 462 quemadmodum
493 418 537 449 et
571 408 854 458 commissum,
891 417 934 450 et
968 406 1293 464 deprehensum,
1328 414 1372 446 et
1405 406 1497 446 vin—

97 463 282 505 dicatum
312 464 378 514 sit,
400 464 589 507 refertur.
654 465 832 515 Cimbri,
858 480 963 522 gens
987 480 1104 520 vaga,
1131 462 1423 520 populabundi
1452 463 1495 503 in

97 519 313 578 Illyricum
354 532 588 564 venerunt:
636 523 688 564 ab
724 523 775 564 iis
805 522 1001 579 Papirius
1039 520 1180 564 Carbo
1216 519 1363 562 consul
1398 534 1495 561 cum

96 577 286 620 exercitu
315 578 431 621 fusus
461 589 535 621 est.
598 579 746 621 Livius
773 579 940 622 Drusus
970 579 1117 621 consul
1144 578 1342 620 adversus
1374 576 1496 618 Scor-

96 634 245 685 discos,
286 645 457 691 gentem
500 652 525 678 a
562 636 696 678 Gallis
736 637 972 687 oriundam,
1010 637 1054 678 in
1097 636 1278 678 Thracia
1318 634 1497 676 feliciter

95 693 310 750 pugnavit.

715 811 878 854 LXIV.

98 925 463 978 ADHERBAL,
480 927 592 970 bello
612 928 771 984 petitus
791 943 815 969 a
836 927 1055 983 Iugurtha,
1073 937 1115 969 et
1137 928 1181 968 in
1198 926 1356 983 oppido
1376 926 1496 968 Cirta

97 984 302 1034 obsessus,
325 994 470 1026 contra
490 985 856 1027 denuntiationem
885 994 1053 1026 senatus
1081 985 1132 1026 ab
1155 1000 1205 1026 eo
1232 985 1392 1025 occisus
1419 994 1494 1026 est.

100 1041 170 1084 Ob
191 1042 271 1083 hoe
292 1042 372 1098 ipsi
393 1041 622 1099 Iugurthae
643 1042 802 1084 bellum
824 1042 1055 1083 indictum:
1087 1042 1216 1097 idque
1237 1041 1496 1098 Calpurnius

98 1097 243 1140 Bestia
273 1098 420 1141 consul
451 1114 597 1156 gerere
631 1100 778 1149 iussus,
800 1114 948 1155 pacem
977 1114 1074 1140 cum
1102 1098 1308 1155 Iugurtha
1335 1099 1496 1140 iniussu

96 1156 244 1213 populi
278 1164 322 1197 et
352 1165 520 1198 senatus
551 1156 663 1197 fecit.
727 1155 944 1212 Iugurtha,
979 1155 1062 1197 fide
1098 1155 1267 1212 publica
1300 1166 1497 1197 evocatus

96 1212 151 1255 ad
180 1212 430 1255 indicandos
460 1222 651 1255 auctores
681 1213 951 1255 consiliorum
983 1228 1166 1262 suorum,
1197 1213 1313 1269 quod
1343 1213 1498 1254 multos

96 1270 279 1328 pecunia
303 1271 348 1312 in
376 1279 525 1313 senatu
550 1271 782 1327 corrupisse
804 1270 1035 1320 dicebatur,
1061 1270 1243 1312 Romam
1263 1270 1405 1311 venit:
1440 1280 1495 1319 et,

126 1336 269 1384 ropter
299 1328 486 1379 eaedem,
513 1328 735 1370 admissam
769 1328 813 1369 in
846 1343 889 1369 re
923 1327 1038 1369 ulum
1067 1327 1294 1384 quendam,
1324 1327 1496 1369 nomine

151 1385 340 1436 assivam,
363 1386 437 1443 qui
464 1401 642 1442 regnum
670 1386 760 1428 eius
788 1401 901 1442 popu
921 1401 945 1427 o
968 1385 1164 1427 Romano
1186 1385 1308 1426 invisi
1329 1385 1498 1426 affecta-

96 1443 182 1493 bat,
206 1442 368 1485 Romae
402 1444 685 1493 interfectum,
716 1458 848 1500 quum
881 1442 1201 1500 periclitaretur,
1230 1457 1398 1484 causam
1430 1457 1499 1483 ea-

98 1500 198 1557 pitis
230 1500 370 1543 dicere
403 1501 551 1551 iussus,
581 1501 689 1543 elam
722 1501 920 1558 profugit,
950 1510 1004 1551 et,
1034 1500 1190 1542 cedens
1223 1501 1339 1550 urbe,
1367 1500 1499 1541 fertur

99 1557 281 1599 dixisse:
317 1557 358 1600 Ο
380 1559 525 1600 urbem
547 1558 753 1608 venalem,
776 1568 819 1600 et
840 1559 924 1600 cito
944 1558 1187 1615 perituram,
1209 1558 1244 1598 si
1265 1566 1497 1614 emptorem

100 1615 335 1657 invenerit!
396 1615 449 1657 A.
481 1615 722 1657 Postumius
762 1615 922 1672 legatus
962 1615 1186 1657 infeliciter
1224 1615 1385 1671 proelio
1426 1614 1500 1655 ad·-

100 1687 243 1714 versus
278 1672 526 1730 Iugurtham
567 1682 685 1730 gesto
725 1687 871 1729 pacem
913 1688 1083 1729 quoque
1125 1672 1280 1713 adiecit
1321 1672 1500 1728 ignomi-

100 1730 276 1780 niosam,
299 1745 426 1787 quam
448 1745 534 1771 non
555 1745 644 1772 esse
666 1730 912 1772 servandam
935 1739 1103 1771 senatus
1123 1729 1299 1771 censuit.

731 1886 870 1927 LXV.

105 2002 160 2052 Q.
186 2002 527 2045 CAECILIUS
567 2002 907 2045 METELLUS
948 2004 1093 2045 consul
1130 2003 1295 2045 duobus
1335 2003 1503 2059 proeliis

103 2059 351 2116 Iugurtham
372 2060 495 2110 fudit,
519 2070 735 2117 totamque
759 2060 1008 2102 Numidiam
1031 2061 1218 2102 vastavit.
1274 2060 1334 2101 M.
1356 2060 1503 2101 Iunius

106 2116 272 2161 Silanus
291 2117 438 2160 consul
459 2117 657 2160 adversus
676 2117 874 2160 Cimbros
895 2118 1119 2160 infeliciter
1140 2118 1356 2175 pugnavit.
1420 2117 1503 2158 Le-

102 2175 210 2232 gatis
232 2174 505 2217 Cimbrorum
538 2175 682 2218 sedem
716 2185 759 2218 et
792 2191 925 2232 agros,
953 2176 997 2217 in
1057 2176 1179 2217 uibus
1210 2176 1503 2223 consisterent,

103 2231 412 2290 postulantibus
461 2243 630 2275 senatus
680 2234 859 2290 negavit.
923 2233 985 2275 M.
1012 2264 1029 2275 i
1065 2234 1230 2275 inucius
1278 2232 1505 2290 proconsul

104 2289 301 2332 adversus
321 2290 509 2332 Thracas
534 2306 730 2348 prospere
757 2291 971 2348 pugnavit.
1036 2291 1084 2332 L.
1107 2290 1280 2332 Cassius
1307 2290 1453 2332 consul
1482 2305 1506 2330 a

105 2346 323 2404 Tigurinis
353 2347 502 2398 Gallis,
533 2363 641 2405 pago
675 2347 984 2398 Helvetiorum,
1014 2349 1088 2405 qui
1119 2364 1143 2390 a
1173 2348 1340 2389 civitate
1371 2363 1507 2389 seces-

105 2413 258 2455 serant,
295 2405 338 2446 in
374 2406 529 2448 finibus
566 2405 845 2463 Allobrogum
886 2421 981 2448 cum
1019 2406 1209 2447 exercitu
1246 2420 1391 2448 caesus
1430 2413 1503 2446 est.

108 2461 283 2512 Milites,
305 2463 379 2519 qui
407 2478 462 2505 ex
494 2478 545 2505 ea
576 2463 694 2505 clade
728 2473 1039 2520 superaverant,
1068 2463 1285 2505 obsidibus
1317 2463 1438 2512 datis,
1465 2473 1507 2504 et

108 2518 285 2562 dimidia
310 2535 450 2562 rerum
480 2521 671 2562 omnium
700 2531 830 2577 parte,
854 2531 901 2563 ut
927 2521 1158 2562 incolumes
1179 2520 1506 2569 dimitterentur,

108 2591 206 2618 cum
226 2576 418 2619 hostibus
439 2578 549 2634 pacti
571 2588 679 2619 sunt.

728 2755 891 2797 LXVI.

117 2868 635 2937 IUGURTHA‚·pulsus
656 2888 680 2913 a
702 2873 751 2915 C.
771 2872 910 2915 Mario
928 2873 1147 2922 Numidia,
1165 2873 1323 2915 auxilio
1343 2872 1514 2920 Bocchi,

118 2925 365 2968 Maurorum
401 2943 524 2984 regua,
561 2929 731 2971 adiutus
766 2939 854 2970 est:
900 2939 956 2977 et,
995 2931 1124 2971 caesis
1160 2930 1320 2986 proelio
1359 2929 1512 2970 Bocchi

177 2996 272 3023 voi..
298 2997 355 3024 tv.
1261 3001 1284 3025 n
