1888 3194
355 195 436 233 342
876 191 1226 234 EPISTOLA

354 296 450 323 suos
473 280 755 322 Historiarum
779 281 904 323 libros
926 282 1076 324 eodem
1096 283 1182 323 fere
1212 281 1338 323 modo
1368 281 1639 331 transtulisse,
1662 296 1746 337 quo

356 339 576 380 Livianam
611 354 777 395 pugnae
813 339 924 381 inter
954 339 1167 380 Manlium
1198 339 1462 395 Torquatum
1499 346 1542 379 et
1574 337 1748 380 Gallum

357 396 682 452 descriptionem
714 396 783 438 lib.
808 397 910 439 VII.
939 400 1001 438 10.
1032 412 1085 437 ex
1115 396 1286 438 Claudii
1317 395 1586 452 Quadrigarii
1618 411 1749 438 anna-

356 454 478 503 libus,
515 468 696 509 quorum
730 453 1012 510 fragmentum
1051 453 1216 495 Gellius
1252 453 1396 495 Noctt.
1433 454 1523 494 Att.
1563 453 1644 494 IX.
1680 456 1747 494 13.

356 511 546 560 servavit,
568 511 742 567 petitam
764 526 852 552 esse
872 520 967 567 post
987 511 1089 552 alios
1110 511 1274 552 monuit
1296 511 1508 552 Krusius
1497 525 1542 551 111
1563 509 1675 551 Diss.
1693 510 1748 552 de

354 568 439 610 fide
475 567 587 609 Livii
621 577 733 609 recte
769 568 1041 617 aestimanda,
1078 568 1193 624 Lips.
1234 572 1356 609 1812.
1394 583 1434 624 p.
1476 571 1564 609 144.
1633 567 1748 609 Tum

352 625 657 667 lectisternium
683 625 788 666 illud
814 640 901 665 non
928 639 1011 689 per
1028 634 1136 673 octo,
1159 625 1233 665 sed
1261 640 1337 680 per
1366 634 1529 697 septem
1556 624 1646 666 dies
1672 625 1749 666 ha-

352 683 488 724 bitum
510 697 611 731 esse,
634 692 805 738 apparet
826 697 879 723 ex
898 681 1035 722 verbis
1057 679 1122 736 e’cp'
1144 681 1304 737 ἡμέρας
1325 681 1448 732 ἑπτὰ,
1471 697 1592 747 quae,
1614 697 1747 738 quum

354 740 524 781 Livium
554 754 579 779 a
603 739 825 795 Dionysio,
847 738 1031 779 eundem
1058 748 1269 779 auctorem
1297 747 1491 803 sequuto,
1512 739 1558 779 in
1581 739 1747 780 dierum

353 811 529 837 numero
549 795 798 851 discrepare,
820 810 906 836 non
934 795 1065 850 magis
1088 795 1302 860 probabile
1324 796 1389 845 sit,
1411 810 1539 851 quam
1558 795 1747 838 librarios

352 852 594 894 vocabula‘
575 852 687 894 επτὰ
707 861 750 893 01
772 851 886 894 ὀκτὼ
906 852 972 893 vcl
991 852 1132 893 literas
1152 853 1323 893 vicarias
1347 853 1372 904 ζ
1385 861 1428 893 01
1447 870 1474 904 η
1494 851 1745 902 confudisse,

352 919 399 951 ut
420 911 465 951 in
486 909 598 951 Livii
618 909 711 951 loco
731 925 807 966 pio
840 915 941 966 ‘per
961 909 1050 950 dies
1071 910 1192 959 octo,⁷
1212 925 1484 951 numerorum
1511 909 1622 950 notis
1642 909 1744 952 VII.

351 976 394 1009 et
410 966 534 1008 VIII.
554 967 664 1008 inter
683 982 726 1008 se
747 967 1061 1016 commutatis,‘
1074 982 1149 1023 per
1169 967 1258 1008 dies
1279 967 1459 1023 septem’
1479 981 1743 1023 reponamus,

351 1025 526 1066 suadere
553 1024 760 1065 videntur.
824 1024 995 1065 Deinde
1024 1024 1103 1065 hoc
1132 1025 1222 1080 ipso
1244 1024 1442 1081 Dionysii
1469 1024 1562 1065 loco
1583 1023 1746 1066 Douia-

351 1082 433 1123 tius
458 1090 501 1123 et
524 1081 768 1138 Ruperfius,
792 1097 972 1137 quorum
1000 1081 1070 1122 ille
1094 1081 1341 1138 Apollinem
1369 1091 1412 1123 et
1432 1081 1617 1123 Dianam
1646 1096 1745 1123 011111

349 1139 516 1181 Latona
545 1147 676 1180 matre
707 1154 902 1194 primum,
931 1138 1161 1180 Herculem
1192 1148 1235 1180 01
1266 1139 1542 1189 Mercurium,
1569 1138 1669 1180 Iove
1700 1147 1744 1180 et

348 1197 460 1253 ipsos
491 1205 623 1246 natos,
652 1196 898 1246 secundum,
929 1195 1196 1252 Neptunum,
1226 1196 1416 1238 eiusdem
1446 1196 1630 1246 fratrem,
1659 1203 1743 1237 ter-

348 1255 454 1295 tium
486 1268 707 1309 occupasse
738 1253 894 1294 lectum
925 1253 1117 1303 credidit,
1144 1253 1212 1294 hic
1243 1262 1385 1295 autem
1406 1253 1614 1294 Latonam
1644 1268 1742 1294 cum

347 1311 549 1367 Apolline
585 1320 628 1351 et
658 1310 810 1360 Diana,
844 1319 1019 1352 matrem
1056 1326 1152 1351 cum
1185 1311 1337 1360 liberis,
1370 1311 1413 1352 in
1445 1310 1593 1366 primo,
1628 1309 1741 1352 Her-

345 1368 484 1410 culem
517 1369 561 1409 in
601 1367 745 1417 altero,
781 1367 1042 1409 Mercurium
1076 1377 1119 1409 et
1151 1367 1405 1424 Neptunum
1439 1368 1485 1408 in
1516 1368 1640 1408 101110
1672 1382 1741 1409 ac-

345 1426 507 1467 cubisse
558 1425 667 1466 lecto
716 1425 873 1475 statuit,
919 1425 1039 1466 facile
1084 1433 1285 1480 poterunt
1333 1425 1481 1466 erroris
1531 1425 1737 1466 convinci.

346 1482 518 1524 Etenim
539 1482 660 1524 binos
688 1482 733 1522 in
760 1482 934 1538 singulis
962 1482 1079 1522 lectis
1101 1482 1214 1531 deos,
1236 1482 1281 1523 id
1302 1481 1418 1546 quod
1438 1482 1521 1522 iam
1543 1481 1739 1523 Draken-

344 1540 540 1581 borchius
575 1554 629 1580 ex
665 1539 756 1580 Liv.
794 1516 1198 1580 X⁰X11.10.recte
1235 1539 1428 1588 coniecit,
1464 1538 1589 1580 fuisse
1623 1553 1739 1580 com-

343 1598 512 1653 positos,
534 1612 621 1637 non
651 1604 735 1637 tam
765 1596 1017 1651 significant,
1039 1611 1167 1667 quam
1194 1596 1409 1637 declarant
1431 1596 1581 1637 verba:
1616 1594 1739 1638 ἐκόσ-

342 1654 490 1707 μησάν
519 1671 566 1695 τε
596 1652 825 1709 στρωμνὰς
855 1656 977 1709 τρεῖς,
1007 1653 1063 1695 ὡς
1095 1652 1297 1695 ἐκέλευον
1328 1652 1370 1695 οἱ
1397 1652 1606 1726 χρησμοὶ,
1629 1652 1738 1707 μιαν

341 1729 418 1764 μεν
444 1710 707 1753 Ἀπόλλωνι
738 1710 811 1752 καὶ
831 1712 983 1762 Λητοῖ,
1014 1710 1161 1768 ἑτέραν
1190 1709 1235 1753 δὲ
1254 1710 1342 1766 ‘Hp
1346 1713 1474 1752 ακλεῖ
1498 1709 1571 1752 καὶ
1590 1709 1736 1767 Ἀρτέ-

340 1769 449 1821 μιδι,
470 1768 617 1826 τρίτην
637 1768 682 1809 δὲ
700 1767 843 1824 Ερμῆ
865 1768 936 1809 καὶ
956 1767 1213 1810 Ποσειδῶνι.
1279 1768 1425 1817 Quum
1446 1783 1545 1809 vero
1568 1767 1736 1824 Ruper-

342 1826 423 1867 tius
451 1827 695 1882 opinionem
721 1841 852 1875 suam,
875 1841 1002 1890 quam
1030 1826 1131 1867 alios
1152 1841 1322 1881 quoque
1344 1838 1441 1867 ante
1462 1840 1505 1866 se
1525 1825 1734 1876 habuisse,

341 1899 427 1925 non
460 1884 558 1924 satis
585 1891 778 1924 accurate
809 1883 986 1932 monuit,
1009 1883 1254 1939 copularum
1281 1883 1554 1924 collocatione
1583 1883 1735 1938 proba-

340 1941 469 1982 bilem
496 1940 630 1990 reddi,
653 1955 739 1981 non
768 1948 924 1981 temere
946 1915 1112 1989 dixerit,
1135 1940 1276 1981 nescio
1297 1956 1351 1981 an
1368 1939 1569 2004 Dionysii
1590 1947 1734 1981 aucto-

339 1999 474 2047 ritate,
496 1997 679 2038 vocula‘
691 1997 761 2046 et,'
782 2012 909 2052 quam
933 1996 1040 2037 Cod.
1064 1996 1208 2037 Lovel.
1233 2000 1271 2037 2.
1295 1996 1451 2037 omittit
1470 2005 1596 2060 atque
1621 1995 1729 2038 Cod.

340 2054 617 2109 Havcicamp.
641 2059 769 2110 post‘
783 2052 1032 2095 Herculem’
1053 2053 1210 2102 inserit,
1233 2053 1494 2108 transposita,
1512 2053 1566 2094 sit
1585 2053 1732 2094 rescri-

1053 2217 1159 2238 rerum
1199 2210 1361 2246 gestarum
1399 2207 1629 2246 monumentis,
1667 2212 1729 2239 tra-

1054 2250 1207 2281 dunt-an
1239 2251 1277 2281 cf.
1309 2250 1482 2280 Niebuhrii
1514 2250 1601 2280 Hist.
1630 2251 1728 2282 Rom.

1056 2293 1143 2322 Part.
1172 2301 1218 2323 11.
1246 2303 1275 2331 p.
1302 2300 1373 2331 455.
1399 2303 1444 2331 sq.
1469 2296 1501 2322 et
1526 2303 1558 2332 p.
1581 2300 1654 2333 459.
1681 2303 1728 2333 sq.

1056 2335 1155 2373 Apud
1188 2334 1333 2364 Gellium
1372 2335 1459 2365 haud
1493 2335 1557 2365 scio
1590 2345 1633 2365 an
1669 2345 1729 2375 pro

1055 2378 1219 2415 taz-quihus
1239 2388 1371 2407 manum
1390 2378 1546 2415 laniabat,
1561 2378 1648 2416 quod
1670 2387 1729 2417 per

1055 2429 1088 2449 50
1112 2418 1242 2458 quidem
1272 2430 1337 2449 non
1362 2419 1571 2450 reiiciendum
1597 2429 1726 2459 praece-

1055 2461 1223 2492 dentibus:
1270 2463 1307 2492 in
1343 2463 1524 2493 adversarii
1560 2472 1594 2492 os
1629 2466 1726 2502 atque

1052 2505 1157 2534 oculos
1169 2514 1320 2543 pugnare
1336 2505 1462 2544 incipit,
1473 2514 1537 2534 non
1553 2513 1726 2543 congruere

1056 2546 1189 2582 videtur,
1213 2546 1384 2576 audaciore
1407 2546 1592 2576 coniectura
1616 2546 1656 2576 sit
1678 2557 1724 2578 re-

381 2221 399 2247 4
424 2209 503 2239 Huc
524 2208 621 2239 etiam
645 2209 830 2239 referendus
850 2212 898 2238 est
921 2208 1010 2238 locus

338 2251 520 2281 simillimus
536 2252 576 2281 de
593 2251 640 2281 M.
653 2251 776 2281 Valerii
789 2250 885 2281 Corvi
903 2260 1010 2288 pugna

338 2304 411 2323 cum
435 2293 534 2323 Gallo
558 2293 628 2323 Liv.
647 2293 730 2323 VII.
755 2292 803 2322 26.
829 2292 902 2322 coll.
921 2292 1009 2323 Gell.

339 2335 451 2366 Noctt.
469 2336 537 2366 Att.
561 2335 628 2365 IX.
649 2344 695 2365 11.
719 2334 775 2364 ubi
800 2334 881 2364 haec
908 2345 956 2364 res
978 2334 1011 2364 in

339 2377 427 2407 libris
463 2377 633 2407 annalibus
669 2381 847 2407 memorata
883 2376 1011 2414 dicitur,

339 2420 508 2458 Excerptt.
537 2419 670 2458 Dionys
701 2419 781 2450 XV.
811 2429 835 2450 1.
862 2422 893 2448 et
921 2418 1009 2449 Suid.

337 2473 360 2492 s.
386 2472 413 2493 v,
435 2459 596 2499 ἀμύσσειν.
644 2462 683 2491 In
715 2461 798 2490 Livii
829 2461 1010 2491 narratione

338 2504 420 2542 vide,
443 2514 483 2534 an
508 2514 584 2543 pro:
613 2505 766 2533 “illinus
793 2505 918 2542 insifflte
944 2514 1008 2534 cer-

337 2551 442 2577 tamen
466 2548 643 2576 humanum
668 2547 801 2576 numine
823 2547 1009 2585 inlerposito

335 2590 466 2619 deorum
484 2590 647 2626 filctnnz,”
671 2598 754 2626 qnae
779 2588 952 2618 VValchins
974 2588 1005 2617 in

338 2631 525 2661 Emendatt.
557 2631 626 2661 Liv.
653 2641 683 2670 p.
713 2639 762 2668 34.
787 2630 832 2660 ita
857 2630 1006 2668 tentavit,

338 2676 372 2702 ut
414 2677 541 2703 [luctum
582 2683 638 2711 pro
667 2673 794 2710 filetum
834 2673 1005 2711 legendum

336 2725 403 2745 csse
441 2714 624 2752 conficeret,
661 2714 897 2744 rescribendum
943 2714 1002 2745 sit:

336 2760 355 2772 ‘⁵
373 2757 484 2787 Minus
528 2757 650 2795 insigne
691 2761 851 2786 ccmnncn
893 2756 1004 2786 huma-

336 2810 425 2836 mnn,
456 2799 586 2829 numine
623 2799 823 2837 interposito,
853 2799 1003 2828 decorum

334 2842 489 2872 factum.'⁷
536 2842 622 2871 Nam
645 2841 724 2871 hacc
741 2851 879 2879 quoquc,
896 2844 931 2870 ut
951 2840 1001 2870 Li-

335 2884 403 2913 vius
426 2884 457 2913 in
480 2885 618 2914 l‘rucfnt.
636 2883 692 2920 ait,
716 2882 881 2922 “poeticis
904 2883 1003 2921 inagis

333 2927 445 2957 ‹let-ora
492 2926 619 2963 fabulis,
664 2936 760 2964 quum
811 2925 1003 2963 incorruptis

1052 2588 1236 2627 fingendum
1250 2599 1256 2618 :
1274 2589 1438 2627 unquihus
1450 2590 1551 2619 malas
1567 2589 1725 2627 laniabat,

1052 2630 1081 2661 h.
1105 2641 1131 2660 0.
1156 2631 1223 2660 τοῖς
1248 2629 1346 2667 ὄνυξιν
1369 2629 1487 2667 ἤμυττε
1509 2629 1566 2660 τὰς
1587 2629 1724 2669 παρειὰς,

1050 2673 1135 2711 quod
1151 2672 1183 2701 in
1201 2671 1349 2711 Dionysii
1367 2672 1581 2711 descriptione
1596 2672 1722 2711 legitur.

1050 2714 1204 2744 Similiter
1220 2713 1317 2744 etiam
1335 2713 1429 2744 Ovid.
1443 2714 1525 2744 Met.
1543 2714 1632 2745 XII.
1649 2713 1721 2754 562.

1049 2766 1095 2794 sq.
1118 2757 1158 2786 (10
1182 2755 1408 2795 Periclylneno
1431 2756 1463 2785 in
1487 2755 1629 2795 aquilam
1651 2766 1720 2788 mu-

1049 2802 1116 2827 tato
1131 2810 1136 2828 ε
1163 2800 1183 2813 “
1198 2798 1328 2827 Viribus
1344 2808 1419 2828 usus
1434 2798 1512 2836 avis,
1528 2798 1642 2838 pennis
1657 2809 1720 2830 ros-

1047 2844 1159 2879 troque
1186 2841 1338 2877 redunco,
1356 2840 1570 2880 IIanratisque
1594 2840 1651 2872 viri
1675 2842 1719 2872 la-

1048 2882 1188 2913 niaverat
1208 2882 1364 2921 unguibus
1381 2885 1469 2914 01·a.‘'
