1888 3194
346 174 398 211 38
854 170 1004 212 ΤΙΤΙ
1046 170 1227 211 LIVII

142 276 184 307 U
202 276 239 307 (3
263 276 334 315 578
348 269 475 302 terest
494 254 697 302 clarorum
721 262 941 303 nominum
962 262 1187 304 heredibus
1208 270 1430 328 suppetere
1452 277 1564 319 opes,
1583 261 1736 317 quibus

140 319 181 351 A·
205 320 243 351 C
268 327 336 359 ¹74·
349 317 616 374 splendorem
636 320 814 376 generis,
832 335 937 361 onus
958 320 1114 376 alioqui
1135 320 1280 386 magis,
1298 336 1425 376 quam
1446 321 1586 370 decus,
1608 318 1736 360 tutari

350 385 393 417 61
432 392 633 418 exornare
674 377 843 433 possint.
907 377 1076 420 Deinde
1113 378 1252 428 61111111,
1287 393 1419 434 quum
1454 376 1736 419 crescentibus

350 434 434 475 iam
459 434 624 491 imperii
651 435 800 491 opibus
820 448 1054 477 crescerent
1069 436 1339 501 ’privatorum
1361 451 1530 493 quoque
1551 434 1735 483 divitiae,

350 501 486 533 metus
507 501 607 542 erat,
630 508 682 533 ne
704 494 875 549 pronior
898 502 1047 534 natura
1066 494 1110 534 in
1130 493 1279 534 luxum
1300 506 1342 536 et
1362 493 1628 551 elegantioris
1648 490 1737 533 cul-

350 559 416 591 tus
451 550 760 592 affectationem
795 550 1008 593 muliebris
1044 551 1220 602 animus,
1254 561 1400 594 nactus
1434 566 1488 594 ex
1522 549 1738 592 affluentia

350 623 479 672 opum
499 608 740 665 cupiditatis
769 609 1040 659 irritamenta,
1062 610 1105 650 in
1127 619 1317 665 sumptus
1345 608 1590 651 immodicos
1610 617 1737 664 atque

350 681 395 705 111
415 665 624 707 luxuriam
644 665 944 722 prolaberetur,
959 682 1005 708 ac
1023 667 1176 708 deinde
1198 682 1222 707 a
1240 668 1375 723 plisca
1393 668 1564 709 fortasse
1585 665 1738 708 sancti-

353 733 435 764 tate
468 723 728 773 descisceret,
769 739 849 766 nec
883 725 1021 765 minor
1054 724 1172 765 fieret
1208 740 1385 775 morum,
1423 739 1550 781 quam
1585 723 1735 773 cultus,

351 781 538 823 mutatio.
602 781 682 822 His
712 782 989 823 incommodis
1016 782 1211 823 obviam
1201 798 1261 823 ire
1282 782 1425 824 statuit
1449 782 1502 830 Q.
1521 781 1737 823 Voconius

354 838 476 889 Saxa,
499 839 691 880 tribunus
711 839 857 895 plebis,
880 839 1059 895 tulitque
1081 839 1135 880 ad
1155 839 1383 896 populum:
1418 845 1429 864 ‘
1443 839 1512 880 Ne
1534 839 1641 895 quis,
1663 838 1738 894 qui
1749 859 1768 890 3

353 903 473 952 ‘post
503 897 557 937 A.
582 896 860 946 Postumium,
897 895 950 945 Q.
976 897 1170 938 Fulvium
1207 912 1398 939 censores
1433 912 1581 938 census
1616 904 1738 947 esset,

353 960 363 978 ‘
380 953 580 996 heredem
600 954 819 1010 virginem,
841 970 946 996 neve
978 955 1196 996 mulierem
1223 955 1400 997 faceret:
1434 970 1539 996 neve
1561 954 1636 996 ulli
1655 954 1738 996 vir-

354 1019 363 1036 ‘
379 1012 481 1069 gini,
504 1011 570 1053 vel
598 1013 775 1062 mulieri,
797 1013 909 1053 bona
929 1013 1176 1069 cuiusquam
1206 1013 1352 1055 liceret
1381 1012 1618 1054 hereditate
1643 1027 1739 1068 per-

353 1077 363 1094 ⁶
380 1071 519 1127 cipere
542 1070 650 1112 ultra
670 1079 841 1111 centum
863 1070 992 1112 millia
1012 1071 1274 1112 sestertium.’
1336 1070 1420 1112 Sed
1441 1080 1483 1112 et
1503 1070 1738 1112 cavendum

352 1143 521 1185 quoque
543 1128 665 1170 duxit
686 1128 913 1178 Voconius,
932 1144 984 1169 ne
1007 1129 1296 1185 magnitudine
1318 1128 1550 1185 legatorum
1571 1127 1739 1169 heredi-

353 1195 469 1236 tateS,
492 1186 609 1243 quod
628 1186 755 1227 fiebat
776 1186 1001 1236 interdum,
1024 1187 1356 1228 exhaurirentur.
1420 1186 1592 1227 Adiecit
1611 1186 1740 1242 igitur

351 1244 581 1300 rogationi:
619 1250 631 1268 ‘
647 1243 716 1286 Ne
739 1244 832 1300 quis
852 1244 946 1301 plus
967 1244 1164 1300 cuiquam
1184 1244 1354 1300 legaret,
1377 1259 1504 1300 quam
1534 1243 1588 1285 ad
1617 1244 1740 1285 here—

353 1308 365 1326 ‘
380 1302 479 1343 dem
498 1301 726 1343 heredesve
747 1303 1010 1358 perveniret?
1071 1302 1216 1357 Atque
1224 1278 1318 1343 ehoe
1339 1302 1510 1358 quidem
1532 1301 1739 1358 posterius

351 1360 455 1417 legis
475 1369 602 1416 caput
621 1359 740 1401 facile
763 1375 806 1401 56
827 1359 983 1416 populo
1004 1361 1218 1416 probabat,
1241 1360 1357 1416 quod
1377 1369 1419 1401 et
1439 1360 1739 1425 aequissimum

351 1419 574 1468 videletur,
592 1433 670 1459 nec
691 1417 888 1473 cuiquam
910 1433 1160 1474 magnopere
1181 1432 1307 1473 grave
1329 1428 1447 1459 esset.
1496 1417 1564 1459 De
1585 1418 1737 1474 priore,

352 1492 437 1532 quo
467 1476 788 1517 removebantur
807 1475 987 1516 feminae
1009 1476 1060 1517 ab
1082 1476 1271 1516 omnium
1293 1476 1466 1517 omnino
1487 1475 1640 1517 civium
1663 1475 1739 1516 he-

350 1534 616 1599 reditatibus,
641 1533 938 1588 ambigebatur.
1002 1533 1323 1575 Dubitationem
1352 1533 1508 1574 exemit
1530 1533 1591 1574 M.
1614 1532 1736 1584 Cato,

351 1592 575 1633 acerrimus
605 1591 689 1632 iam
719 1591 819 1631 011111
850 1591 894 1631 111
925 1591 1191 1632 defendenda
1219 1591 1312 1647 lege
1343 1590 1485 1647 Oppia
1514 1590 1738 1632 mulierum

352 1649 607 1690 adversa1ius
638 1658 680 1690 ct
711 1649 941 1704 castigator,
965 1649 1038 1704 qui
1066 1657 1108 1690 et
1137 1649 1246 1690 hanc
1268 1664 1437 1704 quoque
1463 1648 1629 1690 maioris
1649 1664 1740 1690 mo-

352 1707 482 1748 menti
507 1706 703 1748 adversus
729 1705 820 1747 illas
844 1706 994 1762 legem,
1024 1721 1155 1747 annos
1186 1715 1308 1747 natus
1329 1706 1518 1762 quinque
1549 1715 1592 1748 et
1620 1721 1740 1749 sexa-

351 1766 478 1821 ›inta,
498 1780 647 1820 magna
666 1779 766 1805 voce
784 1772 826 1804 et
841 1764 961 1805 bonis
982 1764 1178 1805 lateiibus
1198 1764 1336 1814 suasit,
1354 1779 1430 1820 pro
1447 1764 1565 1806 solita
1585 1765 1740 1820 asperi-

352 1832 435 1864 tate
466 1823 510 1862 111
541 1822 787 1863 muliebrem
820 1822 1009 1862 invectus
1039 1822 1343 1878 impotentiam,
1369 1821 1737 1877 intolerandosque

351 1881 395 1921 in
420 1880 635 1935 opulentia
658 1879 848 1934 spiritus:
885 1894 1016 1934 quum
1037 1879 1135 1920 hinc
1157 1894 1325 1934 quoque
1347 1889 1539 1934 argueret
1559 1879 1738 1920 divitum

352 1947 634 1978 matronarum
669 1937 820 1976 fastum
856 1947 898 1976 et
933 1936 1222 1991 arrogantiam,
1262 1941 1273 1959 ⁶
1289 1936 1403 1991 quod
1442 1935 1550 1985 illae,
1587 1951 1739 1992 magna

353 2001 363 2018 ⁶
377 2009 499 2050 saepe
517 1994 613 2034 dote
636 1993 784 2034 marito
800 1993 934 2042 allata,
950 2008 1144 2048 magnam
1161 1993 1238 2034 sibi
1259 1993 1482 2048 pecuniam
1502 1994 1739 2050 reciperent

353 2058 423 2093 ‘ac
455 2052 698 2100 retinerent,
730 2065 907 2106 eamque
939 2051 1161 2106 pecuniam
1188 2051 1248 2091 ita
1279 2061 1423 2106 postea
1449 2051 1538 2092 viro
1573 2052 1737 2107 roganti

353 2116 564 2150 ‘mutuam
596 2108 756 2157 darent,
785 2117 845 2157 ut,
875 2108 1038 2163 quoties
1068 2108 1195 2149 iratae
1225 2117 1375 2156 essent,
1405 2109 1545 2149 statim
1571 2124 1645 2165 per
1672 2124 1737 2151 re-

353 2174 363 2190 (
377 2167 595 2222 ceptitium
630 2181 794 2206 servum
831 2176 1140 2206 consectantem
1178 2175 1219 2206 61
1253 2165 1441 2221 quotidie
1477 2166 1736 2222 flagitantem

353 2232 362 2248 ⁶
376 2224 639 2272 solutionem,
662 2224 871 2272 maritum,
895 2232 1094 2298 tanquam
1116 2223 1349 2264 debitmem
1375 2232 1635 2288 cxtlaneum,
1657 2225 1737 2266 im-

353 2291 553 2337 pultune
575 2281 798 2336 cogerent)
859 2280 984 2321 Hac
974 2281 1134 2337 indign
1125 2282 1262 2321 itione
1284 2281 1483 2322 commoti
1504 2281 1654 2339 legem,
1672 2283 1734 2325 uti

349 2356 431 2395 iog-
425 2340 486 2380 11111
490 2348 517 2380 11
540 2338 580 2379 V
584 2339 767 2387 oconius,
790 2338 1076 2395 accipiendam
1098 2348 1362 2379 censuci·.u11t

376 2471 407 2513 ᾖ,
435 2475 580 2514 Ncquis,
597 2476 668 2513 qui]
697 2474 735 2504 cf.
753 2474 820 2505 Cic.
839 2474 870 2503 111
892 2474 979 2504 Verr.
998 2474 1015 2504 i.
1062 2474 1116 2504 des
1145 2473 1239 2504 Rem.
1268 2474 1401 2505 Rechts.
1431 2476 1459 2512 ξ.
1491 2474 1557 2516 161).
1595 2477 1734 2509 Heinec.

350 2527 398 2555 42.
424 2517 498 2548 Dio.
520 2518 607 2548 Cass.
633 2516 683 2547 lxi.
712 2526 755 2555 15.
787 2517 873 2556 [lug.
898 2517 1014 2547 Gcsch.
1062 2518 1226 2556 Syntugm.
1245 2517 1321 2548 Aut.
1340 2518 1436 2549 Rom.
1453 2518 1485 2550 ii.
1507 2528 1552 2557 14.
1570 2524 1600 2550 et
1619 2529 1670 2551 20.
