1888 3194
671 156 1102 204 KREYSSIGII.

186 270 257 313 hie
277 278 419 312 autem
437 269 484 310 in
503 267 680 324 epistola
694 282 719 308 a
733 267 831 309 Car.
852 263 1195 322 Morgenstemio
1211 263 1391 320 Dorpati
1407 280 1442 306 a.
1461 269 1584 309 1836.

185 338 302 380 edita
334 337 390 379 ad
423 335 484 378 Io.
517 333 912 392 Capperonnerium
947 333 1052 375 haec
1086 331 1277 389 scripsit:
1327 332 1411 373 Sed
1442 348 1587 389 quaeso

194 407 266 457 Te,
310 405 383 446 Vir
421 405 668 453 amicissime,
709 405 752 444 in
791 403 1044 444 variantibus
1084 400 1304 450 enatandis,
1346 406 1394 441 ut
1431 401 1586 442 lacunis

183 473 409 515 indicandis
427 473 704 527 scrupulosam
728 479 766 512 et
784 487 915 526 paene
936 472 1102 511 anxiam
1122 470 1370 524 diliqentiam
1391 470 1582 511 exhibeas.

181 542 347 583 Ridebis
374 541 557 595 fortasse
601 555 671 581 nos
711 540 895 581 Batavos
943 539 1126 587 Criticos,
1169 545 1364 592 tanquam
1407 539 1586 578 minutiis

181 611 300 650 nimis
331 609 491 649 deditos.
559 608 642 649 Sed
664 609 847 663 profecto
876 607 1049 662 quotidie
1078 607 1315 660 experimur,
1337 606 1436 645 haee
1463 620 1585 645 sacra

181 692 260 719 non
291 678 410 718 aliter
440 683 631 718 constare.
694 676 807 716 Mihi
840 676 998 731 quidem
1033 689 1313 729 saepenumero
1351 689 1398 713 ez·
1419 675 1584 728 futilis-

180 748 292 788 simis
319 746 497 787 codicum
525 745 752 786 lectionibus
771 745 1071 799 pulcherrimae
1094 744 1382 784 emendationes
1409 758 1584 785 nascun-

1503 163 1585 204 391

182 821 251 856 tur
257 819 302 856 2³.

181 960 280 1000 enim,
305 971 406 1002 quum
431 961 528 992 verba
553 960 685 992 Krebsii
709 959 859 992 Antibar-

180 1004 288 1044 bar.p
289 1013 350 1043 23
353 1014 384 1035 ο.
399 1003 607 1035 “Garrulare
623 1003 859 1046 neulateinisch

179 1015 302 1077 —fand
327 1046 397 1077 sich
422 1046 552 1076 neulich
575 1055 624 1075 wo
648 1034 857 1086 geschrieben

179 1087 233 1119 Fur
245 1088 387 1128 garrire,'
390 1088 447 1118 'id
463 1088 550 1127 quod
567 1088 780 1118 deridiculum
798 1092 858 1125 est,

178 1131 221 1161 ad
240 1141 274 1162 se
293 1130 454 1170 pertinere
474 1140 539 1160 non
561 1130 721 1164 sensisset,
737 1134 773 1160 ut
796 1130 858 1161 hoc

179 1174 327 1210 verbum,
357 1172 444 1212 quod
477 1172 633 1211 Pinzgero
663 1182 793 1211 quoque
824 1182 856 1212 p.

180 1214 252 1247 266.
272 1214 387 1246 merito
410 1214 589 1254 displicuit,
609 1215 719 1254 aliqua
739 1215 856 1245 saltem

177 1258 372 1288 auctoritate
387 1257 541 1294 muniret,
556 1267 662 1296 neque
682 1261 804 1295 tamen,
819 1261 856 1287 ut

178 1301 373 1332 vooebulum
387 1301 570 1340 impressor,
582 1300 650 1330 solo
663 1299 855 1339 scriptorum

177 1343 392 1374 recentiorum
424 1352 483 1373 usu
514 1346 694 1380 excusaret,
722 1342 856 1382 protulit

177 1385 287 1417 locum
304 1385 468 1425 Fulgentii
486 1385 669 1425 Mytholog.
688 1384 759 1416 Lib.
778 1385 805 1416 I.
823 1395 856 1424 p.

177 1427 251 1467 613.
282 1428 331 1460 ed.
363 1428 486 1459 Staver.
520 1429 614 1458 “nec
642 1428 855 1468 Lychnides''

178 1471 245 1502 sive
270 1470 377 1510 potius
403 1470 635 1510 “lychnitides
659 1471 786 1510 puellas
809 1470 855 1501 in-

178 1513 347 1553 quirimus,
376 1516 409 1543 et
442 1513 533 1543 Hero
569 1517 667 1552 atque
704 1513 854 1553 Psychen

178 1556 323 1596 poeticas
341 1555 541 1595 garrulantes
558 1555 732 1595 ineptias.''
777 1556 855 1590 Qua

178 1598 310 1638 quidem
348 1597 546 1633 defensione,
578 1598 739 1628 levissimo
777 1598 854 1628 Ful-

177 1641 276 1681 gentii
305 1640 483 1680 patrocinio
509 1640 658 1678 subnixa,
682 1639 762 1670 nihil
786 1650 854 1671 esse

179 1687 286 1723 potest
319 1683 470 1723 ineptius.
525 1683 634 1722 Atque
666 1683 728 1713 hae
766 1682 854 1722 ipsae

178 1726 359 1766 “poeticae
386 1725 557 1765 ineptiae''
584 1726 760 1756 admonent
787 1735 853 1756 car-

177 1769 275 1799 minis
292 1768 401 1799 Latini
417 1769 458 1798 ab
477 1768 649 1798 Hauthalii
667 1768 772 1798 amico
789 1768 853 1798 col-

179 1811 251 1851 legii
269 1811 432 1851 quondam
454 1811 690 1841 necessitudine
712 1810 758 1841 illi
779 1821 853 1841 con-

178 1852 302 1891 iuncto,
332 1853 424 1884 cuius
455 1853 577 1883 nomini
610 1864 695 1883 nunc
725 1863 854 1892 quoque

178 1906 322 1936 parcam,
339 1896 457 1926 abhinc
481 1895 610 1926 biennio
634 1901 666 1926 et
689 1897 775 1935 quod
799 1906 853 1926 ex-

177 1939 275 1969 currit
299 1939 400 1969 invita
418 1938 567 1969 Minerva
589 1943 621 1969 et
639 1938 743 1969 Musis
766 1938 854 1969 iratis

177 1981 386 2022 composifi',
409 1980 441 2011 in
459 1991 524 2020 quo
548 1991 611 2011 non
635 1981 739 2011 solum
763 1985 852 2010 ante-

176 2023 359 2064 penultima
376 2023 515 2054 nominis
527 2025 691 2055 Antonius
703 2028 735 2054 et
750 2023 853 2063 prima

177 2066 326 2098 vocabuli
347 2066 555 2106 provehenda
578 2066 703 2106 syllaba
728 2076 784 2106 per
806 2076 851 2096 er-

176 2118 279 2140 rorem
306 2119 378 2140 vere
404 2108 561 2149 puerilem
589 2108 771 2148 corripitur,
796 2108 851 2138 sed

176 2151 274 2182 etiam
301 2152 397 2183 verba
417 2152 604 2192 perjurium
629 2152 738 2182 cohors
763 2161 851 2191 repe-

175 2194 424 2234 riuntur‚quae‚
439 2204 539 2234 quum
565 2194 758 2224 vocabulum
780 2204 851 2233 per-

167 2237 321 2275 surioeus
357 2247 462 2276 neque
502 2237 590 2277 apud
630 2236 851 2277 Fulgentium,

177 2289 282 2319 neque
312 2280 400 2320 apud
427 2279 529 2310 alium
557 2279 699 2310 eiusdem
730 2279 852 2310 farinae

175 2321 364 2362 scriptorem
390 2322 527 2361 legatur,
553 2321 755 2353 Hauthalius
782 2332 850 2362 per-

176 2364 276 2395 ditam
303 2364 399 2396 amici
426 2375 555 2395 causam
587 2366 693 2395 denuo
723 2375 851 2404 suscep-

175 2410 266 2438 turus
302 2408 417 2438 frustra
461 2407 634 2438 defendere
677 2407 851 2438 minitetur.

175 2450 328 2481 Ceterum
357 2454 392 2481 ut
423 2460 475 2481 me
506 2454 688 2482 commotae
715 2450 849 2480 crimine

175 2492 293 2523 mentis
344 2493 578 2523 absolsendum
628 2504 708 2529 esse
751 2498 850 2532 atque

175 2534 353 2566 etiamnum
378 2535 520 2566 versibus
544 2535 717 2576 incomptis
741 2535 851 2566 ludere

218 2670 237 2688 θ
259 2671 360 2708 Quod
387 2670 432 2701 ita
461 2670 666 2701 inscribitur·

363 812 597 870 Propterea
622 812 809 869 singulos
834 827 970 869 paene
994 811 1213 853 literarum
1240 811 1380 868 apices
1407 811 1582 853 rimatus

904 970 998 1001 posse
1024 958 1198 999 intelligat,
1222 962 1255 989 et
1280 957 1381 989 animi
1413 957 1477 989 mei
1507 968 1581 990 can-

903 1004 1027 1040 dorem,
1053 1012 1100 1032 ne
1129 1001 1319 1032 iniuriarum
1344 1011 1364 1032 a
1387 1010 1440 1031 me
1471 1005 1580 1041 postu-

902 1046 998 1082 letur,
1035 1045 1198 1074 adlatrare
1242 1043 1380 1081 desinat,
1418 1043 1580 1075 ludicrum

902 1087 1058 1118 subiicere
1075 1087 1184 1126 placet
1200 1086 1400 1126 epigramma

1004 1223 1041 1244 IN
1056 1221 1225 1245 SOLENSEM
1242 1221 1472 1245 LATRA'ronl-:m

901 1299 1057 1330 Gan-alet
1072 1297 1222 1335 insulsus,
1236 1306 1293 1337 per
1307 1307 1361 1328 me
1377 1297 1465 1335 licet,
1474 1308 1578 1338 usque

1029 1341 1182 1377 Solensis,

943 1385 1074 1425 Ingerat
1104 1387 1137 1414 et
1164 1382 1263 1423 capiti
1294 1383 1411 1422 probra
1436 1382 1579 1415 nefanda

901 1469 958 1500 Dii
971 1437 1112 1500 mefflfrg.
1118 1469 1233 1507 ferant,
1243 1469 1495 1509 latratoremque
1505 1478 1576 1509 pro-

943 1516 1167 1627 Eumgriidluriln
1189 1553 1295 1594 rapiat
1314 1554 1506 1594 persuriosa
1527 1564 1575 1586 co-

1049 1608 1109 1628 ονε.

942 1691 981 1721 23
1012 1681 1077 1712 His
1114 1681 1301 1718 concinunt,
1339 1690 1422 1720 quae
1460 1680 1488 1712 1.
1528 1681 1576 1713 H.

900 1724 1097 1755 Goerenzius
1112 1724 1145 1754 in
1163 1723 1271 1755 Iahnii
1284 1723 1401 1754 Annal.
1420 1723 1575 1763 philolog.

899 1772 930 1797 et
954 1767 1130 1807 paedagog.
1153 1778 1181 1797 a.
1211 1767 1300 1805 1830.
1326 1765 1402 1796 Vol.
1428 1766 1455 1797 I.
1482 1765 1575 1798 Fasc.

900 1810 949 1841 ΙΙ.
972 1820 1003 1849 p.
1025 1818 1094 1848 147.
1116 1819 1161 1849 sq.
1184 1809 1224 1840 de
1247 1808 1363 1839 eadem
1389 1818 1422 1838 re
1447 1808 1576 1848 scripsit

898 1853 984 1883 hunc
1001 1852 1032 1882 in
1050 1852 1202 1882 modum:
1229 1852 1249 1867 “
1263 1851 1326 1881 Die
1349 1850 1453 1881 Sache
1476 1851 1576 1882 selbst

899 1895 999 1925 bleibt
1017 1894 1129 1925 ho'chst
1143 1893 1271 1933 wichtig
1286 1893 1352 1923 und
1370 1893 1575 1924 beriicksich-

898 1936 1140 1977 tigungswerth,
1163 1937 1204 1967 da
1228 1946 1319 1975 sogar
1342 1935 1373 1965 in
1398 1936 1455 1966 der
1479 1935 1576 1976 vb'llig

897 1980 1060 2010 sinnlosen
1080 1979 1191 2009 Lesart
1211 1988 1270 2009 nur
1291 1988 1329 2008 zu
1350 1978 1397 2008 oft
1415 1979 1472 2009 der
1492 1978 1580 2010 Stoff

897 2033 935 2052 zu
954 2022 1153 2061 Auffindung
1169 2022 1225 2052 des
1243 2021 1391 2051 wahren
1414 2021 1501 2058 ruht,
1518 2021 1575 2051 das

897 2065 963 2096 sich
980 2065 1053 2096 dem
1072 2064 1259 2095 Scharfsinn
1278 2062 1369 2093 nicht
1391 2063 1494 2094 selten
1511 2067 1574 2094 erst

897 2108 983 2138 dann
1004 2107 1159 2143 enthiillt,
1175 2106 1334 2137 nachdem
1359 2106 1432 2137 eine
1454 2105 1574 2145 Menge

898 2150 1097 2190 Vorghger,
1133 2150 1219 2180 ohne
1256 2159 1290 2179 es
1327 2158 1365 2178 zu
1403 2148 1574 2186 beachten,

897 2193 1158 2231 voriibergingen.
1208 2191 1238 2222 U
1244 2191 1287 2222 nd
1305 2201 1366 2221 von
1383 2190 1442 2222 wie
1468 2190 1573 2222 vielen

898 2235 1155 2266 Handschriften
1183 2234 1300 2265 wollen
1326 2233 1382 2264 wir
1407 2233 1491 2264 noch
1517 2234 1574 2264 das

897 2278 1077 2310 versteckte
1113 2277 1237 2308 quhre
1275 2277 1308 2307 in
1345 2276 1451 2316 freyer
1487 2275 1573 2307 offen

896 2321 1060 2360 liegender
1099 2320 1211 2351 Lesart
1249 2323 1402 2350 erwarten
1418 2321 1432 2350 ἒ
1493 2318 1572 2350 Man

895 2365 991 2394 achte
1006 2373 1068 2394 nur
1079 2363 1204 2400 darauf,
1214 2372 1277 2392 was
1291 2362 1345 2392 wir
1357 2362 1420 2392 den
1437 2360 1573 2392 meisten

896 2407 1018 2437 zeither
1054 2407 1228 2437 benutzten
1262 2404 1474 2435 unmittelbar
1506 2413 1573 2434 ver-

893 2450 1045 2480 danken!
1095 2448 1173 2479 wie
1189 2447 1419 2478 unbedeutend
1438 2447 1509 2477 sind
1528 2446 1575 2477 im.

895 2492 1029 2523 Ganzen
1054 2491 1106 2522 die
1124 2491 1420 2529 Verbcsserungen,
1439 2489 1492 2519 die
1514 2499 1573 2520 aus

897 2545 1002 2565 neuen
1013 2533 1292 2574 Vergleichungen
1303 2532 1442 2573 geraden
1453 2531 1574 2571 &Vegcs

702 2668 816 2699 “Viro
845 2668 1033 2708 Magnifice,
1057 2667 1326 2705 Generosissimo,
1351 2667 1575 2708 Amplissimo,

177 2711 221 2744 D.
251 2713 437 2754 Christoph.
470 2713 632 2744 Friderico
662 2714 703 2743 ab
735 2714 889 2749 Ammon,
921 2711 1057 2751 principi
1088 2711 1172 2741 inter
1201 2710 1444 2741 concionatores
1474 2710 1575 2750 Regis

176 2753 335 2787 Saxonine
358 2755 493 2792 aulicos
509 2755 645 2795 praesidi
670 2755 787 2786 vicario
810 2754 950 2785 Consist.
976 2755 1055 2791 Rog.
1079 2754 1145 2785 ord.
1168 2753 1289 2785 saxon.
1307 2753 1376 2784 virt.
1399 2752 1459 2784 civ.
1483 2762 1571 2791 prue-

176 2796 262 2827 fecto
287 2798 357 2830 rell.
383 2798 524 2829 Patrono
550 2808 675 2829 summe
701 2797 906 2834 Reverendo
929 2796 1089 2828 d.xv1.
1117 2794 1571 2828 1an.MDcccxx)<V1.

176 2839 379 2878 gratulantur
412 2840 534 2871 Rector
566 2846 599 2871 et
634 2840 779 2880 Magistri
811 2839 981 2879 Gymmmii
1015 2839 1245 2871 Blochmann:

1284 2837 1451 2878 gentisque
1484 2836 1571 2867 viu-

178 2880 376 2914 thuminnae.
394 2881 539 2913 Dresdue
554 2892 593 2913 ex
609 2883 738 2913 officina
757 2881 1048 2913 Blochmunninnn.
