1888 3194
422 177 1120 222 MANUSCRIPTORUM
1165 180 1360 224 LIVII.
1505 186 1586 226 421

652 401 726 443 Ad
749 401 877 444 finem
899 401 998 444 libri
1018 402 1124 445 VII.

257 511 500 552 Emendavi
570 510 864 553 Nicomachus
966 512 1170 568 Explicit
1211 514 1321 556 liber
1360 515 1584 570 septimus.

187 578 349 620 Liviaii
384 578 474 620 Titi
500 579 601 620 Livi
632 585 708 621 ter.
739 579 863 634 Pref.
910 579 1152 622 Emendavi
1174 580 1467 623 Nicomachus
1483 582 1589 623 Fla-

188 646 280 688 urb.
304 647 424 701 apud
443 646 644 688 Hennam
674 647 730 688 ab
761 647 866 687 urhe
911 648 1063 689 cianus
1103 649 1192 690 Titi
1225 649 1344 690 Livii
1376 648 1442 690 te?
1465 648 1586 704 pref.

187 715 393 756 conditor.
447 714 718 756 Victorianus
749 717 810 756 Vl
816 719 863 757 C.
910 716 1029 756 urbis
1059 718 1180 771 apud
1204 715 1365 758 Henna
1397 717 1453 757 ab
1483 718 1588 759 urbe

187 784 229 836 (1.
273 785 314 825 V.
354 784 419 836 C.)
457 784 733 824 emendabam
769 784 864 824 Do·
909 784 1029 824 cond.
1075 784 1350 826 Victorianus
1392 787 1429 827 V
1430 788 1515 828 OC
1541 786 1585 841 (l.

187 854 295 895 mnis
317 852 596 908 Symmachis.
622 852 729 892 liber
760 851 859 892 VII.
917 852 960 892 V.
990 852 1057 905 C.)
1091 852 1366 893 emendabant
1398 854 1586 896 Domnis

186 921 381 976 explicit.
415 919 580 975 Incipit
597 919 705 960 liber
731 919 857 959 VIII.
907 919 1190 974 Synzmacliis.
1259 920 1426 976 Incipit
1476 922 1587 963 liber

187 989 231 1030 F
227 989 403 1030 eliciter.
921 987 1051 1028 VIII.

632 1202 704 1243 Ad
727 1201 856 1244 finem
877 1202 975 1244 libri
999 1202 1129 1244 VIII.

243 1313 484 1358 Emendavi
517 1312 646 1353 Nico.
681 1313 859 1354 Flavia·
962 1314 1168 1370 Explicit
1205 1314 1316 1355 liber
1359 1314 1485 1356 VIII.
1523 1316 1586 1357 in-

184 1399 262 1427 nus
297 1384 344 1425 T.
368 1382 469 1424 Livi
506 1382 636 1423 VEC
658 1381 703 1436 (ι.
741 1371 858 1436 ῑῖὸ)
903 1383 1011 1439 cipit
1033 1383 1143 1424 iiber
1175 1382 1330 1424 VIIII.

185 1459 252 1494 ter
274 1451 424 1507 praef.
455 1450 546 1490 urb.
577 1451 698 1505 apud
726 1451 862 1491 Term.

186 1519 228 1572 (l.
271 1517 439 1572 Henn.)
488 1518 544 1557 ab
590 1518 695 1558 urhe
741 1519 860 1559 cond.

197 1587 466 1628 Victorianus
511 1587 552 1626 V.
586 1587 634 1627 C.
670 1587 864 1626 emenda-

188 1656 282 1697 ham
339 1655 523 1695 Domnis
578 1654 859 1708 symmac-his.

187 1724 258 1765 lib.
317 1723 445 1764 l'III.
499 1722 656 1777 explic.
711 1721 863 1776 incipit

197 1791 350 1832 VIIII.

657 1937 728 1977 Ad
751 1936 880 1978 finem
904 1936 1000 1978 libri
1026 1937 1106 1978 IX.

253 2049 524 2090 Victorianus
548 2049 588 2088 Γ.
608 2050 654 2089 C.
671 2049 862 2088 emenda·
977 2048 1065 2088 Titi
1094 2046 1207 2087 Livii
1235 2046 1291 2086 ab
1325 2047 1429 2087 urbe
1462 2048 1582 2087 cond.

186 2118 280 2159 barn
334 2116 517 2157 Domnis
575 2116 858 2171 Symmachi&
907 2115 1017 2156 liber
1053 2114 1209 2157 VIIII.
1242 2114 1436 2169 explicit.
1491 2114 1584 2155 Vic-

193 2186 281 2227 Titi
318 2185 420 2226 Lici
456 2185 512 2225 ab
549 2185 654 2226 urbe
689 2185 859 2225 condita
905 2184 1098 2224 torianns
1132 2182 1405 2235 COS(f01·te
1442 2185 1486 2226 V.
1518 2187 1584 2237 C.)

185 2254 258 2294 lib.
311 2253 465 2294 VIIII.
518 2253 710 2308 explicit.
791 2252 862 2292 In-
907 2251 1182 2292 emendabam
1231 2251 1417 2292 Domnis
1464 2253 1587 2307 Sym-

125 2321 131 2327 ’
187 2322 293 2376 cipit
315 2321 387 2361 lib.
415 2321 471 2361 X.
482 2321 699 2375 feliciter.
910 2319 1087 2360 inae-leis.
1114 2319 1266 2374 incipit
1289 2319 1399 2360 liber
1421 2320 1478 2361 Χ.

188 2490 306 2532 Idem
331 2490 398 2531 hic
424 2489 557 2531 codex
582 2489 803 2530 Leidensis
834 2488 934 2529 olim
959 2488 1150 2529 Chifletii
1180 2488 1270 2537 fuit,
1298 2488 1340 2528 in
1373 2488 1492 2529 cuius
1524 2489 1585 2529 bi-

187 2547 397 2589 bliotheca
429 2562 526 2588 enm
559 2547 665 2588 vidit
698 2562 745 2587 ac
776 2546 952 2586 versavit
992 2545 1171 2586 Gottefr.
1204 2545 1504 2586 wendelinus:
1542 2546 1583 2586 in

188 2603 362 2646 Dissert.
386 2605 498 2645 enirn
522 2604 574 2645 de
601 2603 741 2644 Natali
768 2603 866 2644 Solo
894 2603 1058 2658 Legum
1088 2602 1316 2643 Salicarum
1346 2618 1434 2658 cap.
1461 2602 1582 2643 XVI.

188 2676 227 2759 ἶ
254 2665 345 2703 118.
381 2661 548 2703 easdem
584 2660 795 2709 formulas,
831 2676 934 2716 quas
967 2659 1019 2700 ad
1053 2659 1281 2715 plerorum‹
1300 2675 1351 2701 ue
1385 2660 1583 2700 libroruin

230 2719 299 2760 ivii
323 2720 450 2759 finem
474 2719 515 2759 in
539 2728 680 2760 nostro
701 2718 846 2759 codice
869 2718 1066 2773 ascriptas
1094 2716 1207 2765 dedi,
1232 2677 1439 2766 exiiibnit,
1470 2725 1585 2758 tanta

190 2774 298 2816 inter
324 2775 396 2816 has
421 2786 463 2816 ct
491 2775 578 2816 illas
607 2775 896 2822 similitudine,
922 2784 967 2815 nt
997 2775 1038 2814 in
1068 2774 1222 2830 apertis
1250 2774 1376 2815 etiam
1408 2773 1584 2822 mendis,

190 2847 296 2886 qnae
332 2847 384 2872 ex
420 2832 573 2873 librarii
611 2833 870 2873 aberratione
909 2842 1029 2872 natac
1066 2841 1176 2879 snut,
1213 2840 1453 2871 constanter
1485 2845 1585 2869 con-

190 2889 382 2929 sentiam.
448 2889 590 2930 locosa
612 2899 751 2930 autern
775 2900 833 2929 cst
858 2887 1095 2929 &Vt-udelini
1119 2888 1338 2942 expositio,
1357 2902 1486 2942 qutun
1511 2901 1585 2941 per
