1888 3194
383 175 468 214 434
703 171 1067 215 SYLLABUS
1116 171 1453 215 CODICUM

388 263 566 304 Donato
617 263 669 304 de
715 263 944 305 Casentz‘no
995 264 1062 305 Gr
1064 265 1262 306 amatieo.
1339 262 1504 304 Harum
1553 260 1778 303 Decadum

391 319 594 369 ultimam,
616 328 664 360 ut
690 328 733 361 et
759 320 947 361 codicem
975 329 1232 376 sequentem,
1255 321 1338 361 mei
1365 335 1509 361 caussa
1536 334 1632 360 cum
1653 317 1777 359 editis

390 376 581 426 conferri,
604 375 708 418 Viro
738 378 773 419 C
778 377 1023 418 elebe1r1m0
1052 377 1134 419 Iac.
1153 377 1352 442 Philippo
1373 377 1428 418 D'
1434 376 1622 425 Orvillio‚
1644 389 1778 431 quum

393 433 627 475 studiorum
660 449 758 490 eigo
791 449 864 490 pei
898 435 1099 491 Angliam
1130 436 1478 500 peregiinaretur,
1511 434 1780 490 deprecante,

391 505 601 546 possessor
621 491 710 532 eius
705 468 1026 547 obenignissime
1047 492 1246 547 permisit.

451 549 509 590 X.
544 547 822 589 MEADIANUS
874 548 1107 589 SECUNDUS
1152 557 1215 589 est
1259 548 1392 590 codex
1437 548 1780 590 membranaceus

392 605 518 646 modo
550 605 708 645 laudati
742 605 945 646 Richardi
979 605 1122 654 Mead,
1153 605 1240 660 qui,
1269 613 1460 660 quartam
1492 614 1656 646 tantum
1689 603 1780 645 De-

392 662 495 702 cada
530 662 763 711 continens,
801 670 1082 702 tlecentorum
1118 677 1323 703 annorum
1358 671 1538 703 aetatem
1571 661 1779 726 praeferre

393 719 588 759 creditur.
652 717 793 758 Huius
813 718 940 759 etiam
962 717 1067 759 Msti
1094 718 1359 759 collationem
1386 719 1584 759 munifice
1612 719 1663 760 ab
1690 718 1780 759 eius

392 775 564 816 domino
586 790 823 815 concessam
845 774 1067 825 D’O1v1lu‚
1089 775 1157 816 cui
1182 783 1244 816 tot
1266 790 1313 816 ac
1334 783 1450 816 tanta
1471 775 1618 816 Livius
1637 783 1681 816 et
1701 789 1780 830 ego

392 831 607 880 debemus,
630 831 836 872 beneficio
857 832 1003 873 debeo.

450 888 530 929 XI.
564 887 812 929 VOSSIANus
839 897 902 930 est
928 888 1063 930 codex
1090 888 1348 953 chartaceus·
1366 888 1499 930 forma
1525 887 1684 938 maiori,
1706 887 1781 944 qui

393 945 492 986 olim
532 960 625 1000 pars
665 946 943 987 bibliothecae
980 946 1208 987 Vossianae
1245 945 1418 995 exstitit,
1452 961 1566 986 nunc
1601 960 1700 987 vero
1734 945 1781 986 in

391 1002 646 1044 bibliotheca
678 1003 845 1058 publica
874 1003 1168 1044 Univeisitatis
1197 1002 1432 1058 Lugduno-
1435 1002 1617 1044 Batavae
1650 1016 1780 1043 asser-

391 1068 523 1109 vatin,
546 1060 767 1100 continens
788 1060 917 1101 solam
939 1060 1098 1101 decada
1117 1068 1319 1116 quartam.
1372 1059 1441 1101 De
1463 1075 1513 1101 eo
1533 1060 1628 1101 vide
1653 1058 1781 1100 Cata-

390 1116 533 1172 logum
557 1116 665 1158 Bibl.
688 1116 801 1173 publ.
827 1117 1061 1172 Lugduno—
1045 1117 1158 1158 —.Bat
1184 1133 1223 1173 p.
1248 1119 1342 1158 373.
1367 1132 1481 1158 num.
1507 1117 1675 1159 LXVI.
1727 1115 1781 1156 In

390 1173 536 1214 limine
558 1174 682 1214 huius
710 1174 865 1214 codicis
886 1174 1106 1240 sequentia
1126 1174 1414 1230 reperiuntur:
1455 1175 1602 1215 Codex
1623 1174 1695 1215 hie
1715 1179 1781 1214 est

389 1232 618 1272 Francisei
635 1232 825 1286 Phileffi,
845 1238 885 1272 et
903 1233 1111 1287 imprimis
1126 1233 1288 1272 amieor
1291 1246 1368 1272 um.
1412 1231 1614 1272 Federiez'
1633 1231 1780 1271 Cerutz'

389 1303 498 1330 mene
527 1295 605 1336 est,
637 1289 744 1329 dono
774 1289 900 1329 Petri
924 1290 1126 1338 basani,
1156 1289 1333 1329 militum
1361 1289 1524 1329 strenui
1542 1287 1780 1342 praefecti,

389 1345 487 1386 dum
540 1345 726 1387 Veronae
765 1351 873 1385 esset
914 1360 1024 1386 anno
1065 1345 1355 1386 MDLAAX
1364 1344 1463 1385 VII.
1531 1343 1605 1384 Ad
1650 1343 1779 1384 finem

389 1416 488 1443 vero
517 1401 694 1456 ascripta
723 1410 844 1441 sunt:
888 1402 976 1442 Titi
996 1402 1116 1443 Livii
1138 1402 1245 1443 liber
1265 1401 1453 1442 decimus
1474 1402 1525 1442 de
1547 1401 1655 1441 hello
1677 1401 1780 1441 Ma-

391 1459 592 1500 cedonico
607 1458 808 1513 feliciter
840 1459 1023 1511 explicit
1052 1474 1183 1500 amen.
1215 1458 1288 1512 qui
1318 1458 1427 1498 liber
1455 1463 1519 1498 est
1547 1457 1628 1498 mei
1655 1456 1780 1498 Petri

390 1517 442 1556 de
468 1515 763 1570 Compostellis
783 1515 955 1556 notarii.

388 1905 463 1945 Ad
480 1903 709 1958 Epitomas
724 1904 937 1945 Livianae
958 1903 1035 1943 hos
1052 1902 1219 1943 codices
1236 1902 1566 1958 IlIanuserz'ptos
1583 1901 1774 1943 adhibui.

497 2033 823 2075 ERGIANUS
863 2042 925 2075 est
965 2033 1099 2075 codex
1141 2032 1395 2082 chartaceus,
1435 2032 1568 2073 forma
1606 2032 1776 2082 maiore,

530 2107 657 2147 quem
678 2091 777 2132 olim
798 2090 983 2147 possedit
1011 2089 1106 2130 Nic.
1128 2088 1342 2138 Heinsius,
1364 2104 1388 2130 a
1408 2103 1493 2144 quo
1514 2089 1706 2144 pervenit
1725 2089 1780 2130 ad

388 2146 543 2188 Virum
565 2148 884 2212 Amplissimum
914 2162 960 2187 ac
991 2145 1309 2187 Nobilissimum
1337 2145 1572 2186 Iohannem
1592 2161 1672 2187 van
1694 2146 1780 2188 den

389 2205 532 2260 Bergh
560 2204 593 2245 I.
620 2204 670 2245 C.
694 2204 857 2259 saepius
885 2203 1062 2244 civitatis
1090 2202 1388 2257 Lugdunensis
1415 2202 1642 2253 consulem,
1664 2217 1779 2244 sum-

389 2277 505 2302 mum
528 2261 848 2302 Rhenolandiae
865 2259 1120 2308 Praet01em,
1139 2268 1181 2300 et
1201 2274 1401 2324 aggerum
1422 2275 1469 2300 ac
1490 2260 1651 2301 viarum
1671 2260 1778 2315 pub-

387 2319 562 2359 licarum
597 2332 646 2358 ea
679 2318 849 2373 regione
886 2315 1165 2365 Praefectum,
1200 2317 1273 2372 qui
1310 2316 1541 2361 etiamnum
1576 2316 1773 2373 possidet,

388 2376 561 2431 eiusque
582 2389 704 2415 usum
724 2352 1019 2429 benignissime
1041 2373 1145 2414 mihi
1165 2374 1378 2415 concessit.

444 2433 500 2473 ΙΙ.
534 2431 1043 2472 BOENDERMAKERIANUS
1104 2439 1179 2471 est
1225 2430 1360 2471 codex
1419 2431 1773 2481 membranaceus,

387 2489 519 2531 forma
539 2488 697 2538 maiori,
720 2488 818 2529 olim
840 2502 934 2542 pars
955 2486 1246 2538 bibliothecae,
1270 2502 1396 2542 quam
1417 2487 1461 2527 in
1485 2502 1584 2528 usus
1608 2502 1704 2529 suos
1731 2496 1775 2529 et

387 2547 614 2588 amicorum
647 2545 813 2601 collegit
838 2544 918 2585 Vir
949 2543 1245 2586 Nobilissimus
1276 2543 1524 2585 Theodorus
1558 2543 1775 2585 Boender-

386 2603 541 2652 maker,
581 2602 621 2643 S.
656 2579 834 2643 Martini
873 2601 987 2657 apud
1027 2601 1290 2643 Traiectinos
1333 2600 1586 2642 Canonicus.
1629 2600 1772 2651 Hunc,

386 2669 550 2716 praeter
583 2659 800 2714 Epitomas
834 2658 1032 2700 Livianas
1064 2658 1191 2699 etiam
1223 2658 1411 2699 Plinium
1442 2657 1540 2706 sive,
1569 2665 1618 2699 ut
1647 2657 1774 2713 vulgo

385 2726 568 2765 vocatur,
606 2716 829 2756 Aurelium
866 2715 1082 2756 Victorem
1122 2715 1175 2756 de
1212 2715 1325 2755 Vi1is
1365 2713 1600 2755 Illustribus
1639 2715 1775 2755 conti-

384 2784 570 2822 nentem,
612 2788 708 2814 cum
749 2772 872 2813 editis
912 2772 1090 2812 contulit
1125 2771 1203 2813 Vir
1239 2771 1550 2813 Celeberrimus
1595 2770 1773 2813 Carolus

383 2831 579 2872 Andieas
616 2829 826 2878 Dukeius‚
860 2828 1049 2870 eiusdem
1085 2829 1249 2885 collegii
1285 2836 1327 2870 et
1363 2828 1569 2869 amicitiae
1604 2827 1773 2870 vinculo

383 2888 488 2928 mihi
508 2887 882 2935 coniunctissimus,
906 2894 948 2927 et
968 2886 1149 2941 benigne
1174 2900 1337 2927 mecum
1360 2884 1698 2927 communicavit.
