1888 3194
683 177 976 218 INDEX.

134 254 173 287 P.
185 254 348 294 Maenius,
361 253 435 286 trib.
454 252 550 285 milit.
570 252 730 284 consulari
750 263 806 293 po·

175 301 292 329 testate
307 306 338 336 5,
357 307 404 328 12.

133 339 179 377 Q.
197 340 358 377 Maenius,
387 342 527 379 praetor,
556 337 687 369 sortitur
715 337 806 369 iuris—

174 382 349 414 dictionem
365 381 565 422 peregrinam
581 390 634 420 43,
649 391 678 419 4.

132 424 173 457 T.
189 424 351 462 Maenius,
377 428 505 464 praetor
529 433 582 465 39,
606 421 636 454 6.
677 422 808 454 sortitur

173 466 425 498 iurisdictionem
449 466 534 497 inter
555 466 640 497 cives
663 466 682 497 8
703 469 736 497 et
757 467 805 498 18.

173 509 247 541 trib.
264 509 357 541 milit.
374 519 426 548 40,
442 517 492 549 35.

130 551 258 584 Maesia
272 552 353 583 silva
372 561 399 590 1,
415 561 465 592 33.

130 595 285 635 Magaba,
308 605 402 626 mons
424 595 476 634 38,
502 604 551 637 19.
589 597 706 635 petunt
732 603 807 626 eum

174 637 344 678 Tectosagi
361 637 465 675 Galli,
480 638 557 670 ibid.

130 679 295 721 Magalus,
308 681 438 721 regulus
454 681 609 712 Boiorum
627 690 678 718 21,
695 690 748 722 29.

130 723 288 764 Magister
317 723 463 764 equitum
493 724 616 764 primus
645 724 700 764 Sp.
729 724 806 755 Cas-

173 766 239 798 sius
254 776 285 804 2,
306 766 352 798 18.
382 766 505 807 primus
519 767 560 797 de
575 767 682 807 plebe,
697 766 735 798 C.
754 766 806 797 Li-

173 809 277 840 cinius
291 807 322 847 6,
335 818 385 851 39.
409 810 559 849 magistro
574 809 718 850 equitum
732 819 806 840 cum

174 851 332 884 dictatore
358 857 533 892 aequatum
559 852 730 892 imperium
756 861 806 890 22,

175 902 214 934 25
242 899 275 926 et
304 894 353 926 26.
390 895 458 926 sine
483 894 634 935 magistro
660 895 806 935 equitum

174 937 313 968 dictator
329 947 380 978 23,
396 947 434 968 22
451 942 483 969 et
502 947 550 978 23·

131 979 342 1020 Magistratus
367 981 486 1012 curulis
510 992 541 1019 4,
571 988 599 1020 7.
638 989 712 1012 cum
738 980 807 1012 sine

173 1023 362 1064 magistratu
385 1023 487 1054 curuli
509 1023 691 1063 respublica
714 1028 806 1062 esset,

174 1070 300 1097 creatur
314 1066 464 1103 interrex,
475 1066 551 1097 ibid.
576 1066 722 1106 plebeius
736 1066 806 1096 nul-

173 1108 225 1139 lus
238 1108 405 1148 auspicato
421 1113 547 1139 creatur
558 1107 589 1143 6,
600 1118 650 1146 41.
673 1119 807 1149 magnos

173 1150 268 1182 decet
291 1161 359 1182 esse
385 1151 492 1182 minus
518 1150 686 1182 diuturnos
709 1162 740 1189 4,
757 1161 806 1190 24.

172 1193 378 1234 magistratus
409 1193 528 1234 plebeii
558 1193 749 1224 sacrosancti
777 1203 807 1232 2,

174 1245 225 1277 33.
255 1236 339 1267 nulli
366 1237 499 1268 Patrum
527 1236 618 1267 licuit
642 1246 716 1267 eum
740 1246 807 1267 ma-

173 1279 341 1320 gistratum
358 1289 484 1320 capere,
499 1279 576 1310 ibid.
602 1279 808 1319 magistratus

173 1332 239 1354 non
261 1323 418 1354 creandus
440 1322 508 1353 sine
532 1321 758 1362 provocatione
777 1330 808 1361 3,

175 1373 226 1406 55.
249 1365 305 1405 qui
325 1365 393 1396 sine
415 1365 602 1406 magistratu
618 1375 685 1396 rem
699 1365 808 1405 gessit,

173 1408 375 1448 triumphare
400 1418 465 1439 non
492 1411 598 1448 potest
621 1408 673 1446 28,
695 1408 744 1447 38.
770 1407 808 1439 L.

173 1454 284 1482 tamen
302 1451 473 1489 Lentulus,
488 1450 542 1490 qui
558 1451 627 1482 sine
644 1451 808 1491 magistra-

175 1497 212 1525 tu
230 1504 297 1525 rem
313 1498 453 1533 gesserat
473 1493 506 1524 in
523 1493 696 1534 Hispania,
711 1503 810 1524 ovans

175 1537 289 1568 urbem
311 1536 487 1576 ingreditur
503 1545 555 1577 31,
572 1545 622 1568 2ο.
646 1536 809 1576 magistra-

175 1583 245 1610 tum
264 1579 395 1619 gesturi,
411 1579 494 1610 intra
509 1579 658 1619 quintum
675 1579 759 1610 diem
776 1579 809 1610 in

176 1622 263 1663 leges
277 1622 381 1653 iurare
396 1623 557 1653 debebant
573 1631 622 1661 50.
647 1622 809 1662 magistra-

176 1668 229 1696 tus
248 1665 329 1696 duos
352 1665 478 1696 curules
504 1675 587 1696 unus
611 1675 671 1696 nec
694 1675 810 1705 capere

176 1712 296 1748 potest,
311 1718 370 1739 nec
385 1719 492 1748 gerere
508 1717 560 1749 39,
573 1717 623 1749 39.
647 1708 809 1747 magistra-

175 1754 248 1782 tum
278 1752 417 1782 eundem
454 1751 537 1782 intra
568 1751 679 1782 decem
710 1761 810 1781 annos

177 1804 242 1825 non
259 1794 466 1834 capiendum,
482 1793 657 1834 plebiscitis
677 1798 809 1824 cautum

179 1844 210 1877 7,
233 1845 283 1875 42.
319 1837 384 1867 duo
410 1837 614 1875 magistratus
636 1847 701 1867 uno
725 1846 810 1867 anno

177 1889 242 1911 non
271 1879 413 1920 gerendi,
439 1879 516 1911 ibid.
550 1879 753 1919 magistratus
779 1883 810 1910 ct

177 1926 341 1954 senatores
368 1923 538 1963 pecuniam
565 1927 680 1963 sponte
705 1923 810 1953 confe-

177 1969 253 1997 runt
275 1966 315 1997 ad
340 1966 604 2006 supplementum
628 1965 737 1996 classis
759 1964 811 2003 26,

178 2007 231 2048 36.
269 2008 473 2049 magistratus
510 2008 650 2039 minores
685 2009 811 2040 Romae

178 2050 347 2082 circumire
371 2051 493 2092 vigilias
517 2051 592 2082 iussi
614 2060 666 2090 32,
686 2050 735 2082 26.
760 2060 811 2099 39,

182 2092 230 2126 16.
260 2094 464 2134 magistratus
479 2095 587 2125 cuncti
603 2095 688 2125 circa
703 2104 812 2125 omnia

177 2136 360 2178 pulvinaria
377 2137 514 2168 victimis
529 2137 703 2168 maioribus
717 2137 811 2168 sacri-

178 2179 290 2218 ficant,
304 2179 520 2221 prodigiorum
537 2180 810 2220 procurandorum

179 2232 277 2254 causa
292 2231 344 2262 43,
360 2231 406 2262 15.
429 2223 674 2262 magistratuum
691 2223 810 2254 Roma-

178 2275 293 2297 norum
317 2265 422 2306 prisca
439 2266 597 2297 modestia
613 2275 665 2304 42,
685 2275 710 2296 1.
738 2276 811 2296 ava-

179 2308 253 2339 ritia
267 2312 299 2339 et
314 2308 465 2349 superbia
479 2317 532 2348 43,
549 2318 577 2340 2.
602 2308 777 2340 crudelitas
792 2320 811 2348 4

180 2354 213 2382 et
233 2349 263 2383 6.
296 2351 541 2391 magistratuum
569 2351 641 2383 libri
665 2351 754 2382 citati
781 2362 812 2389 4.

181 2403 232 2426 20.
256 2403 308 2436 39,
325 2403 375 2433 52.
409 2394 646 2434 magistratibus
665 2394 814 2425 ineundis

180 2436 335 2468 sollennis
357 2435 434 2468 dies.
466 2437 506 2469 cf.
525 2437 612 2468 Anni
638 2436 814 2468 consularis

182 2479 388 2521 principium.

139 2522 178 2555 C.
192 2523 322 2563 Magius
337 2523 508 2554 Atellanus
525 2531 576 2563 24,
597 2531 643 2565 19.

140 2565 223 2598 Dec.
237 2565 351 2606 Magii‚
373 2565 547 2606 Campani,
569 2570 719 2597 constans
740 2575 815 2605 erga

182 2608 352 2641 Romanos
378 2609 458 2640 fides
487 2618 537 2648 23,
563 2617 590 2649 7.
629 2608 755 2640 vinctus
781 2608 813 2639 in

184 2650 382 2683 Hannibalis
399 2656 501 2683 castra
517 2652 646 2683 ducitur
665 2661 711 2684 10.
742 2650 815 2682 navi

183 2693 413 2735 Carthaginem
456 2695 582 2734 missus,
623 2698 816 2735 tempestate

183 2736 285 2768 fertur
298 2737 454 2778 Cyrenas,
469 2737 545 2770 ibid.
572 2737 760 2777 confugiens
774 2737 815 2768 ad

183 2782 324 2810 statuam
346 2780 428 2821 regis
445 2781 636 2819 Ptolemaei,
653 2781 817 2817 liberatur,

185 2821 262 2854 ibid.
296 2831 425 2854 manere
448 2824 573 2855 mavult
597 2823 629 2855 in
655 2824 817 2864 Aegypto,

185 2874 281 2905 quam
298 2865 401 2896 redire
415 2864 448 2896 in
466 2865 611 2903 Italiam,
626 2866 703 2898 ibid.

143 2906 324 2948 Magnesia,
353 2907 428 2938 urbs
463 2917 560 2948 super
589 2908 818 2947 Maeandrum,

893 254 983 285 dedit
998 264 1031 286 se
1047 254 1205 286 Romanis
1221 263 1274 295 37,
1289 263 1339 295 45.

850 295 1032 336 Magnesia,
1056 299 1133 329 urbs
1155 299 1196 329 ad
1223 298 1373 338 Sipylum
1397 297 1449 337 36,
1474 306 1525 338 43.

894 346 946 378 37,
965 349 1014 377 10,
1034 350 1067 370 11
1087 345 1119 371 et
1136 348 1186 380 37.
1213 350 1246 371 se
1261 341 1352 371 dedit
1367 341 1525 372 Romanis

893 389 946 420 37,
961 392 1012 455 43.
1044 383 1185 414 Eumeni
1205 393 1225 414 a
1240 383 1400 414 Romanis
1414 383 1525 415 tribui—

892 427 945 454 tur
961 433 978 464 5
1004 447 1011 455 .

849 466 1030 506 Magnesia,
1049 466 1206 499 Graeciae
1228 467 1314 508 regio
1330 477 1382 506 42,
1399 475 1449 507 54.
1473 478 1526 506 44,

898 518 944 540 11.

851 551 1111 592 Magnetarches,
1147 562 1292 584 summus
1333 552 1527 593 Magnetum

892 595 1096 636 magistratus
1112 603 1164 635 35,
1180 604 1231 635 31.

850 636 1021 678 Magnetes
1041 639 1291 679 pronuntiantur
1308 637 1400 669 liberi
1417 646 1468 677 33,
1487 646 1525 678 32

892 684 925 712 et
946 689 996 720 34.
1031 691 1141 712 eorum
1165 681 1339 712 concilium
1363 680 1526 712 Demetri-

892 723 953 754 ade
969 733 986 763 3
991 734 1021 764 5,
1034 733 1084 763 31.
1107 725 1149 755 ad
1161 725 1332 764 Magnetes
1347 724 1527 763 legatorum

894 766 1034 798 Roman.
1046 767 1158 804 oratio,
1168 767 1245 798 ibid.
1268 777 1323 798 eos
1332 767 1449 798 frustra
1458 769 1527 797 ten-

892 812 940 840 tat
956 809 995 841 T.
1014 809 1189 846 Quinctius
1205 819 1255 851 39.

851 851 963 892 Magni
978 853 1108 893 Campi,
1127 853 1216 883 locus
1232 861 1284 891 30,
1299 852 1329 884 8.

850 894 962 934 Mago,
975 896 1073 926 frater
1086 895 1282 926 Hannibalis
1298 901 1411 934 21,47.
1435 903 1526 934 proe-

894 937 938 968 lio
956 938 998 969 ad
1015 938 1166 969 Trebiam
1189 938 1222 969 in
1245 938 1368 968 insidiis
1390 937 1528 968 colloca-

893 983 946 1010 tur
961 988 1011 1020 54.
1035 981 1067 1011 in
1084 981 1246 1013 Cannensi
1263 991 1371 1021 pugna
1385 980 1528 1011 mediam

893 1022 996 1054 aciem
1013 1021 1086 1054 cum
1104 1024 1292 1055 Hannibale
1307 1027 1397 1054 tenet
1413 1021 1527 1061 22,46.

893 1075 943 1096 res
964 1076 982 1097 a
1005 1066 1102 1097 fratre
1119 1066 1306 1097 Hannibale
1328 1070 1434 1107 gestas
1449 1066 1527 1097 Car-

893 1108 1147 1149 thaginiensibus
1162 1109 1295 1149 exponit
1313 1118 1364 1147 23,
1381 1118 1413 1139 ¹1
1429 1112 1463 1139 et
1478 1117 1527 1139 12.

893 1151 1030 1182 annulos
1052 1162 1176 1189 aureos,
1193 1162 1210 1183 e
1226 1151 1332 1192 digitis
1348 1151 1527 1182 occisorum

894 1192 1118 1225 Romanorum
1149 1195 1320 1232 detractos,
1350 1193 1383 1224 in
1421 1193 1529 1224 curiae

894 1236 1054 1267 vestibulo
1077 1237 1199 1268 effundi
1222 1238 1322 1273 iubet,
1345 1236 1421 1267 ibid.
1455 1246 1530 1266 cum

894 1287 932 1309 eo
952 1279 1126 1310 Hannonis
1142 1280 1334 1320 disceptatio
1353 1288 1400 1317 13.
1430 1278 1530 1309 mitti-

894 1325 947 1352 tur
968 1321 1000 1352 in
1025 1322 1220 1362 Hispaniam
1242 1332 1290 1362 32.
1328 1321 1466 1352 vincitur
1487 1321 1531 1352 ad

896 1364 1061 1405 Illiturgin
1076 1375 1127 1407 49.
1158 1365 1297 1396 mittitur
1319 1365 1360 1395 ab
1383 1364 1530 1395 Hasdru·

894 1407 968 1438 bale
983 1408 1080 1439 fratre
1099 1408 1141 1439 ad
1157 1407 1425 1448 conquisitionem
1448 1406 1532 1437 mili-

895 1454 965 1481 tum
991 1459 1042 1489 24,
1062 1460 1113 1489 42.
1145 1450 1356 1487 Hasdrubali,
1380 1449 1532 1490 Gisgonis

896 1493 976 1531 filio,
999 1493 1201 1532 coniunctus,
1224 1493 1324 1524 vincit
1348 1494 1386 1524 P.
1408 1492 1532 1533 Scipio-

895 1546 971 1566 nem
989 1544 1039 1574 25,
1061 1545 1100 1575 32
1117 1539 1149 1568 et
1165 1545 1215 1576 34.
1248 1535 1447 1567 Hasdrubali
1470 1535 1531 1566 fra-

896 1578 936 1609 tri
952 1589 986 1610 se
1000 1579 1103 1619 iungit
1121 1588 1170 1620 35.
1201 1579 1269 1610 eius
1285 1583 1389 1610 castra
1406 1589 1426 1609 a
1441 1578 1530 1610 Mar-

897 1621 946 1652 cio
973 1626 1070 1662 capta
1097 1631 1146 1664 39.
1189 1622 1278 1653 venit
1308 1632 1348 1652 ex
1379 1621 1531 1652 ulteriore

897 1664 1060 1704 Hispania
1082 1675 1155 1695 cum
1180 1665 1400 1701 Hasdrubale,
1418 1663 1532 1704 Gisgo-

896 1707 946 1738 nis
971 1707 1048 1745 filio,
1071 1708 1112 1738 ad
1135 1708 1374 1738 Hasdrubalem
1400 1707 1532 1738 fratrem

898 1758 950 1790 27,
975 1759 1023 1782 20.
1061 1750 1094 1781 in
1125 1751 1233 1789 fugam
1262 1750 1396 1781 vertitur
1423 1750 1474 1787 28,
1499 1759 1531 1780 2.

897 1793 1059 1824 delectum
1090 1793 1120 1824 in
1154 1794 1316 1833 Hispania
1343 1802 1417 1824 cum
1446 1792 1531 1823 Has-

897 1836 1043 1873 drubale,
1070 1836 1222 1876 Gisgonis
1251 1836 1330 1873 filio,
1359 1835 1468 1872 habet,
1497 1838 1531 1866 et

897 1888 971 1909 cum
985 1890 1022 1910 co
1038 1879 1160 1910 bellum
1178 1879 1333 1910 instaurat
1347 1887 1394 1910 12.
1419 1888 1530 1918 eques-

897 1921 938 1952 tri
965 1922 1086 1962 proelio
1113 1922 1251 1953 vincitur
1278 1931 1323 1961 13.
1361 1921 1386 1952 it
1410 1921 1532 1958 Gades,

898 1964 1134 2005 dissipaturque
1144 1965 1212 1996 eius
1223 1964 1384 1996 exercitus
1398 1963 1445 1995 16.
1466 1963 1532 1995 Ga-

899 2008 992 2038 dibus
1008 2019 1047 2038 ex
1064 2008 1140 2047 fuga
1162 2008 1305 2038 subsistit
1322 2016 1372 2046 23.
1403 2007 1533 2037 iubetur

898 2060 918 2081 a
947 2055 1060 2082 senatu
1090 2050 1347 2090 Carthaginiensi
1385 2050 1533 2087 classem,

898 2103 995 2133 quam
1013 2094 1160 2125 Gadibus
1183 2094 1327 2131 haberet,
1343 2093 1374 2124 in
1398 2092 1532 2123 Italiam

897 2136 1043 2168 traiicere
1060 2136 1109 2176 36.
1142 2148 1161 2167 a
1180 2135 1354 2168 Gaditanis
1375 2135 1460 2166 intra
1483 2145 1533 2166 ur-

898 2180 971 2209 bem
993 2189 1057 2210 non
1073 2180 1256 2211 admittitur
1271 2188 1322 2218 37.
1353 2189 1393 2210 ex
1409 2178 1534 2209 minore

900 2222 1085 2253 Balearium
1109 2222 1214 2253 insula
1237 2222 1269 2253 in
1293 2221 1423 2253 Italiam
1448 2220 1534 2252 traii-

899 2264 943 2295 cit
959 2264 1008 2303 46.
1033 2265 1120 2306 capit
1137 2265 1301 2301 Genuam,
1316 2265 1392 2296 ibid.
1417 2263 1535 2295 Gallos

898 2311 931 2338 et
945 2308 1078 2347 Ligures
1094 2308 1124 2339 in
1141 2308 1315 2339 concilium
1332 2312 1425 2338 vocat
1441 2316 1493 2348 29,
1505 2315 1534 2346 5.

900 2350 1037 2382 vincitur
1051 2362 1072 2382 a
1088 2351 1247 2382 Romanis
1262 2359 1314 2390 30,
1335 2350 1380 2382 18.
1411 2350 1534 2381 femore

898 2395 1052 2425 transfixo
1074 2394 1271 2432 vulneratur,
1286 2393 1363 2425 ibid.
1395 2392 1536 2433 profugit

901 2436 933 2467 in
956 2436 1120 2477 Liguriam
1141 2447 1188 2478 ¹9·
1218 2447 1259 2468 ex
1284 2437 1416 2468 vulnere
1441 2435 1536 2466 mori-

899 2483 962 2517 tur,
978 2480 1054 2511 ibid.

858 2521 969 2563 Mago,
987 2523 1111 2563 legatus
1134 2523 1318 2555 Poenorum
1340 2522 1383 2554 ad
1407 2521 1532 2562 Philip-

901 2575 979 2605 pum
997 2575 1049 2605 ’23,
1066 2575 1116 2605 34·

858 2607 970 2647 Mago,
999 2619 1040 2640 ex
1074 2612 1171 2649 gente
1202 2609 1352 2646 Barcina,
1381 2611 1536 2648 cognatus

904 2651 1113 2689 Hannibalis,
1127 2651 1253 2693 capitur
1270 2661 1321 2692 23,
1337 2661 1387 2690 41.

861 2693 972 2734 Mago,
996 2695 1178 2726 Poenorum
1203 2695 1282 2732 dux,
1305 2692 1534 2731 Carthaginem

903 2736 1034 2768 Novam
1058 2741 1168 2769 tuetur
1192 2737 1243 2773 26,
1267 2749 1317 2775 44.
1351 2747 1396 2772 se,
1418 2745 1536 2770 arcem,

903 2784 936 2811 et
966 2779 1158 2821 praesidium
1191 2779 1334 2820 Scipioni
1364 2778 1453 2809 dedit
1483 2776 1535 2816 46.

904 2823 1046 2855 Romam
1078 2823 1217 2854 mittitur
1247 2832 1320 2853 cum
1351 2818 1535 2860 quindecim

905 2865 1041 2906 captivis
1055 2865 1254 2897 senatoribus
1269 2873 1319 2903 51.

864 2908 1047 2946 Maharbal,
1059 2907 1256 2939 Himilconis
1269 2906 1363 2941 tilius,
1372 2915 1538 2945 oppugna·

1196 2949 1305 2988 ‘'r-‘2
