1888 3194
475 202 602 244 LIB.
640 201 809 244 XLIII.
851 201 996 244 CAP.
1034 207 1097 244 12.
1395 208 1471 246 111

120 309 244 337 aucos
271 293 406 335 Italici
432 293 611 350 generis,
633 302 676 335 et
702 308 854 350 magna
880 308 933 334 ex
961 302 1079 350 parte
1105 293 1376 334 tumultuario
1402 294 1476 335 de·
1492 303 1536 336 U.
1553 305 1591 336 c.
1616 305 1687 343 582.

89 309 204 394 liectu
226 351 481 407 conscriptos
503 351 560 393 ibi
581 351 733 393 milites
761 351 932 392 amissos
959 351 1205 392 referebant.
1270 350 1477 392 Consules
1492 347 1531 378 A.
1553 348 1592 379 C.
1619 356 1687 386 ¹70·

89 409 310 466 designati,
332 409 404 451 ubi
424 408 606 465 primum
627 409 914 465 magistratum
936 409 1123 458 inissent,
1145 408 1198 450 de
1225 407 1480 449 Macedonia

90 466 241 509 referre
262 466 316 508 ad
340 476 532 508 senatum
553 466 674 508 iussi:
707 466 1024 523 destinataeque
1052 466 1291 522 provinciae
1312 465 1363 506 iis
1382 474 1479 506 sunt

89 523 213 566 Italia
231 532 274 565 et
295 523 560 566 Macedonia.

59 591 80 622 8
149 580 247 623 Hoc
274 597 385 623 anno
411 581 703 624 intercalatum
731 591 816 624 est:
851 582 975 624 tertio
1002 581 1071 623 die
1100 590 1195 638 post
1221 579 1481 622 Terminalia
1495 592 1539 624 U.
1556 592 1593 623 C.
1617 593 1690 632 583.

91 638 312 681 Kalendae
334 639 596 681 intercalares
615 639 742 681 fuere.
808 639 1054 681 Sacerdotes
1074 639 1184 681 intra
1204 654 1301 680 eum
1322 653 1481 680 annum
1494 636 1533 666 A.
1558 636 1595 667 C·
1623 634 1691 675 ¹⁶9·

90 697 259 747 mortui,
288 696 338 738 L.
357 696 618 738 Flamininus
648 698 670 719 ³*
698 697 720 719 ³*
750 697 972 754 pontifices
1001 697 1086 739 duo
1116 696 1398 746 decesserunt,
1428 695 1478 736 L.

91 754 242 796 Furius
269 754 418 797 Philus
445 764 488 796 et
515 755 565 796 C.
584 754 731 797 Livius
762 755 980 802 Salinator.
1043 755 1095 796 In
1122 754 1262 796 locum
1290 753 1406 795 Furii
1427 753 1478 795 T.

92 811 304 854 Manlium
326 812 602 869 Torquatum,
624 813 670 854 in
697 813 809 855 Livii
837 812 900 855 M.
922 812 1146 855 Servilium
1173 811 1394 869 pontifices
1421 811 1481 852 lc-

91 879 256 927 gerunt.

150 927 291 970 Princi
326 929 366 970 io
396 928 654 985 insequentis
674 929 773 971 anni
794 944 926 986 quum
955 928 1146 971 consules
1170 928 1268 970 novi
1293 927 1345 976 Q„
1366 926 1482 968 Mar·
1562 931 1626 970 12.

93 985 183 1028 cius
206 995 249 1028 et
277 943 358 1027 (l'n.
379 985 578 1028 Servilius
605 987 657 1028 de
686 987 911 1044 provinciis
938 986 1188 1036 retulissent,
1214 986 1350 1042 primo
1378 1000 1482 1041 quo-
1496 988 1540 1023 Q·
1554 986 1679 1040 Marcio

94 1059 178 1101 que
199 1052 386 1100 tempore
407 1052 480 1085 aut
492 1059 732 1101 comparare
749 1059 820 1086 eos
842 1044 951 1086 inter
970 1060 1013 1086 se
1032 1044 1195 1086 Italiam
1217 1053 1260 1085 et
1280 1042 1484 1084 Macedo-
1498 1028 1694 1104 {ilfiocncffg‘

94 1101 221 1151 niam,
239 1110 310 1142 aut
330 1101 466 1142 sortiri
486 1101 666 1158 placuit:
699 1102 942 1158 priusquam
964 1102 1008 1143 id
1029 1117 1115 1143 sors
1135 1111 1336 1150 cerneret,
1354 1101 1398 1141 in
1420 1100 1485 1141 in·
1499 1096 1680 1147 Exercitusi

94 1167 271 1208 certum,
291 1173 345 1200 ne
368 1158 472 1215 quid
498 1159 631 1215 gratia
659 1159 862 1200 momenti
881 1159 1049 1209 faceret,
1071 1159 1115 1200 in
1141 1168 1362 1215 utramque
1388 1173 1486 1215 pro-

94 1216 287 1266 vinciam,
321 1215 437 1272 quod
470 1231 534 1258 res
569 1216 824 1258 desideraret
858 1216 1155 1274 supplementi,
1189 1216 1370 1258 decerni.
1433 1215 1486 1256 In

95 1273 393 1317 Macedoniam
425 1274 616 1331 peditum
658 1274 948 1317 Romanorum
984 1289 1058 1316 sex
1098 1273 1241 1324 millia,
1278 1274 1487 1315 sociorum

94 1331 277 1374 nominis
316 1331 460 1374 Latini
500 1347 574 1374 sex
613 1331 769 1374 millia:
822 1333 987 1389 equites
1029 1332 1243 1374 Romanos
1282 1331 1486 1373 ducentos

95 1389 415 1447 quinquaginta,
451 1391 583 1432 socios
623 1399 844 1432 trecentos.
907 1389 1083 1432 Veteres
1123 1389 1276 1431 milites
1315 1388 1486 1438 dimitti,

96 1448 156 1490 ita
174 1456 222 1489 ut
241 1447 286 1489 in
307 1447 490 1505 singulas
512 1448 725 1490 Romanas
745 1448 930 1505 legiones
951 1464 1004 1490 ne
1030 1448 1124 1505 plus
1144 1463 1244 1490 sena
1264 1447 1394 1488 millia
1413 1461 1488 1503 pe-

96 1505 245 1556 ditum,
268 1506 427 1548 treceni
448 1507 611 1563 equites
632 1516 779 1548 essent.
843 1506 980 1548 Alteri
1000 1505 1161 1548 consuli
1189 1505 1329 1547 nullus
1350 1514 1488 1547 certus

97 1563 242 1605 finitus
265 1579 466 1605 numerus
492 1564 646 1606 civium
674 1564 976 1614 Romanorum,
998 1579 1124 1621 quem
1147 1564 1191 1604 in
1219 1562 1488 1620 supplemen-

99 1630 190 1663 tum
209 1620 377 1678 legeret.
440 1621 492 1663 Id
513 1622 638 1664 modo
659 1622 839 1672 finitum,
864 1631 909 1663 ut
937 1621 1041 1663 duas
1070 1621 1256 1677 legiones
1276 1621 1487 1670 scriberet,

99 1693 207 1735 quae
238 1679 369 1736 quina
402 1679 532 1720 millia
565 1679 756 1736 peditum
790 1689 833 1720 ct
865 1679 1049 1721 ducenos
1080 1679 1295 1729 haberent,
1326 1678 1490 1735 equites

100 1746 300 1778 trecenos.
363 1736 609 1779 Latinorum
642 1737 784 1786 maior,
814 1752 940 1793 quam
968 1737 1164 1792 collegae,
1191 1737 1384 1778 decretus
1410 1752 1490 1777 nu-

100 1809 262 1836 merus:
296 1794 486 1851 peditum
507 1794 653 1836 decem
682 1794 812 1835 millia
839 1804 881 1836 et
902 1795 1088 1836 sexcenti
1113 1794 1287 1850 equites.
1354 1794 1490 1842 Quat-

101 1860 197 1894 tuor
227 1861 443 1909 praeterea
478 1852 663 1910 legiones
700 1852 822 1893 scribi
859 1852 1004 1902 iussae,
1039 1867 1160 1908 quae,
1194 1852 1227 1893 si
1264 1867 1348 1908 quo
1384 1866 1490 1908 opus

69 1919 221 1962 9esset,
242 1910 532 1952 educerentur.
595 1910 807 1951 Tribunos
834 1909 912 1960 his,
934 1925 1019 1951 non
1041 1910 1301 1966 permissum,
1323 1918 1370 1951 ut
1390 1925 1490 1951 con-

99 1966 210 2010 sules
247 1967 453 2009 facerent:
501 1966 681 2024 populus
720 1967 886 2009 creavit.
952 1967 1083 2008 Sociis
1125 1967 1306 2009 nominis
1348 1967 1490 2009 Latini

142 2119 162 2150 8
187 2120 292 2151 Tertio
307 2120 358 2151 die
369 2123 440 2160 post
459 2120 673 2158 Terminalia]
700 2121 772 2151 Ter-

817 2130 904 2150 nunc
928 2120 1083 2158 redditur,
1107 2124 1142 2151 ut
1167 2121 1299 2160 plenum
1327 2119 1367 2151 sit
1393 2120 1490 2151 annui

99 2163 246 2199 urinalia,
261 2162 360 2193 festus
375 2161 442 2193 dies
453 2162 504 2193 dei
520 2162 676 2200 Termini,
691 2163 772 2193 cele-

817 2162 901 2192 orbis
930 2163 1083 2203 spatium,
1107 2167 1139 2194 et
1170 2163 1384 2204 interponitur
1410 2163 1492 2194 inter

100 2205 274 2237 bmbantur
298 2205 436 2245 septimo
459 2205 535 2236 Kal.
556 2205 700 2236 Martias.
732 2205 771 2236 cf.

99 2258 187 2289 supr.
210 2247 231 2279 i.
258 2256 308 2287 35.
363 2249 531 2279 Kalendae
557 2249 773 2279 latere-alares

32 2296 39 2307 ³
100 2295 175 2322 sunt
206 2291 378 2322 Kalendae
410 2290 527 2321 mensis
559 2291 773 2328 IntercalariS,

101 2333 142 2366 cf.
161 2343 246 2374 supr.
271 2333 291 2365 i.
319 2343 365 2375 19.
410 2334 561 2365 Ceterum
590 2333 642 2364 hic
666 2333 774 2373 aliqua

47 2397 60 2408 ι
101 2381 150 2409 ett
167 2376 349 2408 difficultas.
394 2376 524 2407 Etenim
549 2376 772 2407 intercalatum

101 2430 170 2452 esse
184 2430 311 2460 semper
326 2419 477 2459 postridie
494 2419 693 2450 Terminalia
709 2420 772 2450 col-

102 2462 156 2504 ligi
174 2462 299 2493 videtur
313 2473 353 2493 ex
372 2462 525 2493 Varrone.
542 2462 582 2493 de
597 2462 687 2502 Ling.
702 2463 772 2494 Lat.

103 2505 143 2537 vi.
157 2514 186 2544 3.
197 2509 230 2536 et
242 2515 281 2536 ex
297 2506 440 2536 Macrob.
454 2506 582 2536 Saturn.
596 2505 615 2536 i.
632 2515 677 2545 ¹3.
710 2506 773 2536 Ita-

103 2558 166 2589 que
178 2549 364 2580 Puteaneus
376 2547 550 2585 existimat,
562 2548 641 2578 libro
653 2549 693 2578 de
706 2548 773 2579 nis-

103 2595 205 2629 sexto,
215 2603 242 2623 c.
255 2601 282 2622 2.
296 2591 466 2632 legendum
481 2591 532 2621 hic
544 2601 612 2621 ease
620 2592 775 2631 postridie

107 2635 313 2666 Terminalia.
359 2634 421 2665 Sed
439 2634 463 2664 si
480 2633 532 2664 hic
548 2639 650 2664 status
665 2638 697 2664 et
713 2635 773 2665 sol-

105 2677 209 2709 lennis
231 2676 291 2708 suit
311 2676 379 2707 dies
396 2676 555 2708 Kalendis
573 2677 772 2707 Intercalari-

104 2720 174 2758 bus,
200 2719 245 2750 ita
272 2724 305 2750 ut
333 2720 422 2750 nulla
453 2730 593 2759 unquam
621 2731 659 2750 ea
683 2720 714 2750 in
742 2731 774 2751 re

104 2762 240 2794 varietas
268 2763 375 2799 fuerit,
401 2762 477 2803 quid
508 2762 665 2793 attinebat
696 2762 727 2793 id
755 2774 774 2793 a

105 2804 198 2837 Livio
221 2805 349 2837 notari?
374 2805 562 2837 Dodwellus
580 2805 712 2836 nissen.
734 2806 774 2837 de

104 2847 215 2888 Cyclin
238 2848 333 2880 Rom.
354 2859 383 2880 x.
401 2849 418 2886 ᾖ
441 2858 485 2890 19.
503 2854 533 2878 et
550 2859 614 2888 seq.
637 2848 774 2888 suspica-

105 2892 168 2928 tur,
185 2898 358 2930 praeeunte
379 2891 582 2931 aliquatenus
598 2891 776 2928 Macrobio,

106 2931 190 2963 diem
214 2943 313 2964 unum
337 2945 357 2965 a
383 2934 589 2974 pontificibus
611 2944 668 2974 per
690 2934 775 2965 hune

106 2984 225 3006 annum
263 2981 451 3017 exemptum
489 2976 595 3015 fuisse,
625 2977 679 3017 qui
709 2977 777 3009 dics

817 2205 1026 2243 Terminalia,
1038 2211 1070 2236 et
1085 2206 1254 2237 Kalendas
1272 2207 1491 2237 intercalares.

818 2247 907 2284 Quia
922 2252 1031 2279 autem
1048 2248 1080 2279 id
1097 2259 1160 2279 non
1173 2259 1299 2289 semper
1313 2250 1492 2285 accidebat,

818 2290 883 2321 imo
906 2291 958 2322 hic
983 2295 1108 2331 praeter
1131 2291 1259 2322 solitum
1280 2292 1492 2322 intercalandi

818 2344 939 2364 morem
964 2334 1072 2373 fiebat,
1096 2334 1168 2366 ideo
1194 2339 1325 2366 notatur
1345 2345 1365 2366 a
1389 2334 1492 2366 Livio.

817 2378 924 2409 Ciu-w.

859 2430 880 2461 9
899 2421 1055 2451 Tribunos
1071 2422 1137 2460 his]
1159 2422 1277 2453 Sensus
1293 2425 1339 2452 est
1354 2433 1361 2452 2
1387 2421 1418 2451 in
1436 2421 1493 2452 has

818 2466 970 2502 quattuor
1001 2463 1140 2503 legiones
1170 2475 1232 2495 non
1262 2475 1281 2494 a
1308 2463 1493 2495 consulibus

819 2505 951 2543 tribuni,
988 2507 1042 2536 sed
1081 2518 1101 2538 a
1139 2508 1260 2547 populo
1298 2507 1364 2537 dati
1408 2511 1492 2538 sunt.

821 2548 952 2588 Nempe
968 2548 1058 2579 initio
1075 2549 1151 2580 belli
1166 2550 1382 2587 Macedonici,
1398 2549 1493 2580 tertio

819 2596 894 2622 ante
925 2592 1010 2622 hunc
1041 2603 1138 2631 anno,
1169 2593 1356 2632 permissum
1388 2593 1492 2623 fuerat

819 2635 1002 2665 consulibus
1019 2635 1292 2675 praetoribusque,
1304 2639 1339 2666 ut
1354 2646 1392 2665 eo
1407 2645 1492 2665 anno

819 2678 963 2708 tribunos
992 2677 1132 2709 militum
1162 2679 1313 2710 facerent.
1344 2679 1383 2709 cs.
1406 2689 1491 2718 supr.

819 2720 886 2751 xlii.
904 2730 953 2760 31.
1002 2721 1040 2751 Id
1064 2726 1096 2752 et
1116 2722 1241 2751 duobus
1261 2721 1353 2752 annis
1369 2721 1424 2761 qui
1447 2732 1492 2751 se-

819 2763 883 2794 cuti
907 2767 993 2800 sunt,
1010 2763 1134 2794 videtur
1155 2774 1224 2795 esse
1244 2768 1416 2797 servatum.
1432 2763 1490 2794 nisi

818 2807 902 2846 quod
920 2807 951 2837 in
969 2806 1056 2836 hisce
1072 2812 1224 2846 quattuor
1247 2807 1435 2845 legionibus,
1453 2807 1492 2835 dc

820 2849 936 2888 quihus
954 2850 1050 2880 modo
1065 2854 1173 2880 actum
1188 2854 1246 2883 est,
1264 2850 1312 2879 ius
1327 2859 1419 2879 suum
1439 2860 1491 2888 po-

821 2892 918 2931 pulus
933 2902 1085 2932 usurpare
1103 2893 1215 2929 voluit,
1228 2897 1258 2922 et
1276 2892 1420 2922 tribunos
1436 2891 1490 2920 mi-

822 2934 914 2965 litum
927 2934 1082 2973 sufl'mgiis
1093 2946 1210 2967 crcurc.
1226 2936 1333 2967 Cum.
1357 2934 1395 2965 cs.
1407 2943 1490 2972 supr.

822 2977 873 3009 vii.
890 2985 919 3017 5.
944 2977 986 3009 ix.
1004 2987 1053 3018 5ο.
