1888 3194
468 183 986 230 FRAGMENTUM
1029 183 1156 225 LIB.
1201 181 1326 225 XCI.
1517 183 1601 222 309

583 616 1211 679 EPILOGUS

294 832 787 880 FRANCISCI
851 827 1504 879 CANCELLERII.

301 1261 446 1305 UUM
482 1260 614 1303 libelli
649 1261 867 1318 impressio
900 1259 954 1302 ad
987 1259 1236 1302 umbilicum
1268 1259 1356 1300 fere
1397 1257 1604 1315 perducta

344 1329 465 1370 esset,
488 1318 712 1375 multiplex
736 1327 825 1360 tota
845 1318 948 1360 urbe
970 1326 1118 1360 exorta
1140 1332 1188 1359 ac
1212 1324 1443 1374 propagata
1463 1324 1527 1356 est
1547 1314 1601 1356 de

199 1379 381 1421 Liviano
405 1378 486 1420 hoc
506 1377 742 1434 fragmento
764 1376 1015 1434 opinionum
1035 1375 1251 1417 dissensio.
1316 1373 1451 1415 Erant
1472 1372 1600 1422 enim,

201 1437 275 1494 qui
307 1451 396 1478 rem
429 1436 474 1476 in
507 1435 790 1491 suspicionem
823 1433 1050 1476 ementitae
1083 1432 1270 1475 veritatis
1305 1430 1600 1480 adducebant3

201 1502 334 1544 erant,
368 1493 442 1550 qui
477 1493 601 1550 plane
635 1492 780 1534 falsam
815 1507 864 1533 ac
900 1491 1236 1534 commentitiam
1271 1489 1600 1547 praedicabant3

202 1551 388 1608 denique
426 1550 600 1607 quidam
636 1565 769 1606 quum
809 1550 1073 1591 membranas
1112 1548 1406 1605 inspexissent,
1448 1545 1605 1588 nihilo-

203 1609 344 1651 minus
364 1609 408 1649 in
430 1607 530 1657 sole,
553 1616 600 1649 ut
621 1616 683 1649 est
704 1607 748 1648 in
769 1607 1005 1664 proverbio,
1027 1606 1268 1663 caligantes,
1291 1604 1408 1661 quod
1428 1604 1605 1646 suismet

204 1666 335 1709 oculis
356 1674 670 1722 usurpaverant,
692 1665 845 1706 vidisse
867 1679 910 1706 se
931 1664 1163 1720 praefracte
1184 1663 1447 1720 negabant38.
1512 1660 1606 1702 Etsi

204 1740 303 1767 vero
331 1724 505 1766 istorum
534 1722 740 1764 tumultus
761 1737 808 1764 ac
830 1722 1148 1764 vociferationes
1176 1735 1323 1762 omnes
1347 1719 1489 1776 paullo
1514 1733 1608 1760 cor-

205 1782 388 1824 datiores
410 1781 508 1830 risu,
531 1790 578 1822 ut
603 1795 677 1836 par
698 1788 799 1830 erat,
822 1794 870 1821 ac
898 1779 1115 1821 cachinnis
1143 1779 1415 1835 exciperent3
1449 1785 1605 1826 tamen,

206 1855 339 1897 quum
361 1854 447 1881 non
464 1839 672 1888 deessent,
691 1838 764 1894 qui
787 1846 848 1879 tot
869 1837 1104 1887 hominum,
1124 1845 1324 1892 tantaque
1346 1833 1608 1876 confidentia

206 1897 402 1955 profectis
425 1896 597 1938 vocibus
628 1911 714 1937 non
746 1895 1014 1936 mediocriter
1043 1902 1423 1943 commoverentur,
1448 1892 1607 1933 factum

206 1963 282 2006 est,
316 1963 364 1996 ut
397 1954 533 1995 omnis
569 1953 672 1994 haec
705 1953 967 1994 literatorum
1001 1952 1117 1993 natio
1150 1951 1289 1993 studia
1321 1951 1365 1991 in
1401 1949 1610 1991 contraria

206 2012 495 2055 scinderetur:
529 2025 749 2068 quumque
778 2009 848 2051 ille
878 2009 1009 2051 libelli
1038 2009 1268 2051 editionem
1299 2009 1343 2049 in
1369 2007 1531 2064 vulgus,
1553 2022 1608 2048 ne

207 2070 312 2128 quid
348 2068 579 2111 Vaticanae
621 2067 901 2110 bibliothecae
938 2067 1101 2109 nomini
1142 2067 1393 2115 officeretur,
1434 2065 1609 2106 omnino

208 2126 524 2186 impediendam
558 2127 708 2168 acriter
737 2125 1050 2175 contendebat3
1083 2124 1153 2166 hic
1175 2124 1291 2166 vanis
1322 2122 1610 2165 blateronibus

209 2201 255 2228 os
282 2184 607 2234 occludendum,
630 2199 709 2226 nec
731 2183 891 2225 diutius
923 2183 1131 2225 literariae
1163 2181 1419 2239 reipublicae
1448 2189 1609 2222 tantam

210 2243 468 2300 voluptatem
490 2242 764 2284 invidendam
785 2241 1067 2291 existimabat,
1102 2246 1113 2265 ‘
1129 2240 1174 2282 hi
1195 2247 1335 2282 motus
1356 2239 1608 2288 animorum,

211 2307 224 2326 ‘
240 2309 366 2358 atque
387 2300 491 2342 haec
512 2300 743 2342 certamina
764 2299 897 2341 tanta’
925 2299 979 2341 ad
1010 2313 1131 2341 aures
1161 2296 1457 2354 sapientissimi
1482 2306 1609 2352 atque

211 2359 337 2400 unius
357 2358 547 2400 omnium
599 2357 915 2414 erspicacissimi
940 2372 988 2399 ac
1013 2355 1369 2414 providentissimi
1391 2354 1612 2396 Pontificis

214 2416 450 2459 Clementis
481 2415 550 2457 XI
596 2448 605 2457 .
638 2415 777 2457 delata
808 2424 933 2464 sunt3
966 2415 1041 2472 qui
1066 2429 1198 2471 quum
1232 2413 1311 2454 hac
1344 2413 1472 2454 etiam
1497 2412 1611 2461 dote,

212 2489 320 2531 quae
338 2474 543 2516 maximos
560 2488 727 2530 semper
741 2473 954 2530 principes
970 2473 1170 2514 comitata
1185 2480 1260 2522 est,
1275 2469 1529 2528 spectandus
1543 2469 1610 2519 sit,

214 2541 260 2573 ut
295 2546 435 2573 amore
472 2531 708 2573 incredibili
745 2531 876 2572 bonas
911 2538 1020 2572 artes
1060 2530 1284 2586 literasque
1322 2537 1611 2585 prosequatur,

215 2589 406 2646 nihilque
447 2589 552 2640 leve,
591 2589 696 2630 nihil
736 2588 1098 2630 contemnendum
1133 2586 1370 2636 arbitretur,
1408 2586 1524 2642 quod
1560 2585 1613 2626 ad

215 2661 358 2688 earum
383 2647 544 2689 cultum
573 2656 700 2703 atque
727 2647 1035 2688 incrementum
1058 2660 1231 2702 quoquo
1259 2644 1386 2686 modo
1408 2643 1614 2699 intelligat

215 2705 438 2770 pertinere,
462 2714 551 2746 tum
576 2704 702 2746 huius
730 2705 954 2761 praecipue
983 2703 1139 2760 reperti
1167 2703 1353 2745 novitate
1383 2702 1613 2743 maximum

217 2776 261 2802 in
292 2762 464 2803 modum
496 2777 716 2818 percussus
747 2771 821 2804 est.
887 2762 1176 2811 Quamobrem
1214 2775 1299 2802 non
1333 2759 1467 2801 solum
1499 2758 1615 2815 quod

220 2818 306 2873 ipse
327 2829 435 2861 essct
456 2819 509 2861 de
533 2828 673 2861 tantae
695 2820 754 2861 rei
776 2820 951 2861 veritate
973 2820 1076 2861 mire
1099 2818 1314 2868 sollicitus,
1331 2817 1405 2859 scd
1427 2818 1551 2858 ctiam
1573 2827 1612 2855 ιιῐ

497 2944 535 2978 ,³⁸
564 2942 635 2972 Vi-l.
658 2942 815 2973 lun-nulii
835 2946 941 2972 nolum
961 2949 987 2968 vv
1009 2941 1177 2978 fragmenti
1196 2941 1248 2972 lin.
1273 2951 1337 2977 ¹23.
