1888 3194
311 125 394 163 456

517 120 881 163 SYLLABUS
924 121 1508 163 PRAECIPUARUM

443 221 543 254 tom.
566 212 625 254 II.
649 228 690 269 p.
715 216 812 254 598.
837 227 1014 269 eamque
1039 227 1235 254 excusam
1266 228 1353 255 esse
1376 213 1478 254 dicit
1498 227 1575 268 per
1595 211 1709 253 Mel-

443 269 628 311 chiorem
653 269 815 311 Sessam
838 279 880 311 et
900 270 1075 311 Petrum
1097 270 1150 312 de
1168 270 1352 312 Ravanis
1373 270 1518 319 socios,
1536 269 1605 311 die
1623 269 1704 310 III.

443 326 562 368 Maii.
638 327 844 368 Eamdem
886 342 1025 383 neque
1068 327 1293 377 Hearnius,
1331 342 1471 383 neque
1517 326 1708 368 Clericus

443 393 738 425 memorarunt.
803 384 1047 426 Editionem
1090 384 1300 426 Venetam
1342 384 1467 425 huius
1507 383 1620 433 anni,
1662 383 1707 424 in

442 441 574 482 forma
604 441 750 482 maiori
781 442 832 482 ab
856 441 970 482 Aldo
1001 456 1211 491 excusam,
1241 451 1446 483 memorat
1480 440 1708 496 Catalogus

444 497 579 540 Henr.
600 498 734 539 Hadr.
758 513 838 539 van
859 498 935 539 der
956 498 1106 539 Marck
1127 498 1383 554 toparchae
1374 514 1418 539 111
1441 499 1558 540 Leur
1576 513 1618 563 p.
1637 501 1705 539 20.

445 555 548 595 Ε1115
571 564 713 596 tamen
735 555 848 610 apud
869 554 970 595 alios
992 555 1249 596 mentionem
1270 556 1461 596 nondum
1482 555 1632 612 reperi.

318 615 440 653 1521.
476 611 667 652 Venetiis
688 612 801 666 apud
826 611 999 660 Aldum,
1022 611 1067 651 in
1087 611 1220 652 forma
1239 612 1408 653 maiore.

503 667 628 709 Hanc
661 668 891 708 editionem
926 676 1148 708 recensent
1177 668 1391 709 Hearnius
1426 677 1469 710 et
1499 669 1704 710 Clericus,

446 725 627 766 Gesneri
667 724 918 780 Catalogum
958 724 1173 774 libiorum,
1210 725 1284 781 qui
1323 725 1367 765 in
1403 726 1569 767 officina
1604 726 1708 766 Aldi

445 781 630 822 Manutii
652 780 845 822 Venetiis
876 781 1020 822 excusi
1051 791 1161 831 sunt,
1191 790 1292 824 tom.
1322 781 1406 823 III.
1438 782 1594 824 Annal.
1619 782 1708 838 Ty-

442 853 559 894 pogr.
589 838 765 879 inseruit
794 837 1056 888 Maittaire,
1046 854 1090 879 111
1118 854 1202 894 quo
1230 854 1271 895 p.
1296 841 1392 904 245.
1422 847 1709 880 memorantur

449 895 559 936 Livii
576 896 729 945 omnia,
748 904 937 936 accurate
955 896 1127 937 denuo
1117 911 1329 952 impressa,
1353 896 1396 937 in
1417 896 1517 937 folio
1537 896 1685 952 (1521.
1691 895 1709 952 )

446 951 642 994 Occurrit
661 952 786 994 etiam
803 953 847 993 in
865 953 991 994 modo
1007 953 1176 994 laudato
1197 952 1232 994 (J
1238 953 1401 1009 atalogo
1419 953 1553 995 Henr.
1571 953 1705 996 Hadr.

442 1025 523 1050 van
545 1010 621 1050 der
642 1009 806 1060 Marck,
830 1010 901 1051 ubi
912 1025 963 1075 p.
989 1014 1057 1052 21.
1082 1011 1193 1051 inter
1220 1011 1428 1052 editiones
1451 1010 1631 1052 Aldinas
1661 1011 1706 1051 in

443 1067 543 1109 folio
574 1067 654 1108 hoc
688 1067 822 1117 titulo,
850 1067 922 1123 qui
955 1067 1061 1108 forte
1096 1083 1149 1109 ex
1181 1068 1271 1123 ipso
1303 1068 1410 1110 libro
1441 1068 1599 1124 petitus
1632 1076 1706 1118 est,

442 1124 717 1166 describitur:
759 1124 855 1165 ‘Ex
892 1123 1016 1166 XIV.
1057 1125 1108 1166 T.
1146 1125 1258 1166 Livii
1293 1125 1522 1167 decadibus
1557 1125 1705 1181 prima,

444 1182 607 1231 ‘tertia,
638 1190 811 1238 quarta3
850 1181 1009 1238 duplex
1043 1182 1239 1237 epitome,
1270 1182 1398 1224 altela
1431 1198 1455 1223 a
1488 1182 1541 1223 T.
1572 1183 1705 1232 Livio,

444 1239 601 1280 ί’1110111
621 1255 645 1279 a
669 1240 717 1280 L.
735 1239 886 1289 Floro,
917 1239 1022 1296 Pol)
1014 1239 1083 1279 1111
1104 1239 1198 1280 libri
1215 1239 1268 1280 V.
1288 1240 1340 1280 de
1362 1240 1486 1281 rebus
1503 1239 1708 1281 Romanis

444 1301 455 1318 ‘
472 1297 515 1336 in
542 1297 742 1337 Latinum
765 1312 788 1337 a
811 1296 905 1337 Nic.
930 1297 1115 1346 Perott0,
1140 1311 1245 1352 quos
1266 1297 1309 1337 in
1335 1297 1474 1338 locum
1496 1296 1706 1338 secundae

444 1353 640 1394 ‘decadis
673 1354 975 1403 substituimus,
1011 1354 1111 1409 quia
1144 1354 1274 1395 multa
1306 1354 1350 1394 in
1382 1354 1462 1394 illis
1494 1354 1706 1410 leguntur,

445 1416 455 1433 ⁶
472 1425 580 1466 quae
609 1411 794 1451 secunda
820 1411 978 1451 decade
1007 1411 1345 1452 continebantur.
1407 1410 1562 1452 Venet.
1594 1411 1706 1466 apud

444 1474 455 1491 ‘
471 1467 632 1508 Aldum
658 1470 779 1509 1521.

316 1528 437 1567 1522.
472 1524 709 1566 Florentiae
751 1524 863 1580 apud
903 1524 1105 1565 haeredes
1142 1524 1330 1581 Philippi
1372 1524 1537 1575 Iuntae,
1575 1525 1707 1566 forma

355 1591 399 1622 et

516 1582 737 1638 octuplice.

315 1642 437 1680 1532.
473 1638 596 1680 Hanc
613 1639 842 1680 editionem
860 1638 1007 1679 habuit
1023 1647 1066 1679 et
1082 1639 1292 1680 consuluit
1310 1638 1343 1680 I.
1364 1638 1430 1680 Fr.
1451 1638 1705 1690 Gronovius,

441 1696 515 1752 qui
545 1697 589 1736 in
620 1696 886 1737 Praefatione
919 1704 1106 1746 testatur,
1133 1711 1225 1737 eam
1255 1711 1332 1752 per
1353 1696 1512 1738 Aldina
1531 1696 1706 1752 vestigia

440 1754 669 1802 incessisse,
703 1754 888 1794 carmine
925 1753 1050 1794 etiam
1088 1753 1131 1793 in
1168 1753 1337 1794 laudem
1372 1753 1552 1794 Asulani
1587 1769 1706 1809 prae-

440 1811 590 1866 posito.
644 1810 850 1852 Eamdem
871 1811 1081 1852 recensuit
1102 1811 1227 1852 etiam
1246 1810 1493 1852 Maittaire
1482 1826 1527 1851 111
1544 1811 1703 1852 Annal.

442 1867 710 1924 Typograph.
736 1878 834 1909 tom.
855 1867 907 1909 V.
932 1877 1024 1923 part
1046 1867 1104 1910 II.
1127 1883 1168 1924 p.
1188 1871 1257 1909 22.
1281 1869 1355 1924 qui
1376 1867 1513 1918 docet,
1531 1867 1705 1923 singulis

441 1926 576 1974 tomis,
600 1925 779 1966 decadas
807 1925 995 1981 primam,
1017 1926 1182 1966 tertiam
1205 1934 1247 1966 et
1268 1933 1459 1980 quartam
1485 1925 1705 1966 00111111011-

440 1982 564 2032 tibus,
587 1983 640 2023 ad
661 1982 818 2023 calcem
840 1982 1046 2023 adiectam
1068 1997 1156 2023 esse
1178 1982 1286 2023 hanc
1307 1981 1551 2023 formulam:
1583 1981 1704 2022 ‘Flo-

443 2040 627 2081 ‘rentiae
662 2054 738 2095 per
770 2040 970 2080 haeredes
1000 2039 1186 2094 Philippi
1214 2038 1363 2080 Iuntae
1400 2039 1701 2081 M.D.XXII.

443 2102 455 2119 ‘
470 2097 649 2152 septimo
666 2096 768 2137 Idus
786 2096 999 2152 Augusti.>
1043 2096 1195 2137 Postea
1209 2111 1308 2137 vero
1329 2103 1514 2151 repertos
1530 2095 1703 2151 quintae

440 2153 609 2194 decadis
630 2154 787 2209 priores
809 2155 997 2208 quinque
1019 2153 1157 2202 libros,
1179 2153 1264 2194 sive
1291 2167 1435 2194 eorum
1457 2153 1702 2209 fragmenta,

440 2210 588 2250 itidem
619 2226 672 2251 ex
703 2210 924 2251 Iuntarum
953 2210 1117 2251 officina
1142 2210 1357 2265 prodiisse,
1386 2210 1464 2251 hac
1496 2210 1704 2266 subscrip-

441 2267 554 2308 tione
576 2267 630 2308 ad
650 2267 778 2308 finem
796 2267 960 2307 addita:
986 2272 996 2290 ‘
1012 2267 1195 2322 impreSS.
1215 2267 1451 2308 Florentiae
1467 2267 1512 2308 in
1529 2267 1703 2309 aedibus

442 2323 676 2365 ‘Bernardi
714 2323 877 2373 Iuntae,
912 2339 1023 2365 anno
1065 2325 1267 2366 XXXII.
1302 2340 1427 2380 supra
1462 2324 1526 2366 M.
1564 2332 1608 2365 01
1643 2324 1700 2366 D.

443 2381 722 2422 ‘duodecimo
747 2380 838 2421 Cal.
863 2380 1028 2422 Μ11ἰε15.7

315 2442 439 2480 1525.
476 2438 678 2479 Coloniae
700 2438 813 2494 apud
835 2438 1037 2479 Ioannem
1063 2438 1265 2488 Soterem,
1288 2438 1332 2479 in
1353 2438 1484 2480 forma
1505 2438 1674 2479 maiore.

499 2494 641 2536 Huius
675 2495 871 2536 editionis
906 2496 1052 2537 titulus
1094 2504 1280 2544 testatur,
1321 2496 1433 2537 Livii
1467 2495 1593 2536 libros
1628 2495 1702 2535 tri-

438 2553 569 2608 ginta,
607 2554 680 2609 qui
720 2552 796 2593 soli
836 2568 887 2594 ex
929 2562 1102 2594 centum
1143 2553 1421 2617 quadraginta
1461 2561 1698 2607 supersunt,

439 2619 607 2651 auctore
641 2609 794 2651 Iacobo
833 2609 972 2659 Sobio,
1005 2610 1298 2666 castigatiores,
1331 2624 1456 2665 quam
1493 2618 1590 2650 ante
1622 2609 1700 2650 hac

438 2681 638 2723 umquam
661 2667 737 2707 visi
768 2676 877 2717 sunt,
900 2667 1066 2722 prodire
1098 2682 1208 2708 anno
1238 2668 1300 2707 M.
1313 2667 1369 2708 D.
1381 2666 1532 2707 XXV.
1557 2681 1699 2707 mense

442 2724 653 2780 Septemb.
717 2723 941 2765 Dedicatio
966 2724 1080 2765 Sobii
1102 2724 1352 2779 subscriptas
1375 2722 1596 2779 praefert‘
1615 2722 1700 2764 Ca—

440 2781 611 2822 ‘lendas
635 2780 901 2837 Septembres
922 2797 1017 2822 ann.
1042 2781 1217 2822 Domini
1243 2781 1303 2821 M.
1317 2782 1372 2822 D.
1387 2781 1550 2822 XXV?
1610 2780 1700 2822 De-

438 2838 566 2894 nique
603 2838 655 2879 ad
691 2838 846 2879 calcem
883 2838 975 2879 libri
1010 2838 1111 2879 haec
1145 2838 1269 2879 verba
1304 2837 1468 2879 adiecta
1501 2845 1693 2879 exstant:
