1888 3194
951 193 1242 232 INDEX.

446 280 528 310 quae
541 269 575 301 in
590 270 723 302 Sacrum
734 273 878 302 montem
891 272 1072 307 secesserat,

445 313 595 352 mittitur,
611 324 746 354 eamque
766 313 889 344 reducit
905 323 954 352 32.
978 313 1071 343 mori-

445 359 498 386 tur
520 365 569 395 33.
593 357 621 387 ei
642 360 790 396 sumptus
805 367 878 387 cum
898 356 1002 387 funeri
1019 357 1072 386 de-

447 402 540 436 esset,
562 399 652 438 plebs
675 410 749 430 eum
772 399 901 435 extulit,
920 398 1072 430 sextanti—

444 441 505 471 bus
520 442 645 472 collatis
659 442 691 473 in
710 442 827 481 capita,
841 442 918 473 ibid.

402 483 479 524 Agr.
492 484 674 522 Menenius,
690 485 836 515 triumvir
854 485 894 515 ad
912 483 1071 515 coloniam

447 527 587 557 Ardeam
603 527 825 558 deducendam
842 538 872 565 4,
891 537 937 558 11.

405 569 480 608 Agr.
497 569 669 600 Menenius
696 570 849 607 Lanatus,
873 580 935 600 cos.
963 579 993 607 4,
1023 577 1069 607 13.

445 611 592 642 tribunus
610 612 750 642 militum
770 623 832 643 cos.
853 615 919 651 pot.
941 622 991 649 44.
1014 611 1072 642 ite-

446 664 517 684 rum
534 662 584 694 47.

404 697 442 727 C.
456 696 639 731 Menenius,
659 707 721 727 cos.
739 705 769 735 3.
786 705 836 735 32.

405 739 443 769 L.
457 739 629 769 Menenius
645 739 798 775 Lanatus,
813 749 875 769 cos,
891 749 922 776 4,
940 747 987 770 12.

405 781 443 811 L.
456 781 637 819 Menenius,
652 781 724 812 trib.
734 781 827 812 milit.
841 791 903 812 cos.
917 785 983 820 pot.
999 779 1030 818 6,
1042 787 1072 820 5.

447 824 623 854 secundum
642 831 691 863 27.

356 900 359 902 ,
405 865 444 896 Τ.
458 866 642 903 Menenius,
658 876 720 897 cos.
736 867 822 897 male
840 876 907 897 rem
923 865 1003 905 gerit
1018 867 1072 896 ad-

449 918 554 939 versus
569 909 692 939 Tuscos
705 919 734 946 2,
748 917 796 948 51.
821 909 849 939 ei
860 909 945 939 diem
961 909 1073 939 dicunt

445 950 564 981 tribuni
588 951 692 991 plebis
719 960 768 990 52.
801 952 982 989 damnatus,
1007 962 1073 982 non

445 993 506 1023 fert
532 994 752 1033 ignominiam,
775 995 951 1033 morboque
980 995 1072 1025 absu-

446 1036 554 1073 mitur,
570 1036 646 1067 ibid.

404 1079 565 1116 Menetas,
592 1079 728 1118 Epirota
753 1078 805 1118 36,
831 1079 879 1110 28.
913 1089 986 1110 eum
1013 1079 1073 1110 sibi

447 1121 521 1152 dedi
536 1122 618 1161 petit
633 1123 692 1153 Μ’.
710 1123 832 1153 Acilius
849 1122 993 1160 Glabrio,
1009 1132 1070 1153 cos.

446 1164 522 1196 ibid.
546 1165 679 1195 Aetolos
695 1165 835 1195 concitat
850 1166 901 1204 38,
919 1174 966 1196 10.

405 1206 594 1246 Menippus,
609 1208 675 1238 dux
692 1207 837 1247 Philippi
855 1216 905 1246 27,
921 1217 971 1246 32.
998 1217 1072 1238 cum

447 1249 538 1280 mille
560 1250 707 1290 peltastis
723 1250 913 1282 Chalcidem
935 1250 1073 1280 mittitur

449 1293 500 1329 28,
517 1301 544 1332 5.

405 1334 594 1374 Menippus,
618 1336 741 1375 legatus
763 1335 915 1366 Antiochi
942 1336 983 1366 ad
1007 1336 1072 1366 Ro-

447 1387 559 1407 manos
586 1387 637 1416 34,
664 1386 714 1418 57.
758 1378 826 1409 eius
856 1377 968 1415 oratio,
997 1378 1073 1409 ibid.

446 1420 586 1450 mittitur
607 1421 649 1450 ad
670 1421 813 1458 Aetolos,
833 1421 920 1459 apud
936 1431 1015 1459 quos
1030 1421 1073 1450 vi-

446 1472 496 1492 res
512 1462 666 1493 Antiochi
684 1462 718 1493 in
739 1463 931 1494 immensum
947 1463 1074 1494 extollit

450 1513 500 1544 35,
517 1514 567 1543 32·

405 1547 532 1584 Menix,
548 1548 662 1585 insula,
678 1551 801 1578 vastata
818 1557 868 1586 22,
885 1556 935 1586 31.

405 1590 518 1627 Meno,
536 1590 772 1630 Antigonensis,
796 1591 974 1630 praefectus
999 1590 1075 1622 Per-

448 1633 492 1662 sei
509 1642 560 1671 42,
577 1633 628 1671 58.

405 1675 627 1715 Menophilus,
642 1679 800 1706 mercator
812 1675 1011 1707 Perrhaebus
1023 1687 1075 1715 44,

450 1726 500 1757 35·

405 1760 513 1797 Mens,
537 1761 621 1798 Dea,
641 1770 691 1799 22,
710 1771 757 1793 10.
790 1761 819 1792 ei
845 1762 940 1793 aedes
961 1765 1036 1792 vota
1057 1772 1077 1792 a

448 1803 488 1834 T.
506 1804 658 1842 Otacilio,
684 1808 841 1844 praetore,
867 1805 944 1836 ibid.
969 1808 1002 1835 et
1026 1814 1076 1845 23,

449 1855 498 1885 31.

404 1888 558 1919 Mensarii
582 1888 663 1920 aeris
685 1889 782 1920 alieni
805 1900 900 1921 causa
923 1889 1020 1921 creati
1046 1897 1074 1930 7,

448 1941 496 1962 21.
520 1931 667 1962 mensarii
682 1932 839 1962 triumviri
857 1942 908 1972 23,
925 1942 974 1964 21.

403 1974 527 2004 Mensis
542 1974 738 2005 intercalaris
754 1983 806 2015 37,
823 1983 873 2016 59.

404 2017 564 2047 Mentissa
580 2016 631 2055 26,
651 2024 697 2056 17.

404 2059 624 2090 Mercatorum
641 2059 811 2099 collegium
829 2069 858 2098 2,
877 2068 926 2100 27.

404 2101 595 2132 Mercenarii
631 2102 750 2133 milites
786 2104 873 2142 apud
909 2104 1075 2134 Romanos

446 2144 541 2183 primi
558 2155 608 2183 24,
624 2155 674 2186 49.
705 2155 815 2176 eorum
837 2146 998 2176 tumultus
1018 2146 1075 2186 Sy-

446 2187 564 2217 racusis
581 2195 630 2226 25,
649 2198 697 2228 29.

404 2228 584 2259 Mercurius
601 2238 630 2269 5,
650 2239 696 2268 13.
726 2229 879 2260 Mercurii
897 2231 993 2261 aedes
1009 2230 1075 2261 Idi-

446 2272 505 2302 bus
521 2272 619 2302 Maiis
639 2272 786 2302 dedicata
803 2282 831 2309 2,
849 2282 897 2303 21.
932 2273 972 2302 de
995 2273 1075 2302 aede

446 2314 600 2344 Mercurii
615 2314 793 2344 dedicanda
808 2318 969 2344 certamen
991 2314 1075 2344 inter

447 2356 593 2386 consules
621 2365 670 2395 27.
709 2356 861 2386 Mercurii
892 2360 1073 2396 promonto-

447 2398 530 2427 rium
548 2408 598 2438 29.
616 2405 664 2436 27.
687 2399 832 2428 tumulus
849 2397 899 2435 26,
915 2410 965 2436 44.

405 2440 558 2477 Mericus,
586 2440 762 2479 Hispanus,
789 2440 894 2480 prodit
918 2441 1074 2471 Romanis

447 2482 585 2513 insulam
602 2483 845 2522 Syracusanam,
862 2492 912 2523 25,
927 2493 977 2522 3ο.
1001 2494 1074 2514 cum

449 2535 564 2555 corona
586 2535 683 2555 aurea
704 2525 836 2563 incedit,
852 2530 967 2556 ovante
987 2527 1075 2557 Mar-

449 2568 544 2606 cello,
559 2571 591 2599 et
607 2567 736 2598 civitate
752 2568 848 2599 Rom.
865 2569 1002 2599 donatur
1026 2568 1075 2608 26,

451 2620 501 2641 21.

407 2653 569 2690 Messana,
587 2653 663 2683 urbs
681 2662 732 2689 21,
748 2662 797 2694 49.
822 2662 873 2691 24,
893 2663 918 2684 1.
943 2663 994 2694 29,
1012 2661 1040 2693 7,
1055 2654 1074 2685 8

449 2699 482 2725 et
497 2705 527 2736 9.
552 2699 728 2735 occupatur
741 2696 860 2726 scelere
875 2706 894 2726 a
909 2697 1074 2728 Mamerti-

449 2738 498 2768 nis
516 2738 566 2775 28,
583 2738 633 2769 28.

406 2780 562 2820 Messapii
578 2781 609 2818 8,
626 2790 675 2818 24.

408 2823 568 2860 Messene,
583 2824 657 2853 urbs
674 2823 900 2863 Peloponnesi,
915 2824 1076 2855 obsidetur

450 2867 490 2896 ab
504 2865 641 2896 Achaeis
655 2865 704 2905 36,
715 2875 764 2905 31.
789 2867 939 2897 Messenii
957 2868 1077 2906 legatos

450 2909 490 2939 ad
509 2907 701 2944 Quinctium
722 2909 866 2948 mittunt,
881 2909 1075 2947 nuntiantes,

1158 280 1192 300 se
1211 269 1379 309 Romanis,
1401 281 1466 302 non
1486 269 1636 310 Achaeis,
1657 275 1784 312 apertu-

1157 323 1209 343 ros
1223 313 1309 344 urbis
1324 317 1441 353 portas,
1456 314 1530 345 ibid.
1561 315 1712 345 Messene
1730 316 1784 346 de-

1157 355 1262 386 sciscit
1273 366 1293 386 a
1305 356 1440 387 concilio
1452 357 1655 387 Achaeorum
1671 366 1723 398 39,
1733 358 1785 396 48.

1157 397 1233 428 inde
1261 398 1359 429 oritur
1381 400 1516 436 bellum,
1535 399 1568 430 in
1589 409 1652 439 quo
1675 399 1785 430 Philo-

1156 450 1293 480 poemen
1317 442 1443 481 capitur
1456 453 1475 473 a
1491 442 1670 480 Messeniis,
1685 446 1716 473 et
1733 452 1785 473 ve-

1155 492 1239 513 neno
1258 483 1446 514 interficitur
1462 494 1502 525 49
1517 489 1550 515 et
1566 493 1615 525 50.
1646 484 1786 516 vincitur

1156 526 1196 555 ab
1213 526 1362 563 Achaeis,
1377 526 1455 558 ibid.

1114 567 1280 604 Messenii,
1295 579 1315 599 a
1333 569 1481 600 Messene
1496 568 1530 599 in
1546 570 1785 609 Peloponneso,

1159 618 1210 648 31,
1227 619 1277 648 31.
1301 620 1352 651 39,
1369 612 1419 649 48.
1450 622 1470 642 a
1485 612 1642 643 Romanis
1655 612 1785 652 ascripti

1156 652 1287 690 foederi,
1303 663 1377 683 cum
1394 653 1547 693 Philippo
1567 654 1647 685 inito
1664 664 1714 696 29,
1736 665 1785 686 12.

1157 694 1279 733 legatos
1305 695 1509 726 Achaeorum
1537 696 1605 728 sine
1633 707 1785 736 responso

1158 736 1327 768 dimittunt
1342 737 1393 775 36,
1410 747 1460 777 31.

1116 779 1231 810 Messis
1245 784 1320 810 ante
1336 780 1504 811 Kalendas
1519 781 1594 812 Iun.
1611 790 1662 821 23,
1679 790 1729 820 32.

1116 821 1211 852 Vect.
1225 822 1374 861 Messius,
1395 834 1435 853 ex
1451 823 1580 854 Volscis
1602 823 1649 854 vir
1670 823 1786 855 nobilis
1811 851 1813 853 .

1159 875 1190 903 4,
1216 865 1264 897 28.
1298 865 1365 897 eius
1390 866 1570 897 adhortatio
1592 867 1634 898 ad
1655 866 1786 906 milites,

1158 907 1234 939 ibid.

1116 949 1256 981 Metalla
1270 961 1354 982 nova
1368 951 1516 982 instituta
1536 962 1557 982 a
1573 962 1646 992 rege
1661 950 1786 991 Philip-

1158 1003 1200 1032 po
1220 1002 1271 1035 39,
1288 1003 1336 1032 24.
1366 994 1491 1025 metalli
1513 994 1717 1025 Macedonici
1739 994 1787 1025 in-

1157 1045 1233 1075 gens
1260 1036 1395 1077 vectigal
1421 1037 1584 1068 sublatum
1611 1044 1664 1076 45,
1692 1037 1730 1069 18
1753 1040 1786 1068 et

1159 1088 1209 1119 29.

1116 1120 1327 1161 Metapontus
1345 1132 1372 1160 1,
1391 1122 1438 1154 18.
1463 1122 1494 1161 8,
1516 1132 1566 1162 24.
1590 1129 1642 1162 25,
1659 1132 1708 1154 11.
1733 1128 1786 1161 27,

1162 1173 1188 1194 1.

1115 1205 1335 1247 Metapontini
1353 1207 1507 1238 deficiunt
1529 1207 1571 1238 ad
1597 1207 1720 1239 Poenos
1735 1216 1786 1246 22,

1158 1247 1209 1280 61.
1234 1257 1285 1288 25,
1305 1258 1351 1289 15.
1368 1250 1407 1281 cf.
1424 1254 1456 1281 et
1473 1258 1524 1290 27,
1543 1248 1592 1281 16.

1116 1291 1362 1331 Metapontinus
1376 1303 1450 1332 ager
1466 1302 1516 1332 24,
1532 1302 1582 1324 20.

1117 1334 1297 1372 Metaurus,
1312 1335 1428 1366 fluvius
1445 1342 1495 1374 27,
1511 1342 1561 1374 47.

1118 1376 1158 1407 L.
1170 1377 1320 1415 Metello,
1334 1378 1463 1408 tribuno
1483 1377 1598 1417 plebis,
1613 1376 1681 1409 dies
1700 1376 1788 1408 dicta

1161 1429 1212 1456 24,
1229 1429 1279 1458 43·

1120 1461 1163 1497 Q.
1181 1462 1345 1499 Metellus,
1361 1462 1473 1493 aedilis
1488 1462 1618 1501 curulis,
1631 1461 1788 1493 instaurat

1160 1505 1254 1535 ludos
1271 1512 1321 1544 27,
1338 1504 1388 1544 36.

1118 1547 1265 1586 Meteon,
1291 1547 1447 1588 oppidum
1472 1547 1657 1580 Labeatidis
1684 1551 1788 1580 terrae

1162 1600 1214 1628 44⁹
1232 1599 1282 1629 ²39
1299 1599 1349 1629 3²·

1119 1632 1315 1672 Methymna
1330 1641 1383 1673 45,
1401 1643 1450 1673 31.

1119 1675 1168 1706 Μ.
1181 1675 1339 1713 Metilius,
1351 1676 1422 1707 trib.
1439 1677 1483 1716 pl.
1495 1679 1625 1708 accusat
1639 1677 1720 1708 duos
1734 1675 1788 1708 tn‘-

1161 1718 1264 1748 bunos
1279 1718 1371 1750 milit.
1389 1726 1418 1757 5,
1437 1728 1484 1750 11.

1120 1760 1168 1791 Μ.
1183 1761 1329 1792 Metilius
1349 1761 1421 1793 trib.
1444 1762 1489 1801 pl.
1512 1771 1563 1800 22,
1582 1769 1632 1802 25.
1664 1761 1732 1793 eius
1753 1761 1789 1793 in

1162 1803 1300 1833 Fabium
1317 1803 1429 1842 oratio,
1443 1804 1520 1835 ibid.

1118 1847 1167 1877 M.
1180 1846 1337 1885 Metilius,
1353 1847 1477 1886 legatus
1491 1857 1511 1878 a
1525 1850 1638 1878 senatu
1652 1847 1694 1878 ad
1709 1857 1788 1880 coss.

1162 1897 1212 1925 25,
1231 1898 1280 1920 22.

1119 1931 1173 1971 Sp.
1191 1931 1339 1962 Metilius
1360 1933 1476 1963 absens
1495 1931 1627 1963 tertium
1646 1931 1720 1964 trib.
1741 1933 1788 1972 pl.

1161 1978 1285 2005 creatur
1304 1985 1334 2013 4,
1350 1975 1401 2013 48.
1429 1975 1626 2015 rogationem
1647 1975 1788 2015 promul-

1159 2021 1224 2056 gat,
1237 2020 1273 2047 ut
1289 2027 1364 2057 ager
1378 2028 1417 2048 ex
1432 2018 1577 2048 hostibus
1590 2021 1704 2058 captus
1717 2017 1788 2048 viri-

1160 2060 1219 2089 tim
1236 2059 1407 2098 dividatur,
1421 2060 1499 2092 ibid.

1119 2101 1158 2132 T.
1173 2102 1318 2133 Metilius
1334 2103 1444 2140 Croto,
1460 2103 1583 2142 legatus
1599 2111 1651 2142 23,
1669 2110 1720 2141 31.

1119 2144 1321 2183 Metropolis,
1342 2145 1417 2175 urbs
1436 2144 1632 2183 Thessaliae,
1655 2144 1788 2185 oppida-

1160 2197 1274 2216 norum
1297 2197 1454 2217 concursu
1473 2187 1654 2218 defenditur
1669 2196 1721 2226 32,
1740 2197 1789 2227 13.

1161 2228 1286 2268 capitur
1305 2230 1346 2259 ab
1361 2229 1522 2260 Antiocho
1538 2228 1591 2269 36,
1609 2239 1656 2261 10.
1686 2239 1720 2261 se
1734 2230 1788 2261 de-

1161 2271 1208 2301 dit
1224 2271 1380 2302 Romanis
1400 2281 1446 2309 14.

1118 2312 1391 2352 Metropolitanus
1420 2325 1554 2355 campus
1583 2314 1618 2346 in
1648 2315 1790 2355 Phrygia.

1162 2356 1213 2393 38,
1233 2364 1280 2395 15.

1118 2397 1244 2429 Mettus
1263 2398 1394 2430 Curtius
1412 2409 1439 2437 1,
1458 2409 1505 2431 12.
1535 2399 1604 2431 eius
1626 2400 1713 2431 clara
1733 2401 1789 2431 ad-

1161 2450 1267 2471 versus
1291 2442 1470 2472 Romulum
1493 2453 1612 2482 pugna,
1632 2442 1713 2473 ibid.
1743 2443 1789 2474 la-

1161 2493 1217 2514 cus
1233 2484 1363 2515 Curtius
1377 2486 1418 2515 ab
1436 2495 1474 2516 eo
1489 2485 1673 2525 appellatus
1691 2494 1741 2525 13.

1119 2525 1244 2557 Mettus
1258 2527 1427 2565 Fuffetius,
1439 2527 1575 2558 dictator
1589 2528 1789 2558 Albanorum

1162 2573 1285 2599 creatur
1304 2579 1331 2606 1,
1353 2578 1401 2608 23.
1436 2570 1504 2600 eius
1525 2569 1624 2600 oratio
1645 2570 1688 2600 ad
1710 2570 1789 2601 Tul-

1161 2611 1241 2649 lum,
1261 2611 1338 2643 ibid.
1370 2612 1506 2651 perfidia
1529 2619 1578 2652 27.
1609 2615 1642 2643 et
1667 2612 1789 2653 suppli-

1161 2653 1246 2683 cium
1265 2654 1313 2685 28.

1119 2695 1282 2734 Mevania,
1298 2696 1455 2735 oppidum
1471 2706 1502 2738 9,
1518 2705 1568 2734 41.

1119 2738 1310 2775 Mezentius,
1328 2739 1536 2769 Etruscorum
1551 2749 1618 2778 rex,
1633 2739 1720 2771 socia
1740 2750 1788 2771 ar-

1161 2791 1215 2811 ina
1231 2781 1363 2812 Rutulis
1382 2782 1533 2812 adversus
1548 2782 1704 2813 Troianos
1718 2782 1789 2813 iun-

1161 2824 1207 2863 git
1226 2833 1253 2861 1,
1271 2833 1299 2854 2.

1120 2866 1314 2903 Mezetulus,
1337 2866 1493 2905 Numida,
1520 2867 1686 2899 contendit
1714 2878 1788 2899 cum

1161 2910 1291 2949 Carpus.»
1306 2910 1345 2940 de
1360 2919 1456 2950 regno
1473 2919 1523 2952 29,
1538 2920 1586 2952 29.
1608 2921 1686 2951 gens
1701 2911 1787 2942 Mas-
