1888 3194
331 147 381 184 14
832 142 980 184 ΤΙΤΙ
1021 142 1200 185 LIVII

121 241 165 272 U.
183 240 220 272 C.
244 239 431 280 575.‘nus
461 233 594 275 factus
626 241 746 284 esset,
782 233 904 290 [civis
941 249 994 275 ne
1030 233 1183 290 esset.']
1246 233 1366 275 Haec
1401 233 1621 290 impetrata
1660 232 1745 276 abs

121 284 160 315 A·
183 284 221 315 C.
247 291 314 322 177-
328 299 484 332 senatu.

197 356 233 394 9,
385 348 628 390 Provinciae
660 348 827 397 deinde,
857 364 963 404 quae
990 349 1034 389 in
1061 349 1170 390 bello
1202 357 1332 398 erant,
1364 348 1556 390 Sardinia
1584 355 1710 404 atque

328 406 449 447 Istria
469 406 672 447 decretae.
734 405 785 447 In
811 405 1042 447 Sardiniam
1065 406 1171 447 duae
1200 406 1385 462 legiones
1406 406 1529 447 scribi
1550 406 1707 455 iussae3

327 464 456 520 quina
477 463 606 504 millia
626 464 669 504 in
691 463 873 519 singulas
902 473 944 505 et
965 464 1118 505 duceni
1146 464 1321 519 pedites,
1345 463 1503 504 treceni
1523 463 1708 518 equites;

327 530 369 562 et
390 521 611 562 duodecim
634 520 763 561 millia
783 521 972 576 peditum
994 522 1198 562 sociorum
1221 537 1267 562 ac
1290 521 1430 562 Latini
1453 521 1645 570 nominis,
1667 529 1711 562 et

326 578 512 620 sexcenti
529 578 705 634 equiteS,
725 587 767 619 et
788 578 934 619 decem
952 579 1274 634 quinqueremes
1295 593 1430 627 naves,
1449 578 1482 618 si
1503 578 1709 619 deducere
1723 582 1743 615 6

327 652 380 677 ex
408 635 622 677 navalibus
649 635 783 677 vellet.
847 636 885 676 Γ
888 636 1117 677 antundem
1146 636 1336 691 peditum
1361 636 1634 691 equitumque
1666 636 1710 675 in

327 693 503 742 Istriam,
537 702 740 748 quantum
771 693 815 733 in
850 692 1095 742 Sardiniam,
1128 693 1353 734 decretum.
1418 692 1474 733 Et
1503 693 1710 747 legionem

327 766 452 792 unam
482 766 577 791 cum
608 751 817 805 equitibus
842 751 1051 799 trecentis,
1081 759 1123 791 et
1151 751 1338 805 quinque
1364 750 1494 790 millia
1520 750 1710 805 peditum

327 809 546 857 sociorum,
562 816 604 848 et
625 808 828 848 ducentos
850 807 1156 862 quinquaginta
1177 808 1340 848 mittere
1364 807 1525 862 equites
1545 807 1589 847 in
1611 806 1743 847 His-7

326 866 495 921 paniam
527 864 716 905 consules
747 864 800 905 ad
831 864 892 905 M.
918 864 1124 905 Titinium
1158 864 1267 905 iussi.
1329 864 1580 920 Priusquam
1612 879 1712 905 con-

326 923 434 964 sules
455 922 687 978 provincias
708 922 964 971 sortirentur,
987 921 1177 978 prodigia
1204 922 1395 963 nuntiata
1415 930 1522 963 sunt.
1585 921 1713 978 Lapi-

325 980 449 1021 (16111
440 995 483 1020 111
497 994 595 1035 agro
615 978 887 1020 Crustumino
902 979 946 1020 in
962 979 1103 1020 lucum
1126 979 1276 1020 Martis
1293 979 1345 1020 de
1360 979 1477 1020 coelo
1491 979 1708 1020 cecidisse:

324 1052 501 1094 puerum
524 1037 660 1078 trunci
682 1037 864 1093 corporis
886 1037 929 1077 in
952 1052 1049 1092 agro
1074 1037 1266 1078 Romano
1287 1045 1444 1086 natum,
1467 1045 1509 1077 et
1529 1036 1743 1092 quadra-8

324 1095 476 1151 pedem
505 1109 685 1150 anguem
712 1095 869 1135 visum.
904 1103 946 1135 et
977 1094 1149 1150 Capuae
1178 1094 1345 1135 multa
1335 1110 1379 1134 111
1406 1094 1494 1135 foro
1523 1094 1712 1136 aedificia

326 1153 377 1193 de
409 1152 526 1193 coelo
557 1160 688 1193 tacta·
722 1161 764 1193 et
793 1151 980 1193 Puteolis
1005 1152 1107 1193 duas
1133 1167 1258 1193 naves
1284 1152 1469 1193 fulminis
1495 1151 1582 1193 ictu
1612 1167 1712 1193 con-

326 1219 528 1251 crematas
549 1225 648 1251 esse.
710 1209 828 1250 Inter
848 1209 963 1259 haec,
983 1225 1089 1265 quae
1111 1210 1424 1259 nuntiabantur,
1442 1209 1564 1265 lupus
1585 1209 1712 1250 etiam

327 1267 488 1308 Romae
512 1267 696 1308 interdiu
717 1267 907 1323 agitatus,
931 1282 1061 1323 quum
1086 1266 1253 1308 Collina
1273 1277 1391 1323 porta
1412 1267 1614 1316 intrasset,
1637 1282 1713 1323 per

328 1324 591 1381 Esquilinam
618 1340 769 1381 magno
791 1325 1121 1366 consectantium
1149 1325 1332 1366 tumultu
1353 1325 1490 1366 evasit.
1554 1324 1712 1366 Eorum

326 1382 612 1438 prodigiorum
634 1397 756 1423 causa
776 1382 965 1423 consules
993 1383 1168 1423 maiores
1193 1382 1346 1424 hostias
1366 1381 1646 1432 immolarunt,
1669 1390 1712 1424 et

327 1440 440 1480 diem
462 1455 593 1481 unum
614 1440 723 1481 circa
743 1440 883 1481 omnia
903 1439 1136 1496 pulvinaria
1155 1440 1401 1496 supplicatio
1422 1440 1511 1481 fuit.
1577 1439 1712 1481 Sacri-

328 1497 432 1539 ficiis
459 1498 536 1538 rite
564 1498 770 1553 perfectis,
793 1497 1026 1553 provincias
1053 1497 1186 1538 sortiti
1214 1506 1333 1539 sunt:
1370 1497 1550 1539 Claudio
1578 1497 1711 1547 Istria,

331 1553 579 1611 Sempronio
619 1555 809 1596 Sardinia
844 1555 1024 1596 obvenit.
1087 1555 1248 1611 Legem
1283 1555 1383 1596 dein
1418 1555 1470 1596 de
1506 1556 1626 1596 sociis
1659 1554 1710 1596 C.

332 1611 535 1654 Claudius
563 1612 659 1653 tulit
686 1628 739 1653 ex
766 1612 1136 1662 senatusconsulto,
1159 1621 1201 1654 et
1228 1612 1385 1654 edixit.
1422 1612 1519 1668 ‘qui
1546 1613 1646 1654 socii
1666 1628 1713 1654 ac

330 1670 535 1711 ‘nominis
575 1669 731 1720 Latini,
766 1670 845 1726 ipsi
880 1670 1106 1711 maioresve
1148 1685 1305 1719 eorum,
1342 1669 1405 1711 M.
1432 1669 1625 1721 Claudio,
1660 1670 1711 1712 T.

330 1732 342 1751 ‘
361 1726 562 1775 Quinctio
603 1727 855 1777 censoribus,
888 1736 1066 1783 postque
1108 1743 1168 1776 ea,
1210 1727 1323 1783 apud
1361 1727 1493 1770 socios
1532 1728 1714 1769 nominis

331 1790 342 1809 ‘
359 1784 501 1826 Latini
529 1785 643 1826 censi
670 1793 819 1834 essent,
843 1793 890 1826 ut
917 1800 1061 1826 omnes
1088 1785 1131 1825 in
1153 1800 1269 1826 suam
1297 1785 1474 1841 quisque
1502 1786 1714 1827 civitatem

331 1848 454 1883 ‘ante
488 1842 702 1883 Kalendas
734 1842 994 1883 Novembres
1028 1842 1238 1883 redirent.’
1301 1842 1516 1892 Quaestio,
1548 1843 1621 1898 qui
1656 1843 1715 1884 ita

329 1915 415 1940 non
436 1899 654 1948 redissent,
677 1899 726 1939 L.
744 1898 954 1939 Mummio
971 1899 1152 1954 praetori
1168 1899 1335 1940 decreta
1356 1908 1427 1940 est.
1490 1899 1562 1940 Ad
1577 1899 1713 1956 legem

330 1965 374 1997 et
403 1956 588 1996 edictum
616 1955 796 1996 consulis
826 1955 1231 1996 senatusconsultum
1259 1956 1469 1997 adiectum
1496 1965 1580 1998 est:
1626 1963 1712 2007 ‘ut,

332 2012 955 2062 ((116ῐᾶ101,60113111,11116116Χ,
982 2027 1138 2062 censor,
1161 2021 1338 2069 praetor,
1362 2013 1435 2069 qui
1463 2022 1563 2055 tunc
1593 2023 1712 2064 esset,

333 2070 469 2126 ‘apud
490 2085 634 2111 eorum
661 2084 786 2125 quem
813 2070 886 2125 qui
907 2070 1282 2120 manumitteretur,
1304 2070 1348 2111 in
1368 2070 1603 2113 libertatem
1623 2072 1746 2115 vin-9

333 2128 576 2177 ‘dicaretur,
604 2138 650 2168 ut
679 2126 968 2168 iusiurandum
998 2127 1129 2177 daret,
1157 2128 1230 2183 qui
1260 2142 1356 2168 eum
1387 2130 1713 2181 manumitteret,

118 474 299 506 Exercitus.

94 890 102 899 Ι
117 871 276 912 Prodigia.

120 1560 191 1608 Lex
203 1561 242 1591 de
256 1561 315 1592 La-

118 1606 202 1634 tmrs.

376 2266 392 2295 5
418 2257 505 2286 Civis
519 2267 560 2287 ne
574 2259 669 2295 esset]
693 2257 767 2287 Hoc
779 2256 941 2287 adiectum
955 2260 1002 2288 est

332 2309 373 2329 ex
396 2303 503 2329 mente
525 2299 657 2338 Sigonii,
672 2303 708 2329 ut
729 2300 912 2339 expleretur
932 2310 1001 2330 sen-

332 2351 404 2372 sus:
431 2341 489 2371 nisi
514 2343 611 2381 quod,
631 2352 730 2381 quum
753 2342 809 2372 ille
832 2342 926 2372 scribi
950 2353 1000 2373 vo-

332 2384 439 2420 luerit,
452 2385 530 2414 civis
544 2395 608 2414 nrm
624 2389 713 2421 esset,
725 2384 899 2415 maluimus
911 2385 1001 2424 sequi

333 2426 537 2464 Bouianum,
549 2426 603 2465 qui
620 2428 766 2457 observat
781 2427 952 2457 formulam
968 2427 1001 2457 in

332 2469 551 2499 sanctionibus
566 2469 750 2499 huiusmodi
768 2473 931 2508 receptam
947 2480 1000 2500 ex-

332 2511 416 2550 igere
433 2511 539 2550 potius
553 2522 605 2549 ne,
621 2521 717 2551 quam
732 2522 807 2543 non.
831 2512 938 2543 ΟΜΝ.

375 2552 395 2584 6
416 2554 452 2584 Sz'
470 2555 625 2585 deducere
644 2565 683 2585 εκ
703 2555 874 2585 navalibus
889 2556 997 2593 vellet]

334 2595 506 2631 Quaenam
525 2596 582 2626 illa
597 2596 755 2627 dubitatio
772 2601 819 2627 est
833 2601 846 2627 Ρ
869 2600 925 2627 aut
945 2608 1002 2627 cur

332 2638 434 2668 nollet
450 2639 560 2669 consul
577 2649 674 2669 naves
689 2649 706 2669 e
722 2639 889 2669 navalibus
904 2640 1002 2670 dedu-

334 2684 428 2711 cere?
467 2681 650 2712 Gronovius
680 2682 768 2721 legit,
797 2693 877 2722 quas
906 2683 1001 2712 dedu-

333 2728 417 2755 ceret
453 2734 493 2754 eoe
529 2725 645 2764 quibus
688 2726 856 2755 navalibus
901 2726 1002 2756 vellet.

335 2766 444 2797 szv.

378 2815 394 2846 7
418 2809 553 2839 Μίίίενε
577 2833 584 2839 .
601 2833 608 2840 .
627 2832 635 2839 .
659 2810 694 2839 in
723 2810 921 2849 IIispaniam
946 2834 953 2840 .
971 2833 978 2839 .
995 2833 1003 2840 .

335 2851 378 2880 ad
404 2852 453 2881 M.
472 2851 641 2891 Titinium]
677 2852 729 2882 Ex
756 2852 816 2882 hoe
841 2853 911 2882 loco
941 2853 1004 2883 col-

338 2893 415 2932 legit
442 2893 574 2934 Pighius
602 2894 698 2925 fuisse
724 2894 883 2934 superiore
909 2905 1005 2933 anno,

1046 2261 1172 2297 praeter
1187 2258 1237 2290 M.
1248 2257 1406 2289 Titinium
1424 2262 1602 2298 praetorem
1617 2261 1716 2300 urbis,

1046 2300 1143 2330 etiam
1180 2301 1317 2331 alterum
1355 2302 1404 2332 M.
1429 2301 1587 2333 Titinium
1625 2313 1714 2343 prae-

1045 2346 1159 2380 torem,
1175 2343 1226 2373 cui
1244 2343 1437 2383 Hispaniam
1460 2344 1639 2376 citeriorem
1660 2347 1714 2376 ob-

1044 2385 1151 2424 tigisse
1166 2389 1301 2425 apparet
1317 2386 1389 2417 infr.
1407 2386 1457 2418 26.
1480 2387 1587 2419 CREv.

1087 2427 1105 2457 8
1129 2429 1275 2458 Puerum
1286 2430 1393 2459 trunci
1406 2430 1562 2469 corporis]
1582 2430 1714 2461 Brachi-

1044 2470 1112 2500 isne
1127 2474 1301 2508 carentem,
1312 2481 1353 2501 an
1367 2471 1473 2511 capite
1485 2475 1498 2502 Ρ
1537 2472 1612 2503 Vox
1628 2473 1714 2503 enim

1045 2514 1153 2543 trunci
1169 2513 1319 2553 ambigua
1334 2517 1391 2545 est.
1415 2514 1521 2545 ΟΜΝ.

1086 2565 1106 2596 9
1128 2557 1231 2595 Apud
1258 2567 1366 2587 eorum
1396 2567 1487 2597 quem
1516 2558 1573 2597 qui
1601 2568 1714 2589 manu-

1044 2599 1239 2636 mitteretur]
1283 2598 1343 2636 Ut,
1369 2598 1424 2637 qui
1455 2599 1542 2639 apud
1573 2599 1714 2639 aliquem

1046 2650 1167 2677 eorum,
1211 2651 1254 2671 sc.
1292 2641 1496 2679 dictatorum,
1534 2643 1714 2681 consulum,

1045 2683 1222 2713 aliorumve
1252 2684 1508 2723 magistratuum,
1530 2685 1714 2722 {manumit-

1046 2729 1200 2763 terentur,
1230 2725 1294 2755 illis
1324 2726 1527 2765 magistratus
1560 2726 1715 2758 iusiuran-

1047 2768 1125 2798 dum
1150 2768 1250 2805 daret,
1267 2778 1329 2807 quo
1354 2768 1495 2799 iurarent
1519 2779 1552 2800 se
1577 2769 1715 2800 civitatis

1048 2811 1222 2842 mutandae
1259 2821 1355 2842 causa
1397 2821 1460 2842 non
1504 2812 1716 2844 manumissos

1048 2863 1125 2885 esse.
