1888 3194
938 200 1233 240 INDEX.

438 280 501 313 tur,
516 285 550 306 se
565 285 639 306 cum
655 275 755 316 copiis
770 275 833 307 suis
853 275 887 307 in
903 277 1065 307 Aetoliam

440 321 622 357 venturum,
636 318 713 349 ibid.
737 318 800 350 vid.
818 323 850 350 et
867 326 917 358 37,
933 329 961 359 3.

399 359 605 392 Ptolemaeus
628 361 740 400 maior,
763 361 829 393 sive
855 362 1066 399 Philometor,

441 407 473 433 et
490 404 696 434 Ptolemaeus
718 404 832 441 minor,
847 405 913 436 sive
929 405 1066 445 Everge-

440 450 488 476 tes
519 447 568 477 vel
607 447 768 487 Physcon,
797 447 856 478 filii
888 447 1066 478 Ptolemaei

441 488 624 529 Epiphanis
650 501 702 529 44,
729 500 776 531 19.
815 501 923 521 eorum
954 490 1067 520 discor-

440 531 523 569 diae,
541 532 616 563 ibid.
652 537 684 563 et
707 533 923 564 reconciliatio
945 542 997 572 45,
1021 542 1067 563 11.

440 574 581 614 Aegypti
599 585 743 615 regnum,
758 576 845 606 brevi
867 576 906 606 iis
927 576 1068 605 adimen-

440 617 518 647 dum
533 619 574 647 ab
590 617 751 648 Antiocho
768 618 952 657 Epiphane,
968 628 1068 648 serva-

441 662 494 688 tur
508 669 527 689 a
544 660 701 690 Romanis
716 661 828 699 legatis
847 670 893 691 12.

400 701 578 732 Ptolemaei
595 706 701 732 statua
719 712 768 741 23,
789 712 835 733 10.

402 744 594 774 Publicanus
610 745 664 774 ubi
683 749 741 781 est,
756 744 799 774 ibi
820 749 876 774 aut
896 744 945 774 ius
967 744 1069 783 publi-

443 796 514 815 cum
534 797 662 823 vanum,
678 793 733 817 aut
750 787 879 817 libertas
895 787 986 817 sociis
1001 788 1070 817 nul-

441 829 474 858 la
499 837 551 866 45,
581 830 628 859 18.
672 830 917 869 publicanorum
949 830 1071 868 privata

425 871 579 910 pecunia
608 882 658 902 res
690 872 821 911 publica
850 872 1071 902 administrata

443 922 494 952 23,
510 914 562 952 48,
578 924 627 955 49.
666 925 775 944 eorum
798 915 885 945 fraus
909 915 940 945 in
964 926 1070 945 emen-

441 955 559 986 tiendis
588 957 760 997 naufragiis
790 967 840 997 25,
868 968 894 997 3.
940 959 1070 988 tmbant

443 999 614 1029 concilium
633 1000 746 1039 plebis,
763 1000 838 1031 ibid.
856 1004 888 1030 et
904 1012 933 1039 4.

399 1041 436 1073 Ο.
456 1041 618 1072 Publicius
634 1043 781 1079 Bibulus,
804 1043 875 1074 trib.
900 1044 943 1082 pl.
967 1042 1070 1073 inimi-

443 1094 498 1114 cus
514 1085 672 1116 Marcello
691 1094 740 1124 27,
758 1095 806 1116 20.
839 1089 968 1116 accusat
984 1086 1070 1116 Mar-

443 1127 561 1157 cellum
578 1132 610 1158 et
626 1138 753 1158 omnem
770 1128 972 1159 nobilitatem
991 1138 1040 1160 21.

401 1169 439 1200 L.
460 1170 620 1201 Publicius
643 1171 792 1208 Bibulus,
814 1171 886 1202 trib.
913 1171 1007 1202 milit.
1031 1172 1070 1201 de

443 1212 567 1252 legione
583 1214 724 1243 secunda
742 1223 791 1250 22,
808 1223 857 1252 53.

401 1255 563 1286 Publicius
579 1256 681 1286 clivus
699 1255 751 1292 26,
767 1266 813 1287 10.
840 1264 890 1294 27,
907 1264 956 1294 37.

402 1298 540 1328 Publilia
554 1299 655 1328 tribus
670 1299 780 1329 addita
799 1307 826 1337 7,
847 1308 893 1337 15.

400 1341 437 1371 C.
454 1341 609 1371 Publilius
621 1342 661 1371 ob
673 1352 726 1371 aes
741 1341 882 1371 alienum
900 1344 1069 1381 paternum

441 1393 545 1413 nexus
561 1384 590 1421 8,
609 1384 657 1413 28.

400 1425 436 1456 L.
453 1425 608 1456 Publilius
626 1426 774 1463 Volscus,
788 1426 860 1456 t1ib.
882 1426 975 1456 milit.
997 1437 1069 1457 con-

442 1468 538 1498 sulari
555 1472 713 1508 potestate
730 1476 760 1507 5,
780 1479 826 1499 12.

401 1511 444 1547 Q.
475 1511 640 1548 Publilius,
670 1511 742 1541 trib.
778 1512 822 1551 pl.
852 1511 884 1541 in
916 1511 1071 1541 seditione

442 1553 609 1584 Manliana
625 1557 754 1584 senatus
770 1554 883 1593 probat
896 1554 1029 1584 consilia
1041 1553 1071 1591 6,

446 1605 492 1636 19.
520 1596 647 1626 Manlio
664 1596 748 1626 diem
766 1596 843 1626 dicit
861 1606 910 1627 20.

401 1639 444 1674 Q.
459 1638 625 1677 Publilius,
641 1639 830 1678 quinquevir
849 1639 1025 1669 mensarius
1043 1647 1071 1678 7,

441 1691 490 1713 21.

400 1724 443 1760 Q.
462 1724 618 1755 Publilius
644 1724 745 1761 Philo,
768 1734 829 1755 cos.
849 1724 880 1762 8,
899 1734 945 1755 12.
983 1724 1069 1755 Lati-

441 1777 498 1798 nos
531 1767 723 1797 rebellantes
752 1766 869 1804 fundit,
900 1770 931 1797 et
963 1768 1071 1798 castris

441 1809 541 1847 exuit,
557 1809 632 1841 ibid.
665 1810 802 1840 dictator
817 1809 932 1847 dictus,
948 1814 1012 1840 tres
1027 1811 1070 1840 le-

439 1863 493 1892 ges
519 1853 579 1882 fert
605 1852 849 1883 secundissimas
871 1852 970 1892 plebi,
992 1853 1069 1884 ibid.

440 1896 564 1935 primus
590 1899 717 1934 praetor
746 1895 892 1934 plebeius
920 1904 966 1935 15.
1004 1905 1069 1925 rna-

439 1938 537 1978 gister
559 1938 656 1977 equit.
681 1938 786 1968 dictus
809 1937 855 1968 16.
894 1948 1004 1968 censor
1023 1945 1069 1976 17.

441 1981 552 2011 consul
569 1981 684 2011 iterum
702 1990 750 2011 22.
780 1981 903 2010 bellum
921 1981 1001 2019 gerit
1016 1982 1070 2011 ad-

441 2034 548 2054 versus
566 2023 826 2063 Palaepolitanos
842 2033 879 2053 22
896 2028 927 2053 et
942 2033 989 2063 23.
1009 2024 1069 2055 vid.

441 2070 472 2096 et
491 2074 539 2105 25.
575 2066 603 2097 ei
630 2066 773 2096 omnium
799 2065 901 2105 primo
924 2076 1070 2105 proroga-

441 2113 511 2138 tum
528 2108 711 2148 imperium,
721 2113 753 2138 et
766 2109 860 2139 datus
875 2113 946 2148 post
962 2113 1070 2139 actum

441 2151 595 2181 honorem
623 2151 806 2190 triumphus
834 2150 881 2182 26.
920 2161 982 2182 cos.
1010 2155 1069 2181 ter-

441 2193 523 2223 tium
539 2204 570 2234 9,
589 2201 614 2233 7.
645 2194 742 2224 vincit
758 2194 917 2225 Samnites
937 2203 982 2232 13.
1007 2194 1068 2224 vid.

441 2239 474 2266 et
493 2246 530 2273 14
546 2241 577 2266 et
598 2244 644 2274 15.

400 2277 438 2309 T.
461 2279 616 2309 Publilius
637 2289 738 2319 augnir
760 2279 800 2308 de
823 2279 919 2318 plebe
946 2283 1071 2309 creatur

445 2330 493 2357 10,
531 2344 538 2351 .

400 2362 475 2393 Vol.
492 2330 658 2399 PqibliliuS,
673 2363 770 2392 homo
791 2363 830 2392 de
854 2363 960 2402 plebe,
976 2368 1069 2402 negat

441 2414 474 2435 se
497 2404 563 2434 fieri
587 2405 703 2434 debere
721 2404 857 2435 militem
883 2415 911 2443 2,
935 2413 984 2443 55.
1014 2416 1069 2445 ap-

441 2447 543 2486 pellat
558 2446 713 2484 tribunos,
728 2447 803 2477 ibid.
834 2448 980 2478 consules
998 2458 1067 2487 spo-

441 2489 511 2519 liari
527 2489 702 2519 Publilium
719 2489 840 2527 iubent,
856 2490 931 2520 ibid.
957 2501 1067 2530 provo-

441 2535 493 2562 cat
516 2533 555 2562 ad
579 2533 748 2571 populum,
769 2532 844 2562 ibid.
883 2533 1069 2572 praevalens

441 2574 520 2614 ipse,
536 2578 568 2604 et
588 2574 812 2605 adiuvantibus
834 2575 1006 2612 advocatis,
1022 2586 1067 2606 re-

442 2617 535 2656 pellit
551 2617 707 2654 lictorcm,
723 2617 797 2648 ibid.
830 2618 966 2648 comitiis
983 2629 1066 2649 crea—

441 2663 493 2690 tur
507 2659 653 2690 tribunus
674 2660 776 2699 plebis
792 2659 841 2699 56.
872 2661 1068 2700 rogationem

440 2702 502 2732 fert
529 2702 570 2732 ad
601 2703 770 2742 populum,
796 2707 831 2733 ut
858 2703 975 2742 plebeii
1002 2714 1067 2734 ma-

440 2744 589 2785 gistratus
611 2745 737 2775 tributis
760 2746 838 2775 fiant
859 2746 1007 2784 comitiis,
1024 2746 1066 2777 ib.

440 2797 460 2818 a
475 2787 569 2827 plebe
585 2787 730 2817 tribunus
746 2788 896 2826 reficitur,
911 2788 986 2819 ibid.

399 2829 474 2861 Vol.
502 2829 665 2867 Publilius,
691 2831 761 2861 trib.
789 2830 882 2862 milit.
908 2831 1065 2861 consulari

440 2875 598 2911 potestate
614 2881 644 2911 5,
664 2882 710 2911 13.

400 2915 575 2946 Pudicitiae
594 2915 746 2954 patriciae
768 2916 921 2947 sacellum
945 2916 977 2946 iu
999 2917 1065 2947 foro

1151 277 1260 308 boario
1280 287 1328 315 10,
1345 286 1394 317 23.
1431 276 1577 318 plebeiae
1591 287 1657 314 ara,
1671 287 1692 307 a
1706 275 1778 307 Vir-

1151 320 1248 360 ginia,
1263 320 1340 351 Auli
1355 320 1434 358 filia,
1450 320 1627 358 dedicatur,
1638 318 1715 350 ibid.

1115 362 1204 393 Pueri
1225 363 1365 393 Romani
1389 363 1505 394 erudiri
1528 362 1613 393 soliti
1636 361 1713 392 olim
1736 360 1780 391 E-

1152 406 1265 436 truscis
1282 406 1393 444 literis,
1407 410 1443 436 ut
1459 410 1565 436 aetate
1581 404 1664 436 Livii
1681 404 1780 434 Grae-

1154 448 1198 478 cis
1216 458 1247 490 9,
1263 447 1312 487 36.
1349 449 1439 488 pueri
1462 448 1538 488 regii
1560 447 1648 487 apud
1670 446 1779 477 Mace-

1154 492 1254 521 donas
1270 499 1321 529 45,
1336 491 1365 522 6.
1402 494 1569 521 transeunt
1594 490 1635 520 ad
1659 490 1780 520 Roma-

1154 543 1222 570 nos,
1238 533 1313 564 ibid.

1115 576 1242 614 Pugnae
1259 576 1480 606 Romanorum
1501 579 1664 606 terrestres
1678 578 1711 604 et
1725 583 1780 604 na-

1157 618 1243 647 vales
1267 628 1294 655 1,
1317 627 1367 656 3ο.
1391 630 1422 656 4,
1437 627 1486 657 33.
1513 625 1542 656 7,
1562 618 1593 655 8,
1615 616 1653 648 26
1676 620 1708 647 et
1731 623 1781 656 27.

1157 660 1188 695 8,
1208 669 1219 689 1
1239 664 1271 689 et
1287 660 1336 699 38.
1360 671 1392 701 9,
1411 669 1459 699 13,
1478 670 1527 697 21,
1540 669 1589 697 22,
1604 669 1654 698 23,
1668 667 1718 699 27,
1732 668 1782 699 32,

1158 711 1209 741 35,
1225 703 1276 740 38³
1293 712 1344 743 39³
1361 713 1401 740 40
1417 708 1448 733 et
1465 714 1515 741 44·
1542 711 1591 740 10,
1604 711 1634 739 ²9
1646 711 1676 740 3⁹
1689 709 1718 740 59
1734 711 1782 740 ¹²5

1160 755 1208 783 14⁵
1229 755 1278 786 19,
1295 753 1344 784 ²7³
1361 754 1412 783 31,
1430 744 1469 784 36
1485 749 1583 783 81:41.
1608 753 1660 781 ²¹9
1676 753 1727 783 ⁵02
1743 751 1781 783 55

1157 792 1189 817 et
1206 795 1255 826 57.
1281 798 1331 825 22,
1349 796 1378 826 5,
1394 787 1425 824 6,
1443 796 1471 827 7,
1491 786 1538 824 16,
1558 796 1594 828 19
1610 790 1642 817 et
1658 794 1709 826 47.
1733 795 1784 825 23,

1157 840 1209 868 40,
1230 840 1281 868 41,
1302 842 1352 869 44.
1383 841 1433 868 24,
1453 840 1503 868 41.
1534 838 1584 869 27,
1603 839 1650 860 12.
1680 838 1731 870 29,
1755 838 1784 859 2.

1158 882 1209 911 339
1230 883 1259 914 9·
1292 882 1343 911 349
1363 883 1410 912 14³
1430 881 1478 912 15,
1499 871 1548 911 46·
1581 880 1631 912 35⁹
1654 881 1681 909 ¹9
1702 879 1732 910 59
1755 878 1784 910 79

1159 926 1195 945 22
1214 921 1245 945 et
1263 925 1310 957 29.
1343 915 1394 955 36,
1414 917 1461 953 18,
1479 927 1529 954 44.
1561 923 1612 954 37,
1630 924 1679 954 23,
1697 923 1737 953 3ο
1752 916 1785 944 et

1157 968 1291 997 41—44·
1315 967 1513 1000 39230—33-
1534 967 1649 1004 40242·
1671 966 1784 995 44‚41·

1156 1011 1283 1040 pugnae
1306 1002 1512 1031 simulacrum
1536 1003 1694 1031 exercltus
1713 999 1784 1030 Ma-

1158 1044 1301 1074 cedonici
1317 1054 1369 1082 40,
1385 1043 1413 1075 6.

1118 1087 1245 1116 Pulchri
1262 1086 1513 1126 promontorium
1533 1095 1584 1126 29,
1601 1091 1649 1124 27.

1117 1130 1274 1160 Pullarius
1289 1130 1320 1167 8,
1336 1139 1386 1168 30.
1420 1128 1548 1159 nuntiat
1570 1126 1713 1167 auspicia
1738 1136 1785 1157 se-

1157 1173 1262 1202 cunda
1274 1182 1304 1213 9,
1319 1182 1365 1210 14.
1389 1171 1546 1212 pullarius
1557 1171 1590 1201 in
1605 1168 1785 1210 auspicium

1156 1215 1280 1252 missus,
1296 1215 1450 1245 mentitur
1470 1213 1649 1253 auspicium
1669 1221 1717 1250 10,
1733 1221 1784 1251 40.

1156 1257 1239 1287 inter
1260 1258 1364 1297 prima
1382 1257 1470 1296 signa
1486 1255 1689 1293 constitutus,
1703 1254 1786 1284 ictus

1157 1300 1224 1339 pilo
1245 1300 1342 1337 cadit,
1360 1299 1435 1330 ibid.
1474 1298 1629 1338 pullarius
1649 1300 1786 1328 testatur

1156 1343 1189 1372 111
1220 1342 1362 1382 auspicio
1392 1342 1505 1372 vitium
1534 1340 1632 1371 fuisse
1657 1349 1709 1379 41,
1735 1349 1784 1370 22.

1157 1385 1285 1424 pullarii
1308 1385 1503 1415 altercantur
1518 1384 1558 1413 de
1575 1382 1718 1422 auspicio
1736 1391 1786 1420 10,

1158 1437 1207 1465 40.
1243 1427 1372 1467 pullarii
1390 1427 1473 1457 inter
1489 1425 1593 1465 prima
1607 1424 1697 1464 signa
1712 1435 1785 1455 con-

1158 1470 1272 1507 stituti,
1288 1470 1363 1500 ibid.

1117 1512 1201 1543 Pulli
1227 1513 1252 1542 si
1279 1523 1343 1542 non
1368 1515 1553 1551 pascuntur,
1575 1509 1600 1541 si
1623 1520 1664 1540 ex
1690 1520 1787 1541 cavea

1157 1555 1280 1585 tardius
1306 1554 1452 1592 exierint,
1477 1554 1654 1584 infaustum
1679 1553 1786 1593 auspi-

1159 1597 1242 1628 cium
1260 1602 1306 1628 est
1322 1596 1353 1635 6,
1369 1607 1419 1635 41.

1117 1640 1297 1671 Pulvinaria
1318 1651 1373 1670 sex
1393 1639 1466 1670 Diis
1481 1638 1650 1670 duodecim
1668 1647 1720 1676 22,
1738 1647 1785 1669 10.

1158 1683 1298 1723 quinque
1319 1683 1385 1713 dies
1408 1682 1491 1713 circa
1511 1681 1619 1712 omnia
1640 1680 1786 1721 pulvina-

1156 1727 1203 1757 ria
1213 1726 1431 1766 supplicatum
1445 1734 1497 1764 3ο,
1509 1734 1557 1756 21.
1581 1724 1665 1754 circa
1678 1723 1787 1754 omnia

1156 1768 1338 1809 pulvinaria
1367 1767 1542 1799 obsecratio
1571 1767 1658 1797 facta
1682 1776 1732 1806 31,
1755 1775 1786 1807 9.

1158 1821 1209 1851 32,
1223 1821 1247 1841 1.
1273 1811 1414 1842 coronati
1429 1811 1471 1841 ad
1483 1809 1592 1840 omnia
1606 1808 1787 1849 pulvinaria

1156 1854 1378 1894 supplicarunt
1394 1862 1446 1893 34,
1462 1860 1512 1892 55.

1115 1898 1237 1929 Punica
1260 1896 1393 1937 perfidia
1419 1905 1469 1934 21,
1488 1906 1518 1933 4.
1553 1894 1665 1935 religio
1685 1903 1737 1933 22,
1755 1892 1785 1925 6.

1160 1940 1296 1971 Punicae
1313 1939 1468 1969 versutiae
1485 1947 1536 1976 42,
1553 1945 1602 1978 47.

1116 1983 1272 2014 Punicum
1293 1982 1416 2012 bellum
1439 1981 1614 2012 secundum
1635 1983 1784 2020 coeptum

1156 2037 1176 2056 a
1197 2025 1329 2065 Sagunti
1345 2023 1596 2064 oppugnatione,
1611 2032 1694 2063 quae
1714 2032 1784 2052 nar-

1156 2072 1244 2099 ratur
1261 2078 1311 2105 21,
1327 2066 1440 2106 6—15.
1471 2066 1628 2097 indictum
1647 2065 1694 2096 18.
1724 2064 1784 2095 dis-

1157 2111 1297 2150 ceptatio
1310 2111 1349 2140 de
1362 2110 1526 2140 foederum
1538 2108 1607 2138 iure
1619 2117 1667 2148 19.
1694 2107 1783 2137 Han-

1157 2154 1245 2183 nibal
1266 2152 1379 2183 transit
1394 2152 1496 2191 Alpes
1511 2150 1645 2189 32-——38.
1675 2159 1785 2189 pugna

1156 2197 1197 2226 ad
1219 2195 1370 2226 Ticinum
1386 2193 1436 2232 46.
1462 2193 1503 2223 ad
1524 2192 1674 2223 Trebiam
1701 2201 1785 2231 53—

1157 2237 1206 2276 56.
1239 2238 1279 2267 ad
1295 2237 1519 2267 Trasimenum
1538 2244 1588 2272 22,
1603 2233 1697 2273 4—6.
1719 2234 1783 2265 dic-

1156 2284 1262 2310 tatura
1292 2279 1384 2309 Fabii
1415 2277 1554 2315 12-18,
1581 2282 1613 2308 et
1640 2287 1783 2318 23-30.

1156 2332 1262 2361 pugna
1277 2322 1318 2352 ad
1335 2322 1464 2352 Cannas
1479 2331 1560 2360 44-
1564 2329 1614 2360 52.
1646 2319 1784 2351 defectio

1156 2365 1396 2404 Campanorum
1428 2373 1478 2402 23,
1509 2372 1631 2394 2-10,
1675 2373 1785 2403 pugna

1155 2407 1305 2437 Marcelli
1328 2407 1369 2437 ad
1393 2406 1514 2437 Nolam
1533 2404 1580 2437 16.
1615 2405 1784 2436 Hannibal

1155 2449 1180 2479 it
1210 2450 1357 2489 Capuam
1387 2449 1420 2479 in
1451 2449 1585 2479 hiberna
1613 2449 1661 2479 18.
1698 2457 1785 2478 mors

1156 2492 1318 2530 Hieronis,
1347 2502 1480 2532 regnum
1511 2490 1704 2530 Hieronymi
1732 2499 1783 2529 24,

1155 2543 1246 2574 4—7.
1271 2536 1447 2574 Syracusae
1462 2545 1480 2564 a
1495 2533 1653 2564 Marcello
1668 2536 1783 2572 captae

1156 2586 1206 2615 25,
1224 2586 1357 2617 23-31.
1393 2577 1579 2616 Scipionum
1605 2579 1708 2605 morte
1732 2585 1783 2606 res

1154 2619 1376 2650 Romanorum
1399 2619 1432 2649 in
1449 2617 1610 2658 Hispania
1631 2617 1781 2655 afflictae,

1154 2672 1173 2692 a
1194 2662 1318 2692 Marcio
1336 2661 1502 2692 restitutae
1516 2669 1650 2701 32-39.
1689 2660 1780 2691 Han—

1154 2704 1241 2734 nibal
1253 2705 1294 2734 ad
1305 2705 1430 2735 Romae
1446 2707 1553 2743 portas
1570 2702 1620 2741 26,
1635 2712 1672 2734 10
1684 2706 1717 2733 et
1732 2712 1780 2734 11.

1154 2747 1269 2786 Capua
1294 2757 1314 2776 a
1340 2747 1497 2777 Romanis
1523 2750 1620 2786 capta
1646 2744 1778 2776 12—16.

1153 2788 1355 2828 Carthaginis
1366 2789 1480 2820 Novae
1492 2788 1686 2829 expugnatio
1695 2797 1780 2826 42—

1153 2840 1202 2870 50.
1240 2842 1325 2862 mors
1347 2832 1496 2862 Marcelli
1516 2830 1705 2862 miserabilis
1728 2837 1779 2869 27,

1154 2873 1193 2905 26
1209 2878 1240 2904 et
1258 2882 1305 2913 27.
1338 2874 1523 2905 Hasdrubal
1545 2874 1647 2906 victus
1667 2874 1709 2904 ab
1725 2873 1777 2904 Li-

1154 2917 1202 2947 vio
1219 2921 1250 2947 et
1263 2917 1394 2948 Nerone
1404 2926 1505 2957 43——5
1513 2927 1538 2949 1.
1561 2915 1645 2958 pulsi
1659 2915 1777 2956 Hispa—
