1888 3194
372 207 454 245 268
885 203 1258 246 EPITOMAE

972 520 1163 562 CXXX.

374 631 436 673 M.
462 630 804 680 ANTONIUS,
841 630 943 671 dum
978 646 1075 671 cum
1110 630 1334 686 Cleopatra
1369 630 1617 679 luxuriatur,
1652 628 1767 670 tarde

374 688 566 730 Mediam
601 688 824 744 ingressus,
857 687 1015 728 bellum
1051 702 1148 728 cum
1183 687 1420 742 legionibus
1456 686 1691 727 octodecim
1726 694 1770 726 et

372 745 587 787 sexdecim
637 744 820 785 millibus
865 743 1056 798 equitum
1099 743 1268 784 Parthis
1312 742 1481 783 intulit:
1534 751 1577 783 et
1622 757 1768 798 quum,

373 802 535 843 duabus
555 801 792 856 legionibus
813 800 983 849 amissis,
1006 799 1122 840 nulla
1149 815 1193 841 re
1221 815 1418 856 prospere
1444 799 1636 849 cedente,
1657 808 1769 841 retro

372 858 541 907 rediret,
568 857 766 898 insecutis
796 856 974 898 subinde
998 857 1178 906 Parthis,
1207 866 1250 898 et
1280 857 1444 912 ingenti
1475 856 1767 912 trepidatione,

372 924 415 956 et
441 929 594 969 magno
622 914 751 954 totius
779 914 988 955 exercitus
1016 913 1216 969 periculo,
1239 914 1282 954 in
1307 913 1554 954 Armeniam
1581 928 1769 954 reversus

372 980 447 1021 est,
478 971 628 1027 viginti
663 980 706 1012 et
738 986 823 1012 uno
855 970 1002 1012 diebus
1038 979 1226 1012 trecenta
1261 970 1392 1011 millia
1426 970 1526 1026 fuga
1560 985 1766 1011 emensus.

373 1029 497 1070 Circa
531 1036 627 1069 octo
668 1027 798 1068 millia
837 1028 1057 1069 hominum
1098 1028 1415 1084 tempestatibus
1451 1027 1614 1068 amisit:
1663 1035 1770 1068 tem-

371 1094 554 1141 pestates
584 1100 754 1141 quoque
786 1085 969 1135 infestas,
997 1100 1123 1141 super
1155 1093 1240 1126 tam
1274 1084 1496 1126 infeliciter
1527 1092 1769 1140 susceptum

373 1143 620 1184 Parthicum
647 1142 805 1183 bellum
834 1142 958 1198 culpa
985 1157 1059 1183 sua
1088 1157 1231 1198 passus
1262 1150 1349 1191 est3
1384 1142 1484 1197 quia
1507 1141 1692 1183 hiemare
1724 1141 1768 1181 in

372 1199 579 1241 Armenia
598 1199 780 1249 nolebat,
803 1199 905 1240 dum
926 1199 980 1240 ad
1002 1198 1268 1255 Cleopatram
1290 1199 1471 1240 festinat.

960 1479 1177 1521 CXXXI.

374 1602 502 1645 SEX.
526 1601 859 1651 POMPEIUS,
892 1617 1024 1657 quum
1058 1602 1103 1642 in
1134 1600 1263 1641 fidem
1296 1600 1358 1641 M.
1378 1598 1560 1640 Antonii
1591 1599 1767 1650 veniret,

369 1660 527 1702 bellum
556 1659 752 1700 adversus
783 1674 880 1700 eum
910 1660 954 1699 in
976 1659 1081 1701 Asia
1108 1658 1299 1707 moliens,
1322 1671 1543 1713 oppressus
1569 1672 1594 1698 a
1621 1655 1787 1712 legatis,

370 1718 472 1766 eius,
509 1716 670 1758 occisus
705 1725 779 1757 est.
843 1717 997 1757 Caesar
1036 1715 1288 1756 seditionem
1323 1723 1632 1763 veteranorum,
1670 1728 1768 1755 cum

369 1789 523 1830 magna
542 1774 728 1830 pernicie
755 1781 923 1823 motam,
947 1773 1157 1814 inhibuit:
1192 1771 1385 1829 Iapydas,
1408 1780 1452 1812 et
1473 1770 1704 1820 Dalmatas,
1726 1778 1770 1811 et

370 1831 616 1873 Pannonios
663 1831 840 1886 subegit.
924 1830 1141 1872 Antonius
1191 1828 1482 1877 Artavasdem,
1537 1827 1767 1870 Armeniae

369 1903 525 1944 regem,
548 1887 631 1929 fide
661 1887 759 1928 data
789 1887 1054 1943 perductum,
1077 1887 1121 1927 in
1142 1885 1310 1927 vincula
1340 1885 1492 1926 coniici
1522 1885 1654 1934 iussit,
1674 1898 1768 1940 reg-

369 1960 558 2001 numque
596 1945 825 1986 Armeniae
867 1944 953 1985 filio
993 1960 1081 1994 suo,
1120 1959 1173 1984 ex
1209 1942 1434 1998 Cleopatra
1473 1949 1584 1990 nato,
1621 1941 1765 1990 dedit3

371 2017 498 2057 quam
530 2002 672 2043 uxoris
700 2001 805 2051 loco,
832 2001 913 2041 iam
945 2001 1109 2056 pridem
1141 2008 1287 2055 captus
1318 2013 1457 2040 amore
1489 1998 1591 2048 eiUS,
1613 1997 1766 2039 habere

371 2067 579 2114 coeperat.

950 2342 1190 2384 CXXXII.

373 2459 623 2502 CAESAR
655 2459 699 2499 in
731 2457 900 2514 Illyrico
930 2458 1144 2500 Dalmatas
1173 2459 1348 2500 domuit.
1415 2459 1559 2507 Quum
1590 2458 1651 2500 M.
1672 2459 1765 2501 An-

372 2517 511 2558 tonius
538 2517 591 2557 ob
613 2530 797 2557 amorem
827 2515 1087 2571 Cleopatrae,
1110 2531 1163 2557 ex
1192 2532 1276 2571 qua
1302 2516 1408 2557 duos
1436 2516 1543 2557 filios
1569 2516 1763 2567 habebat,

372 2573 699 2629 Philadelphum
741 2581 784 2613 et
819 2572 1126 2622 Alexandrum,
1168 2588 1308 2628 neque
1350 2573 1394 2613 in
1435 2573 1583 2614 urbem
1619 2574 1763 2615 venire

370 2630 508 2678 vellet,
542 2645 694 2684 neque,
728 2630 848 2670 finito
882 2630 1165 2670 triumviratus
1198 2638 1398 2684 tempore,
1434 2630 1656 2685 imperium
1690 2630 1764 2672 de-

371 2701 540 2743 ponere,
563 2686 804 2741 bellumque
827 2686 1054 2736 moliretur,
1077 2686 1192 2741 quod
1219 2686 1313 2726 urbi
1342 2695 1385 2726 et
1406 2686 1552 2727 Italiae
1574 2687 1762 2737 inferret,

371 2743 613 2799 ingentibus
643 2750 726 2782 tam
758 2743 973 2783 navalibus
998 2758 1125 2797 quam
1159 2742 1421 2783 terrestribus
1448 2743 1579 2797 copiis
1604 2743 1658 2784 ob
1683 2743 1763 2785 hoe

371 2799 607 2848 contractis,
639 2799 895 2854 remissoque
931 2798 1143 2848 Octaviae,
1175 2799 1304 2839 sorori
1337 2799 1538 2848 Caesaris,
1570 2800 1761 2855 repudio,

373 2859 525 2898 Caesar
549 2857 593 2897 in
620 2855 794 2911 Epirum
824 2870 919 2896 cum
949 2856 1138 2896 exercitu
1166 2856 1338 2897 traiecit.
1403 2856 1577 2912 Pugnae
1606 2856 1761 2899 deinde

370 2914 536 2957 navales
557 2922 598 2954 et
619 2912 775 2969 proelia
797 2912 1006 2967 equestria
1027 2913 1211 2954 secunda
1234 2912 1421 2954 Caesaris
1442 2912 1691 2955 referuntur.
