1888 3194
537 226 663 267 LIB.
698 225 863 268 XLIV.
907 227 1053 269 CAP.
1087 233 1155 270 24.
1467 235 1542 274 141

145 316 442 359 Macedoniam
492 315 668 371 profecti
718 325 828 357 sunt.
916 315 1139 358 Traditum
1189 326 1250 358 cst
1301 320 1538 370 memoriae,
1557 331 1599 363 U.
1616 332 1655 364 c.
1677 333 1748 371 584.

142 375 312 423 maiore,
345 387 474 428 quam
505 372 640 421 solita,
672 372 911 428 frequentia
942 374 1291 429 prosequentium
1323 375 1537 418 consulem
1553 374 1592 405 A.
1616 375 1655 406 C.
1680 374 1748 407 ¹⁶8-

141 431 424 478 celebratum3
468 444 516 471 ac
547 438 828 486 propecerta
859 444 932 487 spe
965 431 1172 471 ominatos
1204 446 1293 472 esse
1329 431 1534 483 homines,

109 487 268 532 2fiuem
299 501 388 528 esse
421 486 701 528 Macedonico
733 486 856 536 bello,
891 496 1187 543 maturumque
1221 488 1404 529 reditum
1438 504 1534 531 cum

138 543 309 601 egregio
330 543 544 599 triumpho
565 543 747 584 consulis
766 543 866 585 fore.

198 600 316 642 Dum
351 600 456 641 haec
491 601 536 640 in
569 599 691 641 Italia
723 611 939 656 geruntur,
977 601 1169 651 Persem,
1203 603 1319 658 quod
1352 603 1434 644 iam
1468 604 1533 645 in·
1610 615 1676 652 23,

137 657 337 700 choatum
368 657 583 714 perficere,
617 657 717 713 quia
749 658 939 714 impensa
969 660 1173 714 pecuniae
1205 659 1399 701 facienda
1429 670 1530 710 erat,
1548 668 1653 699 Persei
1670 681 1725 709 ap-

137 730 225 757 non
254 714 483 756 inducebat
513 714 558 755 in
588 714 790 765 animum,
816 724 864 756 ut
887 715 1090 757 Gentium
1119 716 1358 772 Illyriorum
1389 732 1530 774 regem
1547 716 1685 749 paratus.

137 772 216 814 sibi
244 772 518 828 adiungeret3
551 771 644 821 hoc,
666 781 890 828 postquam
918 773 1091 814 intrasse
1120 774 1270 815 saltum
1301 773 1530 825 Romanos,

137 838 181 871 et
207 829 351 871 adesse
382 829 605 870 discrimen
627 828 823 870 ultimum
853 829 952 871 belli
979 830 1285 881 animadvertit,
1307 847 1394 872 non
1422 831 1532 873 ultra

136 886 420 928 differendum
450 895 588 935 ratus;
622 901 754 942 quum
785 902 860 942 per
891 886 1096 943 Hippiam
1126 887 1310 944 legatum
1343 898 1531 930 trecenta

135 944 299 1000 argenti
331 943 489 985 talenta
517 951 662 999 pactus
693 952 814 992 esset,
836 944 894 985 ita
926 954 972 985 ut
1005 944 1171 997 obsides
1203 945 1310 986 ultro
1340 946 1529 1002 citroque

135 1001 349 1050 darentur,
383 1000 676 1042 Pantauchum
713 1001 838 1050 misit,
875 1015 927 1042 ex
964 1001 1174 1042 fidissimis
1205 1003 1361 1051 amicis,
1395 1003 1449 1044 ad
1480 1019 1530 1044 ea

165 1057 403 1100 erficienda.
468 1056 669 1098 Meteone
699 1057 941 1098 Labeatidis
973 1067 1106 1099 terrae
1138 1059 1408 1101 Pantauchus
1439 1061 1527 1117 regi
1542 1073 1670 1104 Foedus
1686 1074 1728 1104 fa-

175 1115 281 1172 lyrio
317 1114 523 1156 occurrit:
568 1114 625 1155 ibi
662 1123 705 1155 et
739 1114 1030 1155 iusiurandum
1066 1116 1117 1156 ab
1151 1130 1248 1170 rege
1285 1127 1328 1156 ct
1363 1117 1528 1158 obsides
1541 1116 1675 1163 circum

133 1172 307 1228 accepit.
370 1170 528 1212 Missus
548 1179 590 1212 et
609 1186 634 1212 a
657 1170 815 1212 Gentio
836 1179 898 1212 est
919 1171 1092 1227 legatus,
1115 1172 1286 1213 nomine
1311 1172 1528 1229 Olympio,
1541 1158 1673 1188 Genno.

134 1229 208 1286 qui
247 1228 539 1270 iusiurandum
579 1243 604 1269 a
644 1228 799 1269 Perseo
839 1228 1088 1284 obsidesque
1130 1229 1329 1284 exigeret.
1414 1230 1528 1271 Cum

102 1285 283 1328 3eodem
316 1286 370 1327 ad
401 1285 625 1342 pecuniam
658 1285 946 1341 accipiendam
979 1285 1092 1326 missi
1123 1295 1233 1335 suut,
1266 1295 1322 1336 et,
1359 1296 1528 1328 auctore

133 1343 396 1394 Pantaucho,
429 1343 503 1399 qui
537 1342 740 1384 Rhodum
772 1342 899 1398 legati
932 1357 1028 1383 cum
1062 1342 1372 1384 Macedonibus
1404 1343 1527 1394 irent,

133 1399 359 1442 Parmenio
384 1408 426 1441 et
452 1399 626 1441 Morcus
646 1399 921 1441 destinantur.
988 1399 1154 1448 Quibus
1182 1400 1241 1441 ita
1268 1400 1527 1450 mandatum,

133 1466 194 1508 ut,
234 1456 518 1506 iureiurando,
555 1456 868 1512 obsidibusque,
910 1466 952 1498 ct
991 1457 1172 1513 pecunia
1211 1466 1394 1514 accepta,
1438 1467 1528 1499 tum

102 1514 305 1559 4demum
335 1514 538 1556 Rhodum
568 1513 956 1570 proficiscerentur:
995 1513 1201 1555 ‘duorum
1229 1514 1353 1556 simul
1381 1530 1528 1571 regum

135 1572 334 1614 ‘nomine
377 1571 542 1613 incitari
585 1571 776 1612 Rhodios
816 1570 869 1612 ad
911 1570 1066 1612 bellum
1111 1571 1351 1613 Romanum
1393 1587 1525 1628 posse.

135 1635 148 1654 ‘
165 1629 425 1671 Adiunctam
453 1629 678 1678 civitatem,
701 1642 831 1684 penes
852 1643 979 1684 quam
1007 1643 1135 1669 unam
1164 1638 1254 1670 tum
1282 1629 1342 1670 rei
1371 1629 1528 1670 navalis

136 1693 149 1712 ‘
192 1686 297 1728 loria
311 1695 431 1736 esset,
449 1701 528 1728 nec
550 1695 659 1727 terra
680 1700 758 1726 nec
779 1686 882 1726 mari
904 1700 1020 1741 spem
1043 1685 1278 1727 relicturam
1299 1685 1513 1727 Romanis.

140 1702 419 1786 Vgenientibus
449 1743 604 1800 Illyriis
634 1743 825 1792 Perseus,
860 1743 912 1783 ab
945 1741 1110 1798 Enipeo
1146 1743 1259 1783 amni
1295 1758 1349 1784 ex
1384 1743 1528 1784 castris

135 1817 232 1844 cum
257 1802 373 1843 omni
404 1801 595 1856 equitatu
620 1800 842 1856 profectus,
872 1799 925 1841 ad
955 1799 1088 1840 Dium
1116 1800 1307 1841 occurrit.
1371 1799 1435 1844 Ebi
1464 1815 1526 1849 ea,

135 1874 243 1916 quae
265 1866 566 1906 convenerunt,
584 1857 835 1898 circumfuso
857 1857 1023 1912 agmine
1045 1857 1236 1912 equitum
1259 1857 1391 1905 facta;
1422 1871 1528 1913 quos

135 1916 279 1958 adesse
303 1915 463 1957 foederi
494 1915 675 1956 sancitae
704 1929 800 1955 cum
825 1914 984 1955 Gentio
1012 1914 1220 1954 societatis
1245 1914 1410 1955 volebat
1438 1929 1526 1963 reX,

134 1973 396 2039 aliquantum
421 1986 514 2013 eam
542 1986 630 2013 rem
660 1981 772 2012 ratus
802 1971 1037 2012 animorum
1065 1971 1114 2011 iis
1138 1971 1406 2012 adiecturam.
1472 1971 1528 2012 Et

134 2030 300 2073 obffldes
328 2030 371 2071 in
399 2038 627 2086 conspectu
656 2028 845 2069 omnium
867 2027 954 2069 dati
981 2028 1253 2084 acceptique:
1287 2037 1343 2077 et,
1366 2027 1526 2069 Pellam
1542 2041 1653 2082 Legati
1667 2043 1742 2073 Per-

133 2088 188 2130 ad
220 2087 435 2130 thesauros
467 2086 602 2143 regios
635 2086 781 2135 missis,
811 2085 883 2141 qui
917 2085 1139 2141 pecuniam
1173 2085 1425 2141 acciperent,
1454 2085 1526 2141 qui
1541 2085 1742 2115 scietGontii

135 2145 338 2187 Rhodum
364 2145 474 2186 irent
501 2159 598 2185 cum
620 2142 774 2199 Illyriis
800 2143 960 2199 legatis,
983 2142 1307 2184 Thessalonicae
1328 2158 1530 2184 conscen-
1541 2128 1677 2200 ffi‘iloff'm'

135 2202 235 2244 dere
260 2202 370 2243 iussi.
434 2200 498 2243 Ibi
523 2200 793 2242 Metrodorus
820 2210 920 2250 erat,
943 2200 1016 2256 qui
1045 2214 1181 2256 nuper
1207 2200 1259 2241 ab
1283 2199 1438 2241 Rhodo
1459 2215 1530 2241 ve·
1614 2194 1620 2200 ¹

134 2268 279 2302 uerat:
332 2259 657 2314 auctoribusque
699 2257 870 2298 Dinone
911 2267 953 2298 et
994 2256 1230 2314 Polyarato,
1272 2257 1530 2314 principibus

135 2317 314 2359 civitatis
343 2317 446 2366 cius,
474 2316 716 2364 affirmabat,
742 2313 932 2356 Rhodios
962 2323 1127 2370 paratos
1156 2313 1210 2355 ad
1240 2314 1396 2356 bellum
1428 2329 1528 2356 esse.

137 2373 180 2416 Is
230 2374 395 2431 rinceps
416 2374 582 2414 iunctae
606 2387 701 2413 cum
727 2371 879 2428 Illyriis
900 2371 1121 2427 legationis
1141 2371 1264 2413 datus
1285 2381 1359 2413 est.

195 2389 360 2473 Eodem
394 2440 581 2487 tempore
615 2429 668 2471 ad
698 2429 934 2470 Eumenem
968 2438 1011 2470 et
1042 2428 1096 2470 ad
1126 2429 1387 2470 Antiochum
1419 2444 1532 2470 com·
1610 2430 1677 2466 24·

137 2489 282 2531 munia
321 2488 529 2537 mandata,
566 2502 674 2543 quae
715 2487 919 2528 subiicere
956 2485 1144 2527 conditio
1180 2501 1318 2528 rerum
1355 2484 1682 2544 poterat.¹{⁰¹·‘⁴⁰¹¹³

106 2552 151 2590 5‘
169 2546 334 2588 Natura
362 2546 530 2586 inimica
559 2545 668 2585 inter
695 2559 737 2585 sc
767 2559 854 2585 csse
877 2543 1049 2584 liberam
1071 2543 1283 2585 civitatem
1309 2554 1350 2585 et
1376 2559 1529 2599 regem.
1545 2528 1726 2599 ἶὶυκᾚξίζξω

140 2609 152 2628 ‘
170 2603 366 2660 Singulos
392 2601 595 2659 populum
620 2601 860 2643 Romanum
890 2600 1074 2659 aggredi,
1097 2609 1152 2650 et,
1175 2600 1289 2656 quod
1319 2601 1533 2657 indignius
1546 2612 1641 2659 vinnm
1659 2610 1744 2640 solli-

1546 2660 1633 2684 citat.

185 2767 202 2788 ἰ
227 2760 339 2789 Finem
352 2758 435 2795 rane]
458 2758 576 2788 Artem
594 2756 812 2795 reponendum
863 2755 938 2793 ch.
957 2755 1006 2792 85.
1026 2755 1134 2786 fretus.

142 2801 280 2831 suadent
299 2799 544 2831 Drakenborch.
561 2804 593 2829 ct
610 2798 750 2830 Crevier.
905 2806 920 2834 5
947 2798 1079 2827 Natum
1101 2797 1249 2837 inimica]
1277 2797 1449 2836 Polybium
1472 2807 1535 2826 rur·

187 2851 205 2882 3
229 2844 326 2874 Misn'
341 2843 435 2880 sunt]
461 2852 503 2872 nc.
524 2841 645 2880 Legati.
862 2850 915 2869 nus
930 2850 950 2869 n
971 2839 1063 2869 Livio
1079 2840 1258 2879 expilzitum
1282 2851 1349 2869 csse
1372 2845 1478 2869 monet
1499 2840 1536 2868 A.

187 2895 207 2921 4
234 2886 382 2915 Duorum
414 2908 421 2915 .
439 2908 446 2915 .
464 2909 471 2915 .
503 2885 673 2921 Immanis]
725 2883 817 2913 llaec
865 2881 973 2912 Maius
988 2882 1027 2911 nd
1055 2882 1133 2912 Bxc.
1154 2882 1228 2912 Vnt.
1250 2882 1363 2921 Polyb.
1382 2881 1490 2911 xxviii.
1510 2889 1537 2916 3.

145 2929 222 2956 ante
248 2927 422 2957 Parmenio
447 2931 477 2957 ct
506 2928 640 2956 Alere-us
669 2925 819 2965 ponenda
865 2925 903 2954 cs.
921 2933 1008 2962 supr.
1026 2933 1074 2953 τι.

146 2972 254 2998 censet
278 2968 470 3004 Crevit-rius,
494 2968 564 2997 loco
591 2968 677 3006 apud
707 2967 819 3005 l'olyb.

206 3022 303 3048 VOL.
329 3021 385 3048 lv.
1287 3019 1310 3044 l.
