1888 3194
475 195 991 240 FRAGMENTUM
1034 195 1164 239 LIB.
1208 196 1332 239 XCI.
1524 201 1605 241 291

209 289 434 331 coniuncta
467 296 612 329 erant:
661 301 760 329 nam
796 296 839 329 et
873 287 1021 329 folium
1053 287 1279 328 Livianum
1311 286 1512 342 quodque
1548 288 1608 328 ita

208 345 484 402 complicavit,
509 353 556 386 ut
583 359 636 386 ex
662 359 748 386 uno
773 344 858 386 duo
880 345 1045 386 faceret.
1109 343 1201 385 Iam
1233 343 1338 384 alius
1370 352 1511 384 textus
1541 345 1606 384 in-

207 402 475 451 scribebatur,
498 402 573 457 qui
595 409 851 443 transversus
871 416 997 458 super
1016 402 1154 458 priore
1176 400 1394 442 decurrit9.
1460 399 1604 448 Quare

207 459 279 515 qui
308 458 446 514 legere
474 458 564 499 vult
587 459 868 514 fragmentum
892 459 1131 508 Livianum,
1155 472 1324 499 necesse
1351 466 1427 506 est,
1450 456 1604 498 librum

205 530 304 557 eum
339 516 383 556 in
419 515 591 556 modum
624 525 771 565 vertat,
808 525 856 557 ut
891 531 1034 571 margo
1071 516 1123 556 ad
1159 516 1373 556 sinistrum
1410 529 1483 556 ora
1515 513 1604 554 folii

205 572 352 613 infima
373 572 551 621 evadat3
585 582 675 614 tum
702 573 887 629 explicet
906 573 991 614 duo
1012 573 1111 614 folia
1131 573 1176 613 in
1197 587 1343 621 unum,
1367 581 1494 627 atque
1516 579 1605 611 tota

205 628 317 670 Livii
340 629 482 671 tabula
501 630 581 686 ipsi
602 640 699 672 ante
729 631 871 672 oculos
898 631 1034 687 posita
1062 630 1152 671 erit.
1217 629 1334 670 Num
1357 638 1496 669 autem
1519 627 1604 669 duo

205 686 309 728 haec
338 686 516 728 Liviana
541 687 652 737 folia,
676 703 784 744 quae
816 688 965 744 reperi,
995 702 1188 729 connexa
1214 686 1370 727 fuerint
1401 697 1527 742 atque
1558 685 1603 725 in

205 743 350 786 codice
370 744 496 785 huius
524 745 705 786 auctoris
730 760 862 786 unum
884 745 1061 786 fecerint
1082 744 1344 801 duplicatum
1364 743 1525 792 folium,
1549 757 1604 783 an

205 803 386 842 duorum
407 801 715 858 duplicatorum
737 802 931 843 foliorum
953 802 1110 858 priores
1131 811 1270 858 partes
1289 800 1485 842 habenda
1505 800 1602 849 sint,

205 858 414 900 incertum
436 868 509 901 est.
575 859 619 900 Si
641 860 866 900 coniuncta
886 860 1069 909 fuerunt,
1088 874 1140 900 ex
1164 859 1303 900 medio
1325 857 1602 914 quaternione

237 916 410 957 osterior
430 916 621 957 librarius
641 917 787 958 folium
809 917 1022 972 quoddam
1044 917 1252 973 dempsit3
1276 924 1318 957 et
1339 915 1392 956 ad
1414 915 1604 956 medium

205 930 359 1015 librum
396 973 519 1014 XCI.
552 973 833 1029 fragmentum
870 974 1137 1019 referendum
1170 988 1272 1022 esse,
1307 981 1603 1029 argumentum

206 1030 297 1071 eius
316 1031 414 1071 satis
435 1031 601 1071 evincit.
652 1031 881 1072 Contrebia
903 1031 1014 1072 enim
1042 1030 1273 1072 Sertorium
1295 1030 1476 1085 potitum
1498 1043 1602 1078 esse,

205 1087 264 1128 ibi
299 1096 515 1128 narratur:
564 1087 638 1128 sed
673 1087 726 1128 de
767 1088 940 1129 urbibus
978 1087 1210 1144 Hispaniae
1247 1102 1271 1128 a
1309 1087 1494 1128 Sertorio
1529 1101 1604 1127 ex-

205 1144 402 1200 pugnatis
437 1144 607 1185 Livium
649 1145 694 1185 in
735 1155 965 1186 memorata
1003 1154 1120 1200 parte
1161 1144 1258 1185 libri
1294 1144 1440 1199 egisse,
1477 1143 1604 1184 verba

205 1200 420 1242 declarant
441 1201 557 1250 haec,
579 1217 687 1257 quae
711 1202 820 1242 circa
841 1202 1022 1243 mediam
1047 1201 1276 1257 Epitomen
1298 1200 1368 1241 lib.
1393 1199 1518 1241 XCI.
1542 1199 1603 1240 le-

203 1268 387 1315 guntur:
423 1265 435 1282 ‘
454 1258 661 1300 Sertorius
686 1258 846 1315 aliquot
869 1259 993 1300 urbes
1018 1258 1290 1315 expugnavit,
1315 1257 1602 1313 plurimasque

206 1315 422 1357 ‘civitates
457 1316 501 1357 in
536 1324 789 1372 potestatem
826 1331 942 1358 suam
980 1316 1171 1368 redegit?
1245 1314 1419 1357 Codicis
1461 1323 1604 1355 autem

206 1372 374 1414 Liviani
396 1373 528 1415 forma
542 1389 651 1430 quae
672 1373 812 1424 fuerit,
830 1374 900 1415 vix
922 1367 1263 1430 definiri‘potest,
1281 1387 1414 1429 quum
1431 1372 1603 1413 fortasse

205 1430 353 1486 iniqua
373 1445 522 1472 manus
538 1446 590 1472 ex
608 1431 691 1472 oris
712 1431 872 1487 aliquid
893 1431 1195 1488 amputaverit3
1223 1439 1408 1471 attamen
1425 1429 1479 1470 ad
1495 1444 1602 1478 eam,

206 1502 333 1543 quam
361 1487 501 1529 dicere
528 1489 821 1530 consuevimus
849 1490 894 1530 in
920 1489 1020 1530 folio
1051 1489 1227 1538 minore,
1251 1487 1470 1529 accessisse
1498 1486 1604 1527 mihi

205 1544 384 1586 videtur.
438 1545 666 1587 Character
681 1555 822 1587 autem
837 1546 1061 1602 fragmenti
1078 1545 1245 1587 Liviani
1267 1544 1455 1594 uncialis,
1474 1558 1603 1600 quem

208 1601 477 1644 Benedictini
518 1603 698 1644 Parisini
739 1603 783 1643 in
822 1603 962 1660 Opere
1004 1618 1079 1645 suo
1120 1618 1273 1658 magno
1315 1601 1602 1658 Diplomatico

209 1659 416 1701 ‘ecriture
449 1659 646 1716 capitale’
678 1660 903 1716 appellant,
938 1669 1065 1716 atque
1102 1661 1153 1701 ab
1186 1659 1354 1709 unciali,
1393 1659 1600 1700 ‘ecriture

207 1716 396 1766 onciale‚'
416 1716 693 1773 distinguunt.
745 1717 828 1758 Sed
851 1718 1140 1759 auctoritatem
1160 1716 1385 1758 Mabilloni
1406 1715 1604 1757 aliorum-

207 1788 291 1830 que
312 1774 495 1815 virorum
517 1774 736 1815 doctorum
759 1775 876 1830 sequi
903 1774 1042 1816 malui.
1108 1773 1193 1815 Hic
1221 1782 1361 1815 autem
1389 1773 1605 1814 character

207 1846 412 1873 consensu
435 1832 623 1873 omnium
646 1832 907 1874 eruditorum
936 1833 1022 1873 anti
1058 1832 1252 1872 uissimus
1272 1839 1347 1880 est,
1371 1838 1412 1872 et
1435 1830 1478 1871 in
1499 1844 1603 1886 pau-

207 1888 382 1929 cissimis
417 1889 632 1930 invenitur
665 1889 970 1946 manuscriptis.
1027 1848 1258 1930 livianum
1296 1897 1438 1929 autem
1470 1901 1604 1944 quum

209 1945 371 1987 Romae
403 1961 499 1987 cum
528 1946 642 1987 libris
670 1962 746 2002 per
773 1956 908 1988 totum
940 1947 1081 1988 orbem
1105 1945 1486 2002 famigeratissimis,
1506 1943 1604 1984 Vir-

205 2001 306 2059 gilio
328 2012 370 2044 et
392 2003 594 2044 Terentio
617 2003 846 2053 Vaticanis,
869 2011 995 2060 atque
1016 2013 1235 2060 praetcrea
1255 2018 1351 2044 cum
1372 2001 1602 2059 specimine

206 2059 363 2102 codicis
380 2059 603 2117 Virgiliani
626 2060 827 2110 Medicei‚
850 2061 1053 2102 hactenus
1073 2060 1277 2110 omniurn,
1300 2069 1510 2116 quotquot
1530 2073 1604 2100 ex-

207 2125 332 2168 stant,
369 2118 649 2174 antiquissimi
686 2118 831 2168 habiti,
869 2118 985 2175 quod
1020 2118 1174 2160 Petrus
1209 2117 1454 2159 Franciscus
1495 2116 1604 2157 Forr-

237 2175 347 2216 'nius
371 2175 424 2216 V.
447 2174 497 2216 C.
525 2176 569 2216 in
602 2175 788 2217 editione
822 2191 898 2217 sua
928 2175 1116 2232 protulit,
1151 2189 1461 2231 compararem:
1496 2173 1602 2214 nuli

207 2189 359 2273 {lorum
380 2233 629 2289 antiquitate
657 2234 962 2290 praestantiave
992 2233 1110 2274 illum
1136 2233 1286 2274 cedere
1308 2232 1448 2274 statim
1469 2232 1603 2273 auim-

209 2288 381 2331 adverti.
444 2289 538 2331 Nec
572 2290 705 2332 multo
738 2301 833 2348 post
864 2290 1090 2347 Neapolim
1124 2290 1335 2347 profectus
1367 2305 1498 2346 quum
1533 2304 1606 2330 vo-

253 2462 595 2504 9Niebuhriusp.15.
635 2464 883 2501 “Longa-max-
931 2464 1005 2493 iecit
1036 2464 1178 2501 Angelus
1211 2463 1328 2494 Maius.
1392 2464 1479 2493 lliuc
1511 2462 1607 2501 igitur

212 2505 311 2541 ima‚''
337 2505 453 2545 inquit,
483 2510 588 2545 “pars
612 2507 885 2541 membranarum,
930 2505 1049 2540 evcnit,
1066 2512 1112 2541 ut,
1129 2506 1181 2536 uhi
1206 2506 1282 2536 folin
1305 2506 1501 2545 complicata
1521 2511 1608 2540 sunt,

213 2557 296 2587 quac
332 2548 373 2577 ml
413 2548 556 2578 codicem
595 2549 761 2578 adhibitae
801 2554 887 2583 sunt,
932 2549 1078 2588 plurimis
1103 2549 1134 2578 in
1162 2549 1250 2583 locis,
1268 2549 1499 2587 agglutinando
1518 2552 1605 2578 sutu-

214 2589 342 2620 maioris
357 2590 478 2620 stmnac
494 2595 553 2625 est,
568 2601 665 2630 quzuu
684 2592 779 2627 vulgo
794 2602 885 2631 quar·
933 2602 1030 2631 mque
1053 2601 1159 2621 versus
1180 2591 1302 2629 integer
1322 2596 1377 2621 aut
1399 2591 1531 2620 omnino
1555 2601 1605 2629 pe-

214 2635 281 2662 tam
305 2642 553 2672 nuncupamus3
579 2635 802 2672 quamobrem,
825 2634 886 2663 dis·
933 2634 1031 2668 rici-it,
1046 2639 1101 2663 uut
1125 2634 1184 2669 legi
1208 2639 1294 2663 certe
1314 2644 1378 2663 non
1401 2633 1457 2662 nisi
1480 2633 1604 2663 difficil-

215 2673 303 2704 οἰκίη
340 2675 526 2714 paginarum
567 2676 706 2715 paribus,
743 2676 887 2713 singulae
934 2676 1008 2706 lime
1035 2676 1166 2715 ρωειωίῑ.Π
1212 2676 1291 2706 vid.
1312 2675 1472 2706 luvcnntii
1496 2680 1605 2706 notum

216 2717 429 2756 complicatae
444 2723 541 2756 utque
557 2718 600 2748 nic
617 2718 648 2748 iu
666 2719 892 2757 quaterniones
935 2719 974 2748 ad
1003 2718 1171 2753 smmum-uti
1199 2718 1253 2749 lin.
1285 2729 1329 2749 ιι.
1379 2718 1606 2757 l'nlimpscsto-

217 2759 412 2797 compositam
429 2760 579 2790 fuerunt:
605 2761 762 2791 recentior
780 2766 888 2791 autem
936 2771 1004 2791 rum
1027 2760 1288 2794 Taurini-unium,
1309 2761 1425 2800 quibus
1451 2761 1608 2799 plicatum

216 2800 373 2839 scripturn
411 2806 512 2832 trannin
522 2813 590 2832 eri-n
625 2813 721 2842 super
749 2804 890 2834 ‹leit-tnui
937 2804 1043 2833 minua
1065 2803 1186 2838 nocuit,
1207 2804 1342 2833 curulem
1366 2804 1430 2832 scre
1452 2803 1607 2832 rationem

218 2842 315 2872 ducta
335 2847 394 2878 cst,
412 2844 508 2882 piune
534 2850 566 2874 ut
589 2845 629 2874 de
650 2846 816 2875 Sedulinni
841 2857 890 2875 co-
936 2856 1015 2880 esse,
1031 2856 1069 2876 cx
1086 2845 1221 2885 l’cyroni
1237 2846 1374 2876 l’mcfnt.
1389 2845 1428 2874 ad
1447 2843 1612 2876 Ciceronis

218 2883 298 2913 dicis
315 2885 456 2924 reliquiis
474 2887 605 2916 mandit
627 2888 794 2926 oculisque
820 2889 890 2918 mib-
937 2888 1116 2925 fragmenta
1134 2898 1162 2926 p.
1181 2890 1208 2918 8.
1227 2888 1354 2925 colligo.

1307 2932 1380 2967 112
