1888 3194
370 155 1062 200 MANUSCRIPTORUM
1105 156 1296 200 LIVII.
1441 163 1524 201 435

193 247 274 290 ΙΙΙ.
306 247 545 290 LEmENSIs
593 246 728 288 codex
777 254 841 288 est
889 245 1147 297 chartaceus,
1187 247 1322 288 forma
1364 249 1523 299 maiori,

135 305 317 360 optimae
356 313 493 354 notae,
530 304 599 345 cui
638 304 850 345 subiuneti
889 310 988 344 sunt
1027 303 1150 345 multi
1185 303 1255 345 alii
1290 305 1524 361 scriptores,

135 362 368 403 enumerati
407 362 450 402 in
490 360 696 418 Catalogo
737 360 846 402 Bibl.
879 359 1002 402 Leid.
1039 375 1078 416 p.
1110 364 1207 403 325.
1241 376 1356 402 num.
1396 361 1522 404 XIX.

136 417 248 459 Eum
275 434 371 460 cum
396 419 668 474 sequentibus
689 417 904 460 Vossianis
930 416 984 458 ad
1011 418 1138 459 libros
1166 418 1300 460 editos
1327 419 1372 459 in
1403 434 1525 460 usum

133 489 275 516 meum
305 476 486 517 officiose
518 476 660 532 exegit
682 474 760 517 Vir
789 474 1056 516 Clarissimus
1081 475 1326 517 Franciscus
1349 475 1526 517 Ouden-

132 531 314 588 dorpius.

191 589 271 632 1V.
305 588 596 631 LovEmAan
624 598 685 631 est
713 589 783 630 ille
813 589 960 640 codex,
983 604 1110 646 quem
1137 590 1247 631 inter
1267 605 1349 640 eOS,
1373 590 1526 646 quibus

131 645 187 687 ad
218 645 378 688 decada
408 647 586 703 primam
622 662 720 689 usus
755 661 861 697 sum,
898 662 1012 688 num.
1045 648 1125 689 XI.
1156 646 1279 688 latius
1311 647 1523 704 descripsi.

132 702 176 745 Is
202 704 316 745 enim
343 714 510 761 praeter
538 714 621 746 tres
648 704 826 746 decadas
853 704 1054 746 librorum
1079 704 1192 746 Livii
1220 705 1392 760 insuper
1413 719 1527 746 com-

131 760 396 859 {leetebatur
415 763 604 804 omnium
626 762 941 818 deperditorum
967 762 1166 804 librorum
1188 762 1375 803 historici
1396 762 1527 804 nostri

172 819 363 874 pitomas.

191 876 246 917 V.
280 876 529 918 Vossmxns
562 886 625 918 est
660 876 796 918 codex
829 876 1171 917 membranaceus
1203 876 1526 926 recentissimus,

132 932 178 973 in
212 933 345 974 forma
380 934 666 990 quadruplice,
705 934 893 975 omnium
930 934 1129 974 librorum
1164 933 1275 974 Livii
1311 933 1527 989 Epitomas

132 990 367 1040 continens,
386 991 459 1046 qui
481 1007 576 1032 cum
595 991 788 1032 omnibus
809 990 980 1045 reliquis
1001 990 1279 1031 bibliothecae
1298 990 1526 1032 Vossianae

131 1046 247 1089 libris
287 1047 332 1088 in
372 1047 627 1089 Leidensem
674 1047 877 1101 migravit.
943 1046 1095 1087 Eidem
1139 1048 1190 1088 C.
1222 1048 1398 1096 Plinius,
1441 1048 1527 1088 sive

131 1103 332 1146 Aurelius
374 1104 533 1154 Victor,
575 1104 628 1145 de
670 1103 784 1144 Viris
825 1103 1074 1153 Illustribus,
1116 1114 1159 1145 et
1200 1104 1281 1145 alia
1320 1104 1529 1159 quaedam

131 1161 454 1217 subiunguntur.
517 1161 629 1202 Vide
661 1160 913 1216 Catalogum
943 1160 1051 1201 Bibl.
1077 1159 1197 1202 Leid.
1224 1176 1263 1216 p.
1289 1164 1386 1202 388.
1409 1176 1525 1202 num.

132 1219 257 1261 LIV.
302 1218 432 1260 Hunc
446 1218 635 1260 codicem
652 1218 696 1259 in
713 1226 874 1274 septem
888 1217 1075 1274 priorum
1089 1216 1291 1259 librorum
1305 1217 1527 1274 Epitomis,

131 1275 177 1317 in
197 1275 350 1332 quibus
371 1276 475 1317 mihi
495 1276 622 1318 etiam
649 1275 718 1317 alii
739 1274 936 1317 Vossiani
963 1274 1016 1316 ad
1045 1289 1194 1316 manus
1214 1275 1397 1325 fuerunt,
1430 1276 1530 1317 Vos-

130 1334 297 1375 sianum
322 1335 523 1389 primum,
557 1341 715 1390 postea,
749 1333 821 1374 ubi
853 1331 1005 1388 reliqui
1037 1331 1250 1383 desinunt,
1284 1331 1530 1388 simpliciter

141 1390 392 1432 Vossianum
411 1391 567 1432 vocavi.

190 1447 271 1489 VI.
295 1447 398 1490 VII.
422 1448 550 1490 VIII.
583 1447 796 1488 VosstAm
824 1459 1062 1496 SECUNDUS,
1093 1460 1293 1497 TER'rms,
1323 1460 1530 1493 QUARTUS

133 1512 217 1545 tres
266 1512 365 1546 sunt
414 1505 579 1547 codices
629 1504 906 1546 bibliothecae
950 1519 1064 1545 nunc
1105 1504 1528 1560 Lugduno-Batavae

132 1562 452 1611 membranacei,
476 1577 655 1618 quorum
688 1561 773 1602 duo
803 1561 1073 1602 vetustissimi
1105 1561 1238 1602 forma
1267 1571 1365 1603 sunt
1395 1561 1531 1617 quad-

134 1618 307 1675 ruplicc,
330 1634 439 1660 unus
460 1620 600 1675 paullo
627 1618 836 1660 recentior
856 1618 988 1659 forma
1016 1619 1237 1674 octuplice.
1302 1619 1361 1660 Hi
1383 1634 1530 1660 omnes

133 1685 227 1732 post
250 1677 300 1717 L.
318 1677 545 1718 Annaeum
566 1676 735 1717 Florum
756 1675 876 1716 nobis
897 1675 1100 1717 exhibent
1117 1685 1277 1732 septem
1298 1676 1530 1732 primorum

135 1733 247 1774 Livii
276 1733 475 1775 librorum
499 1733 729 1790 EpitomaS,
752 1741 794 1773 et
816 1732 988 1788 quidem
1010 1732 1221 1789 duplicem
1251 1749 1297 1774 ac
1323 1733 1530 1774 diversam

132 1789 226 1831 libri
244 1791 378 1847 primi.
426 1791 719 1833 Rccensentur
734 1799 874 1831 autem
892 1790 936 1830 in
956 1790 1161 1846 Catalogo
1180 1790 1288 1832 Bibl.
1308 1790 1530 1832 Leidensis

133 1862 243 1889 unus
274 1863 313 1904 p.
344 1851 443 1890 386.
473 1864 587 1890 num.
614 1847 665 1889 V.
698 1847 803 1889 alter
829 1862 922 1903 pag.
953 1847 1041 1888 ead.
1074 1863 1188 1889 num.
1221 1849 1346 1890 XIV.
1381 1848 1528 1889 tertius

133 1919 226 1962 pag.
251 1908 348 1947 389.
373 1921 487 1947 num.
514 1905 755 1948 LXXVII.

193 2126 412 2170 Hactenus
445 2127 831 2170 Drakenborchius.
897 2127 1026 2177 Quod
1057 2142 1155 2169 vero
1191 2128 1341 2169 attinet
1376 2127 1429 2169 ad
1462 2142 1532 2169 co-

135 2184 273 2227 dicem
301 2184 483 2227 Bamber
513 2201 670 2236 ensem,
696 2186 814 2228 cuius
845 2201 885 2227 m
915 2200 1097 2241 trnopere
1126 2185 1209 2226 fide
1238 2185 1399 2241 quinta,
1423 2200 1530 2241 quae

136 2251 319 2293 vocatur,
342 2242 453 2285 Livii
474 2201 598 2285 ἔρρεε
619 2244 843 2285 emendata
871 2201 954 2285 aad.
980 2243 1031 2285 T.
1058 2242 1303 2300 Kreyssigio
1324 2243 1530 2300 provenit,

138 2298 360 2342 Goellerus
386 2300 430 2342 in
463 2299 643 2358 Epilogo
673 2316 749 2343 suo
777 2316 887 2358 supr.
922 2317 961 2358 p.
998 2301 1094 2344 327.
1128 2300 1259 2342 fusius
1290 2300 1531 2357 disputavit,

135 2356 240 2400 adeo
261 2366 307 2400 ut
327 2357 397 2400 vix
419 2373 569 2416 operae
592 2359 774 2416 pretium
795 2359 902 2401 foret
923 2358 1043 2416 plura
1063 2357 1143 2400 hoc
1165 2358 1256 2400 loco
1278 2358 1497 2401 subiicere.

1409 2414 1531 2470 [Eu]

1202 2947 1223 2973 r·
1247 2935 1304 2973 1'2
