1888 3194
100 253 144 284 U.
161 252 200 284 C.
221 253 294 293 585.

308 154 387 193 194
814 150 965 194 ΤΙΤΙ
1006 147 1188 192 LIVII

308 241 554 284 auctoritate
583 242 757 283 Patrum
787 242 841 284 ad
871 242 1073 299 populum
1105 242 1260 291 latum3
1295 249 1338 282 et
1363 240 1520 282 tribuni
1550 239 1696 296 plebis,

99 297 140 327 A.
163 296 202 327 C,
227 296 297 336 ¹67.
309 316 442 358 quum
471 300 531 341 ita
560 300 759 341 traditum
791 310 911 350 esset,
940 315 993 341 ne
1023 300 1116 355 quis
1146 300 1260 356 prius
1290 299 1571 340 intercederet
1600 297 1696 353 legi,

309 374 436 416 quam
457 358 628 414 privatis
644 358 848 399 suadendi
865 357 1218 413 dissuadendique
1235 356 1372 413 legem
1393 364 1576 412 potestas
1591 355 1700 396 facta

309 426 417 458 esset
430 432 440 465 ;
478 431 613 472 eoque
646 431 844 471 persaepe
881 415 1099 464 evenisset,
1132 424 1179 455 ut
1209 424 1263 463 et,
1295 414 1368 470 qui
1405 429 1489 455 non
1526 412 1699 469 professi

310 484 449 515 essent
469 488 511 514 se
533 473 842 521 intercessuros,
865 471 1162 512 animadversis
1182 471 1293 512 vitiis
1313 472 1415 527 legis
1437 486 1490 512 ex
1511 471 1697 511 oratione
1711 484 1732 516 9

311 530 655 579 dissuadentium,
688 529 1021 576 intercederent3
1064 538 1118 578 et,
1153 529 1226 584 qui
1261 529 1315 570 ad
1349 527 1699 569 intercedendum

310 589 535 637 venissent,
567 587 828 636 desisterent,
856 586 956 626 victi
988 586 1303 627 auctoritatibus
1338 585 1603 627 suadentium
1640 584 1701 625 le-

310 662 418 703 gem.
487 646 600 687 Tum
636 645 747 684 inter
785 652 1019 699 praetorem
1055 643 1329 698 tribunosque
1371 643 1513 684 omnia
1546 643 1700 684 intem-

310 704 470 760 pestive
491 702 644 758 agendi
666 710 878 742 certamen
900 709 998 741 erat.
1047 700 1227 740 Tribuni
1247 701 1559 742 festinationem
1579 715 1701 757 prae-

311 761 412 803 toris
441 769 538 801 ante
570 767 736 814 tempus
766 757 1081 806 intercedendo,
1107 756 1259 812 [quum
1282 757 1542 807 damnarent,
1563 757 1701 799 imita·
1717 773 1730 794 1

310 819 474 860 bantur.
538 816 634 857 Hoc
665 826 808 856 tamen
838 814 1127 855 intercessioni
1148 829 1246 855 suae
1267 814 1634 870 praetendebant,]
1656 815 1701 855 in

310 875 539 916 adventum
568 872 853 929 im[peratoris
874 880 916 912 et
937 871 1083 913 decem
1104 871 1336 927 legatorum
1358 887 1412 913 ex
1433 871 1700 922 Macedonia,

311 932 398 988 qui,
420 947 464 972 re
487 930 804 987 diligentissime
836 944 889 970 ex
919 929 1049 970 literis
1080 929 1315 985 tabulisque
1346 944 1564 985 perpensa,
1586 937 1701 971 certo

310 989 536 1030 indicaturi
557 996 707 1037 essent,
723 1003 807 1043 quo
822 1002 1015 1043 quaeque
1037 986 1182 1027 civitas
1202 986 1246 1027 in
1264 986 1417 1028 Persea
1435 987 1700 1028 Romanosve

311 1046 451 1088 animo
471 1046 629 1095 fuisset,
653 1054 783 1086 totam
805 1045 857 1085 de
882 1044 1062 1085 Rhodiis
1082 1043 1430 1085 consultationem
1462 1044 1578 1086 reiici
1597 1059 1702 1101 opus

275 1155 280 1160 θ
312 1119 411 1145 esse.
477 1103 562 1145 Sed
583 1118 715 1159 quum
742 1102 875 1143 nihilo
897 1102 1034 1143 minus
1055 1109 1220 1158 praetor
1239 1102 1499 1157 propositum
1520 1110 1701 1157 urgeret,

311 1177 362 1203 eo
383 1177 448 1202 res
467 1161 680 1217 processit,
702 1168 750 1201 ut
771 1159 986 1201 Antonius
1015 1160 1218 1208 tribunus,
1240 1159 1455 1215 productis
1484 1158 1538 1200 ad
1567 1174 1734 1215 popu-2

311 1218 400 1260 lum
430 1218 589 1274 legatiS,
611 1217 909 1274 procedentem
941 1225 1087 1258 contra
1115 1216 1323 1257 Thalnam
1355 1224 1397 1258 et
1427 1216 1566 1257 dicere
1597 1216 1703 1258 inci-

258 1273 270 1281 ”
311 1276 499 1332 pientem
545 1275 597 1316 de
642 1275 803 1316 Rostris
848 1274 1099 1324 detraheret,
1142 1273 1407 1330 Rhodiisque
1454 1273 1702 1316 concionem

102 1963 214 1994 Oratio

101 2005 246 2036 Rhodio-

101 2058 172 2078 rum
189 2049 221 2078 in
238 2058 283 2079 se-

102 2094 191 2122 natu.

311 1333 540 1389 praeberet.
605 1332 819 1381 Ceterum,
853 1331 930 1372 etsi
964 1331 1235 1387 praecipitem
1268 1346 1316 1372 ac
1345 1331 1553 1372 fervidum
1582 1346 1703 1388 prae-

312 1390 413 1431 toris
443 1398 639 1431 conatum
672 1405 747 1446 par
778 1388 934 1430 tribuni
965 1389 1197 1445 pervicacia
1224 1388 1485 1438 discusserat,
1510 1388 1701 1429 nondum

312 1456 455 1488 tamen
486 1462 586 1489 cura
617 1447 850 1488 decesserat
887 1446 1154 1487 Rhodiorum
1186 1445 1347 1486 animis.
1409 1445 1556 1487 Patres
1588 1446 1703 1487 enim

312 1514 430 1546 erant
450 1504 739 1546 infensissimi:
774 1512 821 1545 ut
841 1503 1079 1544 imminenti
1100 1502 1210 1544 malo
1230 1502 1356 1544 levati
1375 1503 1507 1559 magis
1522 1503 1567 1544 in
1583 1518 1703 1560 prae-

311 1577 406 1603 sens
438 1561 611 1611 Rhodii,
641 1576 766 1618 quam
799 1561 971 1602 omnino
1001 1560 1166 1601 liberati
1196 1568 1346 1601 essent.
1408 1560 1544 1616 Igitur
1570 1575 1702 1617 quum

312 1620 387 1660 diu
418 1619 682 1675 multumque
713 1618 982 1674 precantibus
1013 1618 1184 1659 tandem
1215 1626 1383 1659 senatus
1416 1618 1538 1659 datus
1567 1626 1701 1668 esset3

309 1676 541 1718 introducti
571 1692 595 1717 a
625 1675 808 1725 consule,
829 1676 965 1731 primo
986 1676 1198 1731 prostratis
1226 1675 1346 1716 humi
1366 1675 1608 1731 corporibus
1629 1676 1704 1717 diu

310 1734 458 1775 fientes
493 1734 734 1775 iacuerunt:
778 1732 945 1783 deinde,
980 1748 1113 1788 quum
1145 1733 1350 1774 excitatos
1385 1732 1529 1774 consul
1563 1733 1703 1775 dicere

310 1791 507 1841 iussisset,
531 1790 797 1848 Astymedes,
822 1802 949 1846 quam
970 1790 1152 1831 maxime
1174 1790 1405 1847 composito
1435 1790 1489 1831 ad
1519 1805 1699 1831 commo-

310 1849 490 1890 vendam
512 1848 822 1889 miserationem
845 1847 1004 1897 habitu,
1025 1848 1070 1888 in
1091 1848 1205 1889 hunc
1226 1848 1399 1889 modum
1419 1848 1546 1889 verba
1564 1847 1676 1888 fecit.

371 1906 482 1947 ‘Hic
513 1905 650 1947 luctus
681 1914 721 1946 et
753 1904 919 1960 squalor
948 1904 1089 1960 paullo
1120 1914 1216 1946 ante
1249 1905 1490 1946 florentium
1521 1904 1704 1946 amicitia

314 1969 473 2004 ‘vestra
505 1963 725 2011 sociorum,
757 1961 902 2002 Patres
938 1962 1175 2017 conscripti,
1207 1977 1292 2002 non
1325 1970 1463 2018 potest
1497 1977 1584 2003 non
1614 1977 1702 2003 esse

314 2021 465 2061 ‘etiam
486 2020 600 2060 iratis
620 2018 876 2059 miserabilis.
940 2019 1000 2059 At
1021 2027 1179 2074 quanto
1200 2019 1347 2060 iustior
1366 2027 1521 2060 vestras
1542 2027 1704 2060 mentes

313 2077 494 2118 ‘subibit
514 2076 737 2125 miseratio,
760 2076 793 2116 si
815 2075 995 2131 cogitare
1017 2075 1244 2126 volueritis,
1267 2091 1394 2132 quam
1422 2076 1527 2118 dura
1557 2077 1704 2118 condi-

313 2135 451 2176 ‘tione
483 2149 649 2175 causam
679 2132 748 2174 hic
780 2133 892 2189 apud
912 2147 985 2173 vos
1015 2148 1144 2189 prope
1176 2134 1260 2174 iam
1281 2133 1502 2174 damnatae
1524 2134 1704 2175 civitatis

313 2192 541 2248 ‘agamusi'
606 2190 749 2232 Ceteri
786 2190 846 2231 rei
880 2190 1001 2239 fiunt,
1039 2199 1265 2247 antequam
1295 2190 1575 2232 damnentur:
1623 2206 1703 2232 nec

312 2250 452 2305 ‘prius
472 2248 595 2289 luunt
615 2248 830 2303 supplicia,
849 2262 975 2303 quam
997 2247 1049 2288 de
1071 2247 1194 2304 culpa
1215 2256 1389 2289 constet.
1439 2248 1620 2305 Rhodii]
1640 2248 1662 2270 '¹‘
1680 2248 1702 2270 ⁹⁶

313 2313 325 2331 ⁶
337 2314 413 2356 est,
448 2306 826 2362 peccaverimusne,
864 2305 1001 2345 adhuc
1037 2304 1214 2346 dubium
1249 2314 1335 2347 est:
1376 2321 1545 2362 poenas,
1581 2306 1733 2361 igno-3

312 2364 486 2404 ‘minias
526 2377 671 2403 omnes
711 2362 794 2403 iam
833 2362 1027 2418 patimur.
1091 2362 1245 2413 Antea,
1282 2362 1702 2419 Carthaginiensibus

312 2427 324 2445 ⁶
338 2421 466 2471 victis,
490 2420 701 2476 Philippo,
726 2419 941 2461 Antiocho
963 2421 1179 2476 superatis,
1201 2435 1332 2476 quum
1362 2420 1543 2461 Romam
1565 2420 1702 2461 venis-

1870 2459 1873 2463 ,
1844 2265 1873 2438 ww
1850 2252 1851 2255 „

353 2532 372 2562 9
407 2523 460 2552 13ae
497 2520 656 2560 oratione]
707 2521 760 2551 Ita
798 2520 983 2551 Gronovius
1027 2521 1111 2552 Cato
1138 2532 1195 2561 pro
1220 2521 1372 2559 Rhodiis,
1395 2525 1525 2553 exstant
1550 2522 1639 2562 apud
1661 2522 1700 2553 A.

310 2574 368 2603 pro
385 2565 468 2602 vulg.
485 2565 618 2594 ratione.
1029 2563 1116 2594 Gell.
1135 2564 1186 2595 vii.
1204 2574 1233 2603 3.
1269 2564 1470 2595 Catonianae
1495 2568 1606 2595 autem
1633 2575 1700 2595 ora-

358 2615 370 2636 1
395 2608 483 2636 Ante
505 2611 628 2645 tempus
650 2606 888 2642 intercedendo]
916 2605 981 2635 Ex·
1026 2605 1123 2636 tionis
1161 2610 1233 2645 post
1267 2606 1364 2637 etiam
1400 2606 1549 2637 meminit
1579 2606 1700 2638 Livius.

310 2648 457 2679 ciderunt
485 2657 599 2686 pauca,
623 2657 706 2686 quae
732 2649 772 2677 ad
800 2657 866 2677 rem
894 2648 981 2677 Rho·
1028 2647 1140 2678 S1G0x.

310 2691 448 2726 diorum,
471 2690 511 2719 de
534 2689 648 2727 quibus
672 2689 825 2727 quuitur,
844 2689 982 2728 pertine·
1072 2699 1087 2718 2
1112 2691 1276 2721 Antonius
1305 2691 1474 2728 tribunus]
1511 2690 1550 2721 cf.
1585 2690 1699 2730 Polyb,

309 2734 397 2763 bant.
434 2731 636 2762 Exciderunt
653 2731 748 2761 etiam
767 2731 871 2769 prima
888 2732 983 2761 rerba
1028 2741 1105 2762 xxx,
1122 2743 1151 2768 4.

309 2774 461 2805 orationis
488 2773 704 2810 Rhodiorum,
729 2783 825 2811 quam
858 2783 914 2812 pro
946 2783 979 2803 sc
1069 2781 1086 2811 3
1119 2774 1425 2814 Peccaverinmsne]
1485 2774 1603 2805 Exstat
1647 2774 1700 2806 hic

309 2817 461 2848 dixerunt
494 2815 527 2846 in
561 2819 683 2846 senatu.
730 2814 839 2845 Huius
869 2819 979 2845 autom
1027 2816 1116 2845 locus
1140 2815 1252 2846 iisdem
1280 2816 1346 2847 scre
1372 2816 1475 2848 verbis
1501 2817 1534 2848 in
1562 2817 1699 2858 Dionys.

308 2859 461 2890 orationis
486 2858 593 2898 capita
621 2867 685 2887 una
713 2867 786 2887 cum
814 2857 982 2887 sententiis
1029 2857 1109 2888 Exc.
1129 2859 1205 2889 Vat.
1223 2858 1311 2889 xxxi.
1329 2871 1357 2898 4.

308 2901 498 2941 quibusdam
523 2899 674 2930 orationis
695 2899 762 2930 cius
783 2909 876 2938 quam
901 2899 981 2929 dixit
