1888 3194
337 174 415 214 166
846 169 994 212 TITI
1031 169 1212 212 LIVII

129 272 174 303 U.
191 272 230 303 C.
253 272 324 312 584·
339 261 695 318 quemadmodum
717 261 996 318 phalangitae,
1015 271 1153 302 cetera
1172 260 1305 301 levius
1327 260 1485 310 armati,
1508 261 1552 300 in
1573 275 1730 301 cornua

128 317 168 348 A·
193 316 231 346 C.
256 314 326 346 168.
341 320 462 360 divisi
497 329 628 369 erant,
662 328 759 360 ante
795 319 999 374 reliquam
1032 319 1164 359 aciem
1197 318 1372 374 proiecti
1404 327 1448 358 et
1482 317 1727 359 eminentes.

342 377 376 418 F
378 377 546 433 ulgebat
577 392 748 433 campus
781 391 989 417 armorum
1020 375 1268 431 splendore:
1302 374 1552 415 clamoribus
1581 375 1731 416 cohor-

341 435 522 475 tantium
557 449 645 475 sese
681 434 860 474 invicem
893 433 1020 473 vicini
1055 432 1180 473 colles
1211 432 1502 488 personabant.
1564 431 1730 473 Harum

342 492 532 533 omnium
554 492 767 548 copiarum
789 490 1086 546 prodeuntium
1109 490 1153 529 in
1174 504 1359 545 pugnam
1383 504 1432 530 ea
1446 489 1526 529 fuit
1542 488 1730 529 celeritas

343 558 386 590 et
417 548 602 597 audacia,
635 558 694 597 ut,
726 548 799 603 qui
830 548 952 603 primi
982 547 1192 587 interfecti
1224 556 1333 595 sunt,
1368 546 1421 587 ad
1453 546 1657 587 ducentos
1688 553 1732 586 et

343 606 651 662 quinquaginta
675 620 816 661 passus
837 619 860 644 a
884 603 1085 644 Romanis
1114 604 1256 643 castris
1281 603 1490 644 caderent.
1553 603 1731 659 Progre-

342 664 535 704 diebatur
546 663 714 719 interim
724 661 931 702 Aemilius
945 677 954 700 ε
974 669 1104 715 utque
1119 660 1280 715 aspexit
1293 671 1427 715 quum·
1437 659 1620 716 reliquos
1635 659 1731 701 Ma-

343 720 536 769 cedonas,
556 728 645 760 tum
661 734 744 767 eos,
763 718 836 773 qui
857 718 901 757 in
917 716 1169 772 phalangem
1190 717 1418 757 contributi
1433 726 1564 766 erant,
1580 717 1732 772 partim

343 777 500 833 clipeis,
518 776 670 832 partim
687 774 834 816 caetris
851 789 904 814 ex
919 774 1096 814 humero
1112 773 1321 823 detractis,
1336 773 1629 829 inclinatisque
1637 781 1732 815 ”uno

344 835 462 889 signo
484 833 652 881 sarissis,
671 831 929 887 excipientes
952 830 1243 871 Romanorum
1264 830 1482 886 impetum,
1506 830 1734 872 admiratus

344 900 386 932 et
415 890 529 930 illam
557 890 827 930 densatorum
857 887 1072 943 agminum
1103 887 1358 937 firmitatem,
1384 896 1427 928 et
1453 887 1608 928 vallum
1637 903 1735 944 pro-

344 947 470 989 tentis
487 947 640 988 sarissis
661 946 848 995 horrens,
865 954 1033 1001 stupore
1050 944 1174 985 simul
1191 959 1238 985 ac
1255 953 1410 986 terrore
1427 944 1641 1001 perculsus
1657 953 1732 995 est,

344 1014 545 1060 tanquam
566 1019 652 1045 non
674 1003 788 1044 aliud
809 1017 995 1058 unquam
1019 1010 1103 1043 tam
1125 1002 1307 1043 terribile
1329 1002 1614 1058 spectaculum
1634 1017 1734 1043 con-

343 1062 547 1118 spicatas:
594 1076 641 1102 ac
673 1069 818 1116 postea
849 1060 893 1100 id
928 1060 1092 1115 saepius
1127 1073 1453 1100 commemorare
1487 1067 1529 1101 et
1559 1075 1657 1116 prae
1689 1074 1733 1100 se

343 1119 449 1160 ferre
475 1119 619 1160 solitus
644 1126 716 1159 est.
779 1117 893 1158 Tum
916 1131 1012 1158 vero
1041 1116 1186 1157 sedulo
1214 1116 1478 1158 dissimulans
1503 1117 1736 1173 perturbati

344 1176 473 1217 animi
503 1184 678 1225 motum,
700 1174 819 1216 vultu
849 1189 996 1215 sereno
1027 1189 1074 1215 ac
1105 1189 1250 1214 secura
1276 1174 1426 1223 fronte,
1452 1183 1495 1215 et
1524 1174 1660 1230 capite
1692 1172 1736 1215 et

344 1248 516 1289 corpore
537 1233 696 1273 intecto
721 1232 854 1272 aciem
879 1232 1121 1272 instruebat.
1184 1230 1274 1271 Iam
1302 1231 1547 1287 pugnabant
1567 1231 1736 1287 Peligni

344 1291 541 1332 adversus
562 1289 772 1345 oppositos
794 1289 872 1330 sibi
893 1297 1109 1337 caetratos,
1136 1303 1352 1344 quumque
1374 1288 1448 1329 diu
1468 1288 1734 1344 multumque

344 1348 505 1389 connisi
526 1361 796 1403 perrumpere
819 1345 1051 1386 confertum
1080 1360 1232 1401 agmen
1260 1361 1345 1386 non
1373 1354 1555 1401 possent,
1586 1345 1733 1395 Salius,

345 1405 418 1460 qui
450 1404 648 1460 Pelignos
681 1403 873 1452 ducebat,
907 1411 1118 1458 arreptum
1151 1402 1318 1458 signum
1354 1403 1398 1442 in
1435 1403 1574 1444 hostes
1609 1403 1732 1444 misit.

346 1462 431 1503 Hic
461 1462 610 1517 ingens
640 1475 861 1502 accensum
892 1468 1103 1501 certamen
1133 1469 1206 1508 est,
1230 1459 1330 1500 dum
1359 1460 1458 1501 hinc
1487 1459 1654 1515 Peligni
1681 1459 1736 1501 ad

343 1518 635 1575 recipiendum
684 1518 863 1573 signum,
905 1517 1004 1557 hinc
1050 1516 1309 1557 Macedones
1354 1516 1407 1557 ad
1451 1517 1733 1567 retinendum,

343 1591 506 1617 summa
536 1591 615 1631 ope
646 1575 850 1615 nituntur.
913 1573 980 1614 Illi
1010 1573 1255 1629 praelongas
1281 1573 1568 1615 Macedonum
1598 1573 1735 1616 hastas

343 1642 415 1674 aut
441 1633 549 1674 ferro
577 1631 776 1681 incidere,
799 1640 871 1672 aut
899 1631 1080 1671 umbone
1109 1630 1337 1686 impellere,
1360 1640 1432 1672 aut
1458 1631 1583 1672 nudis
1607 1631 1734 1672 etiam

342 1690 555 1732 interdum
578 1689 770 1730 manibus
791 1697 989 1729 avertere.
1047 1687 1108 1728 Hi
1129 1688 1330 1729 ambabus
1349 1688 1525 1729 firmiter
1545 1703 1735 1745 compre-

344 1748 494 1788 hensas
516 1756 630 1788 tanta
650 1746 690 1786 vi
716 1746 883 1802 adigere
912 1746 957 1786 in
985 1754 1142 1786 temere
1171 1761 1218 1786 ac
1239 1745 1376 1786 furore
1402 1761 1525 1787 caeco
1549 1755 1732 1796 ruenteS,

344 1814 402 1854 ut,
437 1804 668 1846 transfossis
700 1804 827 1844 scutis
859 1802 1093 1858 loriciSque,
1129 1803 1348 1844 transfixos
1384 1803 1509 1844 etiam
1542 1802 1734 1844 homines

343 1877 469 1918 super
488 1862 623 1917 capita
643 1861 906 1917 proiicerent.
962 1859 1030 1900 Sic
1051 1860 1279 1915 profligatis
1295 1860 1567 1916 Pelignorum
1588 1860 1734 1916 primis

343 1919 573 1968 ordinibus,
596 1918 830 1959 caeduntur
849 1917 988 1966 etiam,
1011 1917 1084 1972 qui
1105 1926 1200 1972 post
1220 1916 1311 1957 illos
1332 1925 1558 1958 steterant:
1591 1925 1731 1973 atque,

342 1976 420 2017 etsi
448 1975 637 2016 nondum
666 1974 852 2015 confessa
870 1974 981 2028 fuga,
1003 1973 1156 2028 pedem
1184 1973 1419 2014 referebant
1447 1982 1588 2015 tamen
1613 1988 1734 2015 mon-

343 2041 428 2073 tem
450 2047 616 2080 versus,
653 2031 854 2073 Olocrum
883 2030 1106 2086 indigenae
1128 2039 1290 2071 vocant.
1354 2030 1438 2071 Hic
1459 2046 1558 2072 vero
1579 2032 1734 2072 exarsit

345 2089 529 2130 Aemilio
562 2088 692 2138 dolor,
730 2097 776 2129 ut
812 2088 936 2128 etiam
974 2103 1026 2128 ex
1063 2087 1351 2143 indignatione
1387 2088 1733 2143 paludamentum

342 2146 564 2188 scinderet,
628 2145 739 2187 Nam
772 2154 813 2186 et
842 2145 900 2185 in'·
915 2145 1062 2186 ceteris
1088 2144 1188 2185 locis
1213 2145 1382 2185 videbat
1409 2146 1594 2186 cunctari
1623 2161 1731 2195 suos,

344 2204 574 2259 timideque
611 2203 808 2244 accedere
846 2202 899 2243 ad
932 2201 1044 2242 illam
1077 2201 1191 2242 velut
1223 2202 1398 2242 ferream
1435 2217 1615 2258 saepem,
1649 2218 1734 2259 qua

344 2261 532 2316 undique
563 2261 671 2302 acies
701 2259 980 2301 Macedonica
1010 2259 1259 2300 inhorrebat.
1326 2259 1409 2300 Sed
1440 2259 1733 2301 animadvertit

342 2319 501 2373 peritus
537 2317 639 2367 dux,
673 2332 758 2358 non
795 2325 901 2357 stare
941 2316 1098 2371 ubique
1135 2316 1362 2357 confertam
1398 2317 1511 2357 illam
1547 2317 1732 2358 hostium

343 2375 458 2416 velut
488 2390 746 2430 compagem,
769 2389 945 2428 eamque
975 2373 1189 2414 dehiscere
1220 2373 1453 2414 identidem
1481 2374 1732 2429 quibusdam

343 2432 583 2481 intervallis,
605 2432 690 2472 sive
724 2431 777 2472 ob
798 2430 1137 2485 inaequalitatem
1173 2430 1261 2480 soli,
1284 2431 1368 2472 sive
1401 2431 1453 2472 ob
1484 2432 1614 2487 ipsam
1635 2446 1732 2487 por-

343 2497 479 2529 rectae
512 2490 557 2529 in
590 2489 841 2529 immensum
874 2488 1021 2528 frontis
1054 2487 1374 2542 longitudinem,
1408 2488 1523 2538 dum,
1558 2489 1631 2544 qui
1663 2503 1732 2529 su-

342 2546 506 2600 periora
547 2560 749 2601 occupare
790 2554 1007 2593 conantur,
1049 2545 1099 2585 ab
1141 2545 1336 2586 inferiora
1376 2546 1627 2595 tenentibus,
1663 2544 1731 2586 vel

343 2602 543 2643 tardiores
577 2618 600 2642 a
631 2601 901 2650 citatim-ibus,
928 2610 970 2641 et
1000 2601 1314 2656 progredientes
1345 2617 1369 2642 a
1398 2603 1729 2652 subsistentibus,

342 2659 544 2700 instantes
572 2659 755 2712 denique
787 2658 895 2698 hosti
923 2658 974 2698 ab
1000 2658 1200 2712 impulsis,
1222 2659 1342 2699 inviti
1366 2658 1476 2708 licet,
1498 2659 1730 2700 necessario
1776 2684 1781 2691 ·

343 2716 609 2757 divelluntur.
674 2715 785 2770 Ergo
814 2723 860 2755 ut
888 2715 1059 2755 omnino
1087 2724 1299 2770 rumperet
1320 2715 1510 2756 ordinem
1532 2715 1728 2765 hostium,

342 2783 385 2814 et
412 2772 783 2828 inexpugnabilem
808 2771 922 2812 illam
950 2771 1164 2811 universae
1190 2771 1408 2827 phalangis
1428 2772 1512 2813 vim
1533 2773 1577 2812 in
1599 2772 1730 2814 multa

343 2830 580 2871 minutatim
612 2829 769 2885 proelia
795 2837 994 2884 carperet,
1023 2828 1200 2884 imperat
1230 2828 1326 2877 suis,
1356 2837 1402 2869 ut
1432 2828 1596 2878 intenti,
1626 2844 1730 2885 qua-

341 2903 510 2944 cunque
540 2887 665 2927 rimas
693 2901 814 2942 agere
843 2885 1036 2926 hostilem
1059 2886 1189 2926 aciem
1211 2885 1406 2935 viderint,
1429 2885 1527 2927 illuc
1548 2887 1727 2942 quisque

341 2946 500 3003 impetu
523 2944 764 2993 inferantur,
788 2958 914 2999 seque
945 2942 1153 2984 cuneatim
1184 2943 1226 2983 in
1252 2942 1409 2985 hiantia
1431 2942 1496 2984 vel
1518 2943 1726 2985 tantillum
