1888 3194
490 192 616 234 LIB.
649 191 793 233 XLII.
839 192 986 234 CAP.
1020 197 1087 234 25.
1426 198 1480 237 59

96 291 109 311 ‘
123 285 377 344 ceptandum
397 284 579 326 veniant.
644 283 688 326 Si
708 283 866 340 aliquid
888 292 1061 340 possent
1076 282 1326 325 Masinissae
1348 284 1480 326 hono·
1496 295 1540 327 U.
1556 295 1595 327 C.
1618 296 1689 335 580.

64 349 109 386 4‘
124 344 179 387 ris
197 357 333 393 causa,
355 351 399 384 et
418 341 562 384 fecisse
583 349 626 383 et
645 341 825 383 facturos
846 355 956 382 esse:
990 341 1055 382 ius
1081 340 1237 397 gratiae
1259 356 1346 382 non
1367 341 1478 384 dare.
1494 341 1533 370 A.
1558 340 1595 370 C.
1622 348 1691 378 ¹72·

97 406 110 426 ⁶
124 401 302 458 Agrum,
324 415 409 456 qua
428 399 631 455 cuiusque
651 399 716 449 sit,
738 398 940 455 possideri
960 398 1089 440 velle:
1130 413 1209 440 nec
1239 413 1370 440 novos
1399 408 1482 440 sta-

64 469 82 500 5
97 464 109 483 ‘
124 468 239 501 tuere
260 457 378 508 fines,
400 457 474 499 sed
493 465 655 498 veteres
675 456 896 506 observari,
918 456 962 497 in
984 457 1124 498 animo
1144 456 1310 497 habere.
1376 455 1481 498 Car—

96 521 109 540 ‘
123 515 454 572 thaginiensibus
474 515 593 556 victis
613 529 657 556 se
678 523 721 556 et
741 514 876 564 urbes,
891 524 935 556 et
952 529 1070 571 agros
1091 513 1365 563 concessisse3
1394 529 1482 556 non

96 578 172 615 ‘ut
200 574 245 615 in
275 588 376 630 pace
410 573 620 629 eriperent
650 587 727 628 per
760 571 969 622 iniuriam,
1002 586 1109 628 quae
1140 571 1229 613 iure
1259 571 1359 613 belli
1394 587 1482 613 non

96 636 109 655 ‘
123 630 402 679 ademissent?
443 629 509 672 Ita
522 629 691 686 regulus
707 629 1159 686 Carthaginiensesque
1172 628 1343 671 dimissi.
1380 628 1482 670 Mu-

93 703 197 731 nera
222 704 276 731 ex
300 689 492 731 instituto
519 687 617 730 data
644 688 845 744 utrisque,
867 687 1031 744 aliaque
1058 686 1281 744 hospitalia
1306 687 1483 729 comiter

94 756 348 789 conservata.

155 803 242 846 Sub
277 804 390 846 idem
422 813 587 860 tempus
620 803 701 845 Cn.
728 802 926 844 Servilius
958 802 1133 859 Caepio,
1165 802 1249 859 Ap.
1276 801 1482 845 Claudius
1559 808 1625 846 25.

97 860 282 913 Centho,
299 862 351 904 T.
372 862 540 904 Annius
557 861 718 903 Luscus
738 860 877 918 legati,
900 860 953 902 ad
973 876 1038 902 res
1059 861 1308 917 repetendas
1327 860 1372 901 in
1387 860 1483 902 Ma·
1496 863 1607 902 Legati
1624 863 1666 894 ud

62 926 83 959 6
95 920 315 962 cedoniam
331 919 738 975 renuntiandamque
755 919 981 960 amicitiam
999 919 1087 974 regi
1104 918 1229 968 missi,
1243 918 1478 960 redierunt:
1494 916 1654 979 ζὲξᾶξξξξι

95 978 170 1034 qui
190 978 273 1020 iam
292 993 368 1020 sua
387 987 534 1034 sponte
556 977 754 1019 infestum
775 977 893 1018 Persi
914 972 1106 1018 senatum
1137 976 1308 1034 insuper
1334 991 1483 1019 accen·
1497 969 1648 1022 Macedo—

95 1034 262 1086 derunt,
293 1035 433 1077 relatis
461 1035 620 1084 ordine,
650 1050 756 1090 quae
787 1034 1001 1084 vidissent,
1031 1049 1224 1090 quaeque
1256 1034 1480 1076 audissent.
1496 1035 1582 1064 ”iam
1605 1033 1694 1065 missi

97 1092 288 1135 ‘Vidisse
316 1108 360 1134 se
390 1107 467 1149 per
487 1107 632 1134 omnes
652 1093 775 1133 urbes
797 1091 1084 1133 Macedonum
1105 1106 1268 1133 summa
1287 1092 1327 1132 vi
1349 1092 1485 1148 parari
1497 1078 1641 1109 redeunt.

96 1150 289 1194 ‘bellum.
355 1149 502 1199 Quum
529 1149 584 1191 ad
613 1164 756 1206 regem
785 1149 1085 1206 pervenissent,
1107 1164 1183 1205 per
1213 1148 1366 1190 multos
1396 1149 1485 1191 dies

98 1208 402 1251 ‘conveniendi
418 1208 507 1250 eius
527 1216 776 1264 potestatem
798 1222 884 1248 non
905 1207 1080 1248 factam:
1113 1217 1337 1263 postremo,
1353 1222 1485 1263 quum

98 1266 342 1324 ‘desperato
363 1266 446 1307 iam
466 1265 676 1322 colloquio
696 1265 871 1322 profecti
893 1273 1043 1314 essent,
1062 1273 1152 1306 tum
1173 1264 1346 1306 demum
1366 1280 1409 1306 se
1431 1280 1485 1306 ex

98 1324 271 1366 ‘itinere
291 1333 517 1373 revocatos,
539 1333 582 1364 et
607 1323 660 1364 ad
687 1338 783 1364 eum
811 1322 1068 1364 introductos
1098 1337 1198 1363 esse.
1264 1321 1372 1364 Suae
1395 1338 1487 1364 ora-

99 1382 249 1425 ‘tionis
273 1397 475 1424 summam
498 1381 649 1422 fuisse:
683 1380 862 1430 Foedus,
885 1395 980 1422 eum
1002 1379 1202 1437 Philippo
1223 1380 1366 1430 ictum,
1389 1395 1486 1422 cum

100 1440 214 1497 ‘ipso
245 1455 296 1482 eo
329 1449 423 1497 post
455 1448 631 1481 mortem
667 1439 795 1495 patris
827 1447 1099 1480 renovatum:
1141 1438 1186 1479 in
1217 1453 1302 1494 quo
1332 1438 1485 1480 diserte

99 1497 336 1556 ‘prohiberi
356 1513 467 1548 eum,
489 1506 607 1539 extra
634 1497 740 1538 fines
770 1511 884 1538 arma
903 1497 1075 1545 effcrrc3
1107 1495 1332 1552 prohiberi,
1354 1496 1487 1538 socios

100 1560 180 1613 ‘po
211 1555 271 1597 uli
303 1555 486 1597 Romani
517 1555 716 1596 lacessere
753 1554 875 1596 bello.
940 1553 1142 1610 Exposita
1173 1553 1328 1595 deinde
1361 1555 1412 1595 ab
1443 1569 1486 1595 se

101 1618 172 1655 ‘or
203 1613 285 1663 ine,
308 1628 415 1669 quae
446 1613 525 1669 ipsi
555 1627 691 1668 nuper
720 1612 764 1653 in
795 1621 944 1654 senatu
973 1611 1209 1653 Eumenem
1230 1627 1327 1653 vera
1346 1612 1489 1653 omnia

101 1675 170 1713 ‘et
203 1680 415 1727 comperta
453 1670 702 1711 referentem
744 1669 967 1711 audissent.
1035 1668 1327 1710 Samothracae
1369 1685 1488 1725 prae-

102 1733 241 1771 ‘terea
269 1743 344 1784 per
374 1727 526 1769 multos
547 1727 635 1768 dies
656 1727 868 1768 occultum
889 1726 1109 1768 consilium
1141 1742 1235 1767 cum
1267 1726 1488 1783 legationi-

103 1787 204 1828 ‘bus
237 1786 468 1828 civitatium
503 1785 628 1826 Asiae
664 1800 806 1840 regem
842 1784 1044 1825 habuisse.
1107 1783 1191 1825 Pro
1227 1784 1291 1825 his
1326 1784 1488 1825 iniuriis

103 1844 329 1893 ‘satisfieri‚
351 1853 542 1884 senatum
571 1858 751 1898 aequum
779 1857 962 1891 censere,
986 1841 1189 1897 reddique
1221 1841 1298 1882 sibi
1329 1856 1393 1883 res
1423 1857 1488 1883 so-

102 1902 285 1958 ‘ciisque
306 1901 402 1950 suis,
426 1915 529 1956 quas
549 1910 694 1941 contra
722 1900 785 1940 ius
814 1899 992 1940 foederis
1021 1899 1183 1940 habeat.
1249 1899 1412 1955 Regem
1435 1899 1487 1941 ad

103 1964 177 2001 ‘ea
210 1959 345 2016 primo
380 1972 601 1999 accensum
638 1958 697 1998 ira
734 1957 1008 1998 inclementer
1042 1956 1242 2006 locutum,
1272 1957 1488 1998 avaritiam

101 2017 444 2074 ‘superbiamque
469 2015 670 2056 Romanis
691 2015 958 2056 obiicientem
980 2014 1057 2055 fre(
1073 2024 1247 2055 uenter:
1281 2014 1397 2070 quod
1418 2015 1488 2056 alii

101 2079 250 2132 ‘super
270 2073 371 2116 alios
392 2073 517 2130 legati
537 2073 729 2115 venirent
759 2072 1019 2129 speculatum
1071 2072 1154 2113 icta
1177 2072 1369 2128 factaque
1401 2087 1487 2122 sua,

102 2131 242 2189 ‘quod
271 2147 314 2174 se
345 2131 398 2173 ad
429 2139 580 2173 nutum
611 2130 918 2187 imperiumque
941 2145 1085 2172 eorum
1107 2130 1249 2171 omnia
1269 2129 1410 2172 dicere
1441 2145 1489 2172 ac

102 2190 259 2232 ‘facere
290 2204 471 2246 aequum
499 2198 730 2231 censerent.
794 2188 1024 2237 Postremo,
1048 2187 1226 2228 multum
1249 2203 1296 2229 ac
1318 2187 1392 2229 diu
1418 2203 1490 2229 vo-

102 2254 113 2272 ‘
126 2248 356 2297 efferatum,
371 2247 521 2289 reverti
542 2256 708 2303 postero
727 2246 794 2287 die
813 2246 998 2287 iussisse:
1032 2246 1232 2302 scriptum
1252 2261 1295 2286 se
1317 2261 1490 2302 respon-

102 2312 218 2348 ‘sum
251 2305 348 2347 dare
379 2304 497 2346 velle.
560 2304 672 2346 Tum
706 2305 763 2345 ita
794 2304 871 2345 sibi
907 2304 1107 2360 scriptum
1145 2303 1343 2345 traditum
1374 2319 1486 2345 esse:

101 2363 304 2414 ‘Foedus‚
336 2378 432 2405 cum
469 2372 584 2419 patre
616 2362 759 2412 ictum,
790 2361 842 2403 ad
872 2377 915 2403 se
944 2361 1047 2402 nihil
1080 2361 1300 2418 pertinere.
1364 2361 1416 2403 Id
1446 2377 1489 2403 sc

102 2427 113 2446 ‘
126 2422 329 2471 renovari,
349 2436 435 2462 non
456 2421 556 2477 quia
575 2420 781 2476 probaret,
804 2419 877 2461 sed
899 2420 999 2476 quia
1028 2419 1072 2460 in
1104 2435 1211 2460 nova
1231 2420 1490 2476 possessione

103 2480 244 2537 ‘regni
275 2478 474 2536 patienda
503 2478 644 2519 onmia
671 2487 821 2527 essent,
844 2493 1021 2534 passum.
1086 2477 1256 2518 Novum
1282 2477 1430 2518 foedus
1456 2477 1490 2518 si

103 2544 268 2580 ‘secum
289 2537 422 2579 facere
443 2535 611 2585 vellent,
628 2536 852 2577 convenire
875 2535 989 2592 prius
1007 2535 1060 2576 de
1082 2535 1396 2576 conditionibus
1417 2535 1492 2576 de-

103 2596 252 2638 ‘berez
285 2605 340 2644 et,
365 2595 398 2635 si
428 2594 470 2635 in
502 2594 688 2635 animum
720 2593 983 2642 inducerent,
1016 2603 1063 2634 ut
1093 2608 1145 2634 ex
1178 2608 1313 2649 aequo
1345 2592 1491 2634 foedus

104 2654 260 2702 ‘fiel-ct,
292 2662 334 2694 et
361 2668 404 2694 se
434 2652 630 2699 visurum,
659 2651 762 2708 quid
794 2651 869 2692 sibi
897 2650 1141 2692 faciundum
1173 2660 1294 2700 esset,
1327 2661 1369 2691 et
1401 2650 1491 2691 illos

104 2711 296 2753 ‘credere
319 2710 571 2767 reipublicae
593 2709 865 2750 consulturos.
916 2709 1059 2765 Atque
1083 2709 1140 2750 ita
1160 2724 1202 2749 sc
1225 2709 1490 2764 proripuisse,

145 2852 165 2878 4
186 2842 244 2872 lua
269 2842 397 2880 madiae
426 2851 489 2870 mm
519 2841 612 2877 darc]
653 2840 694 2869 Se
724 2838 773 2868 ius
861 2847 877 2876 5
900 2840 962 2869 Sed
979 2843 1096 2869 veteres
1113 2839 1291 2875 observari!
1316 2839 1492 2867 Observare

105 2893 167 2914 non
191 2883 309 2915 violare
335 2882 365 2913 in
389 2883 522 2921 gratiam
548 2892 774 2922 personarum:
818 2886 947 2911 :im-tore
965 2881 1129 2910 omnm-io
1145 2880 1264 2919 reecpit
1287 2880 1424 2910 nokker.

105 2936 136 2956 se
152 2936 189 2956 ex
207 2925 285 2961 iure,
300 2937 362 2956 non
387 2936 425 2957 cx
450 2925 560 2966 gratia,
576 2930 715 2956 statuere
735 2936 772 2955 ac
860 2923 879 2952 6
903 2925 1086 2953 Amicitiam
1113 2924 1195 2962 νομί]
1227 2923 1312 2951 (ssim
1341 2924 1420 2960 rqsis
1451 2923 1490 2949 11—-

105 2968 253 3000 iudicare.
276 2969 382 3000 (ἷκεν.
818 2967 959 3001 uebatur.
1007 2967 1084 3003 ln'vyi
1102 2965 1284 2995 emendavit
1304 2964 1458 3001 siguum-2
