1888 3194
513 199 639 242 LIB.
673 199 841 241 XLIII.
887 200 1032 243 CAP.
1071 206 1134 243 10.
1436 210 1514 249 1Ο9

129 291 322 334 Comitiis
341 290 505 340 habitis,
523 306 668 332 omnes
689 291 877 348 quinque
898 301 942 334 et
962 293 1132 348 triginta
1153 294 1285 336 tribus
1301 310 1397 336 eum
1414 311 1514 337 con·
1531 305 1573 337 U.
1590 306 1628 337 C.
1650 306 1722 346 592.

126 349 389 391 demnarunt.
1314 401 1317 406 ἱ
1527 349 1566 379 A.
1591 350 1629 381 C.
1655 359 1724 388 170·

183 405 236 448 In
262 405 489 462 Liguribus
516 421 566 447 eo
587 421 698 447 anno
726 406 831 447 nihil
861 407 1129 450 memorabile
1160 420 1336 465 gestum.
1399 409 1511 451 Nam
1605 412 1641 449 9.

125 478 204 506 nec
224 463 364 504 hostes
391 472 612 504 moverunt
633 479 758 513 arma,
781 479 919 520 neque
948 465 1093 507 consul
1120 466 1165 507 in
1193 481 1339 523 agrum
1369 482 1512 509 eorum
1530 466 1566 513 Ῑξῑ
1586 466 1715 524 ,Ligufia

123 521 312 577 legiones
332 520 524 562 induxit:
558 530 612 570 et,
634 522 733 563 satis
754 522 969 578 explorata
989 539 1092 580 pace
1114 524 1203 565 eius
1225 524 1337 573 anni,
1360 525 1513 567 milites
1527 508 1605 581 {fflssssl
1622 519 1687 548 ges-

123 578 301 620 duarum
329 578 544 635 legionum
574 578 862 621 Romanarum
889 581 999 622 intra
1019 581 1108 622 dies
1135 582 1363 638 sexaginta,
1387 598 1514 638 quam

122 636 169 678 in
202 636 460 693 provinciam
495 637 622 686 venit,
660 637 829 678 dimisit.
894 637 1111 680 Sociorum
1146 640 1329 681 nominis
1370 640 1513 682 Latini

122 694 310 736 exercitu
338 704 499 736 mature
528 695 573 735 in
600 694 775 736 hiberna
803 695 970 737 Lunam
999 706 1041 737 et
1069 696 1185 738 Pisas
1205 697 1402 747 deducto,
1425 698 1512 755 ipse

122 767 219 794 cum
240 752 453 808 equitibus
477 751 639 794 Galliae
662 753 900 810 provinciae
922 753 1122 811 pleraque
1144 755 1300 812 oppida
1320 755 1434 797 adiit.

181 809 405 866 Nusquam
432 810 544 860 alibi,
574 826 700 866 quam
729 811 773 852 in
805 810 1071 862 Macedonia,
1093 812 1251 854 bellum
1279 822 1392 855 erat:
1426 829 1514 855 sus·
1527 825 1594 855 Res
1610 824 1640 855 in
1660 825 1702 855 11-

177 877 292 910 ctum
333 877 473 910 tamen
509 878 551 909 et
589 868 794 910 Gentium
831 868 1071 926 Illyriorum
1107 886 1249 927 regem
1290 871 1510 914 habebant.
1526 867 1625 928 lyrico
1640 878 1705 907 ge*

91 931 112 963 6
148 934 273 983 taque
301 933 344 967 et
371 935 465 967 octo
494 941 618 967 naves
645 936 810 968 ornatas
841 942 865 968 a
895 927 1121 970 Brundisio
1152 938 1320 970 senatus
1350 915 1588 971 censuit‘de·

123 983 348 1025 mittendas
369 983 422 1024 ad
446 982 495 1025 C.
516 983 688 1025 Furium
710 984 893 1040 legatum
916 984 1058 1035 Issam,
1079 986 1154 1042 vqui
1182 1002 1278 1028 cum
1307 987 1514 1043 praesidio

121 1041 299 1083 duarum
337 1040 563 1082 Issensium
598 1042 767 1082 navium
799 1042 958 1084 insulae
990 1053 1190 1099 praeerat.
1254 1044 1354 1086 Duo
1385 1045 1515 1086 millia

121 1098 303 1140 militum
324 1098 366 1139 in
389 1114 458 1140 eas
479 1113 605 1140 naves
629 1108 727 1140 sunt
748 1099 954 1155 imposita,
978 1116 1085 1155 quae
1109 1101 1170 1142 M.
1192 1101 1374 1143 Raecius
1394 1118 1514 1159 prae-

121 1164 187 1198 tor
206 1169 259 1198 ex
280 1156 637 1197 senatusconsulto
654 1156 698 1196 in
715 1171 765 1198 ea
784 1166 901 1212 parte
923 1157 1084 1208 Italiae,
1103 1174 1209 1214 quae
1227 1159 1392 1201 obiecta
1413 1160 1514 1217 Illy-

119 1213 206 1256 rico
233 1222 308 1263 est,
330 1214 600 1270 conscripsit:
635 1223 676 1255 et
705 1214 850 1255 consul
874 1213 1081 1257 Hostilius
1103 1216 1187 1272 Ap.
1210 1215 1437 1258 Claudium
1468 1219 1512 1258 in

120 1271 336 1329 Hlyricum
363 1286 460 1313 cum
482 1280 680 1328 quattuor
707 1271 890 1314 millibus
917 1273 1108 1329 peditum
1137 1274 1264 1324 misit,
1286 1282 1334 1315 ut
1355 1275 1514 1317 accolas

119 1328 277 1387 Illyrici
298 1338 514 1371 tutaretur.
581 1328 681 1379 Qui,
704 1345 788 1371 non
811 1339 1034 1372 contentus
1054 1331 1116 1381 iis,
1139 1347 1243 1388 quas
1264 1332 1512 1383 adduxerat,

118 1387 262 1445 copiis,
284 1387 440 1429 auxilia
459 1387 510 1428 ab
526 1387 648 1429 sociis
668 1388 939 1444 corrogando,
961 1388 1015 1430 ad
1031 1397 1126 1431 octo
1143 1389 1274 1432 millia
1293 1390 1512 1432 hominum

89 1446 232 1489 7vario
261 1460 414 1502 genere
445 1445 640 1487 armavit:
683 1455 985 1503 peragrataque
1016 1448 1132 1489 omni
1163 1463 1212 1489 ea
1242 1448 1426 1505 regione,
1459 1449 1513 1490 ad

120 1503 159 1545 L
190 1503 392 1545 chnidum
426 1501 761 1545 Dassaretiorum
795 1504 995 1546 consedit.
1060 1504 1190 1547 Haud
1230 1507 1377 1563 procul
1412 1507 1510 1549 inde
1595 1508 1656 1546 10.

88 1564 108 1596 8
165 1576 290 1604 scana
319 1560 522 1618 oppidum
552 1561 702 1602 finium
732 1561 981 1619 plerumque
1014 1562 1158 1605 Persei
1185 1573 1284 1606 erat.
1348 1564 1508 1607 Decem
1527 1563 1699 1622 A‘p3Clau-

119 1619 252 1660 millia
277 1619 431 1661 civium
450 1619 650 1669 lnabebat,
677 1628 719 1661 et
746 1619 974 1670 modicum,
1003 1621 1216 1663 custodiae
1244 1637 1380 1672 causa,
1406 1622 1512 1664 Cre·
1525 1606 1692 1679 {lssg‘assn-

121 1677 302 1718 tensium
342 1676 608 1733 praesidium.
671 1675 778 1718 Inde
819 1678 959 1719 nuntii
999 1678 1053 1718 ad
1092 1677 1321 1721 Claudium
1359 1680 1511 1722 occulti
1525 1691 1612 1722 sibus
1627 1703 1695 1723 cae-

119 1735 370 1777 veniebant:
406 1739 417 1758 ‘
433 1733 476 1776 Si
498 1734 668 1790 propius
688 1735 827 1790 copias
848 1735 1111 1786 admovisset,
1129 1746 1294 1792 paratos
1315 1738 1415 1788 fore,
1438 1739 1512 1794 qui
1525 1745 1586 1765 ³¹¹³·

122 1799 133 1817 ‘
150 1792 377 1850 proderent
399 1792 556 1833 urbem.
621 1791 676 1833 Et
697 1807 846 1848 operae
872 1793 1055 1848 pretium
1083 1809 1195 1835 esse:
1229 1809 1315 1836 non
1344 1810 1386 1837 se
1409 1796 1513 1837 ami-

121 1856 300 1906 ‘cosque
337 1859 512 1899 tantum,
550 1849 622 1890 sed
663 1850 788 1891 etiam
831 1850 982 1892 milites
1022 1851 1177 1907 praeda
1217 1852 1512 1909 expleturum.’

121 1908 226 1965 Spes
253 1907 474 1964 cupiditati
503 1907 671 1949 admota
702 1907 759 1948 ita
786 1909 1022 1950 occaecavit
1050 1909 1250 1959 animum,
1278 1920 1324 1951 ut
1352 1917 1431 1953 nec
1458 1927 1510 1953 ex

86 1959 180 2023 ffiis,
198 1966 271 2022 qui
290 1974 509 2014 venerunt,
532 1980 786 2021 quemquam
805 1965 1002 2007 retineret
1019 1982 1029 2015 3
1063 1981 1141 2008 nec
1158 1968 1336 2018 obsides,
1360 1969 1512 2025 pignus

116 2024 278 2066 futuros
297 2023 407 2064 furto
435 2032 479 2064 et
498 2022 643 2064 fraude
672 2022 858 2079 agendae
881 2024 953 2073 rei,
976 2033 1188 2079 posceret3
1221 2040 1299 2067 nec
1325 2027 1511 2068 mitteret

86 2099 104 2120 2
117 2081 381 2139 exploratum
398 2096 408 2130 ;
441 2096 519 2122 nce
536 2080 662 2122 fldem
685 2081 904 2137 acciperet.
958 2081 1042 2123 Die
1062 2092 1224 2124 tantum
1241 2093 1395 2126 statuta
1416 2100 1511 2141 pro-

117 2139 249 2182 fectus
269 2154 294 2181 a
314 2138 551 2196 Lychnido,
574 2138 798 2180 duodecim
825 2138 955 2180 millia
975 2139 1027 2181 ab
1056 2141 1171 2190 urbe,
1195 2141 1247 2182 ad
1270 2157 1396 2198 quam
1420 2152 1511 2184 ten-

117 2197 255 2248 debat,
277 2197 416 2254 posuit
432 2206 575 2238 castra.
641 2197 802 2245 Quarta
824 2197 922 2238 inde
939 2197 1081 2253 vigilia
1101 2198 1218 2255 signa
1235 2200 1377 2249 movit,
1397 2200 1509 2242 mille

116 2255 246 2298 ferme
267 2255 320 2297 ad
341 2254 595 2311 praesidium
616 2264 845 2296 castrorum
870 2255 1046 2297 relictis:
1081 2256 1359 2313 incompositi,
1384 2257 1510 2315 longo

116 2314 283 2371 agmine
305 2313 437 2363 effusi,
461 2312 759 2369 infrequente-S,
782 2328 913 2369 quum
944 2322 1174 2356 nocturnus
1202 2330 1316 2357 error
1336 2315 1509 2373 dissipa·

45 2386 57 2396 ‘
117 2381 193 2422 ret,
215 2371 268 2413 ad
295 2371 439 2413 urbem
468 2380 762 2427 pervenerunt.
828 2370 975 2412 Crevit
996 2371 1264 2428 negligentia,
1287 2383 1506 2431 postquam

116 2430 329 2472 neminem
358 2439 561 2470 armatum
584 2428 627 2469 in
658 2429 786 2470 muris
813 2428 1020 2471 viderunt.
1086 2430 1304 2481 Ceterum,
1328 2432 1399 2473 ubi
1425 2433 1509 2489 pri-

85 2499 103 2530 3
117 2502 233 2529 mum
253 2487 330 2529 sub
351 2487 435 2528 ictu
466 2486 537 2528 teli
559 2486 742 2537 fuerunt,
765 2486 928 2528 duabus
948 2487 1072 2529 simul
1094 2489 1222 2544 portis
1249 2491 1506 2547 erumpitur3

158 2589 178 2621 6
202 2592 311 2622 Naves
333 2592 480 2629 ornatus]
512 2601 554 2621 sc.
574 2590 734 2621 Militibus
757 2596 789 2621 et
876 2602 895 2632 9
920 2593 982 2629 Qui
1009 2594 1182 2630 venerunt]
1233 2594 1393 2624 Veneram
1416 2604 1454 2624 cx
1479 2607 1508 2624 e-

117 2634 211 2664 rebus
231 2634 416 2664 necessariis
436 2633 615 2664 instructas.
647 2635 686 2665 cs.
703 2644 787 2674 supr.
834 2635 1040 2666 mendatinne
1068 2635 1223 2665 Gronovii
1252 2637 1393 2676 reposuit
1425 2637 1509 2668 Bek-

117 2676 160 2708 xl.
178 2675 227 2707 26.
254 2677 362 2707 Dona.
835 2677 900 2708 ker.

161 2727 178 2759 7
210 2720 303 2750 Vario
329 2720 464 2759 yenere]
496 2719 713 2759 Intelligendn
743 2724 790 2751 est
882 2730 892 2750 1
919 2722 1048 2760 Piynus
1065 2722 1202 2759 futuros
1220 2723 1317 2760 furto
1338 2728 1369 2754 e!
1384 2724 1510 2762 fraude

118 2771 178 2793 vox
190 2763 365 2801 hominum,
382 2773 444 2793 non
461 2773 633 2794 armorum.
651 2763 690 2794 cf.
704 2773 789 2803 supr.
835 2764 979 2802 ayt-miae
1003 2765 1067 2802 rei]
1110 2766 1237 2804 l¹iynus
1259 2766 1394 2804 futuros
1419 2768 1509 2806 afore:

118 2805 160 2836 xl.
178 2815 227 2843 42.
827 2807 982 2845 fraudem
1001 2809 1145 2847 ayendae
1160 2809 1207 2839 rei
1227 2808 1367 2840 Bekker.
1386 2809 1416 2838 in
1441 2815 1507 2839 tex-

159 2848 178 2877 8
202 2849 364 2888 Oppidum
372 2849 493 2888 finium
509 2849 714 2888 plerumque]
748 2859 788 2879 sc.
835 2854 902 2880 tuni
921 2850 1051 2889 recepit.

119 2889 217 2925 Quod
235 2891 328 2930 vulgo
351 2892 391 2922 ud
417 2892 495 2921 iim-s
516 2891 601 2929 regni
622 2892 726 2922 l'emei
745 2902 789 2922 re·
879 2901 894 2922 2
914 2893 1021 2922 Fialvm
1039 2894 1212 2932 acciperet]
1232 2905 1273 2924 sc.
1290 2894 1508 2924 iureiurando.

118 2931 289 2969 ferebatur,
316 2933 346 2963 in
376 2933 492 2964 finibus
518 2934 732 2966 Macedoniae
759 2940 789 2965 et
878 2943 896 2973 3
913 2936 979 2965 Sub
1003 2937 1067 2965 ictu
1091 2935 1162 2974 teli]
1202 2937 1271 2966 Ictu
1296 2947 1333 2966 ex
1359 2936 1507 2966 emendu-

122 2974 244 3014 Illyrici
262 2975 410 3014 positum.
835 2977 923 3009 tione
949 2977 1204 3008 lhukvubmcffii
1231 2978 1261 3008 in
1292 2979 1395 3007 locum
1425 2978 1508 3006 mci<
