1888 3194
361 205 511 249 ΤῙΤῙ
551 203 733 248 LIVII
774 186 1244 246 ifRAGMENTA.
1417 207 1497 246 281

627 386 707 428 Ea:
727 386 804 428 lib.
829 385 983 428 CXII.

163 463 329 520 Bogud,
370 463 573 521 Bogudis,
613 478 771 506 nomen
819 464 1057 514 barbarum,
1098 463 1216 521 quod
1260 463 1409 506 Livius
1457 466 1503 506 in

107 521 255 564 CXII.
288 520 517 563 declinavit
550 520 750 577 Bogudis.
814 522 1034 564 Priscian.
1063 523 1137 564 lib.
1172 522 1216 564 V.
1240 538 1291 578 p.
1313 525 1412 564 643.
1435 525 1501 565 ed.

102 580 285 622 Petsch.
310 580 399 621 Vol.
422 580 461 621 Ι.
480 595 529 636 p.
557 581 653 620 172.
676 581 740 621 ed.
763 580 916 621 Krehl.
934 580 1033 621 coll.
1054 580 1130 622 lib.
1157 579 1231 621 VI.
1242 595 1292 636 p.
1312 582 1412 622 686.
1435 582 1501 622 ed.

106 637 287 679 Pmch.
315 636 405 679 Vol.
425 637 465 678 I.
480 652 531 692 p.
555 639 654 678 234.
677 638 743 678 ed.
765 636 920 677 Krehl.

164 691 316 735 Castra
335 708 507 750 quoque
528 693 703 735 diversis
728 693 918 751 partibus
940 693 1109 735 Cassius
1130 703 1174 735 et
1195 692 1349 751 Bogud
1368 694 1505 737 adorti

105 749 221 792 haud
239 749 422 792 multum
442 751 627 801 absuere,
674 751 752 792 uin
771 765 898 808 opera
917 760 1252 808 perrumperent.

166 806 268 856 Quo
289 817 478 864 tempore
498 808 648 850 firman
683 809 691 816 '
715 808 836 865 regni
852 807 1042 865 Bogudis
1062 824 1187 851 musa
1205 810 1440 852 exercitum
1460 810 1506 852 in

104 864 296 908 Afrioem
318 865 518 908 velociter
537 866 728 908 traiicere
748 875 924 907 conatus
943 866 1009 907 sit.

166 923 335 965 Cassius
373 923 568 979 gessisset
607 938 704 965 cum
741 923 958 965 Trebonio
996 923 1169 974 bellum,
1205 924 1241 965 si
1282 923 1507 981 Bogudem

108 979 273 1022 trahere
300 981 345 1022 in
365 981 608 1022 societatem
628 981 778 1022 furoris
803 981 1020 1037 potuisset.
1083 982 1303 1024 Priscian.
1327 983 1401 1025 lib.
1429 984 1503 1026 VI.

100 1053 152 1094 p.
175 1039 273 1080 686.
295 1054 361 1094 sq.
384 1040 450 1080 ed.
468 1039 648 1080 Putsch.
678 1039 766 1080 Vol.
788 1039 827 1079 I.
844 1055 895 1094 p.
919 1041 1017 1080 234.
1041 1041 1106 1081 ed.
1130 1040 1285 1081 Krehl.

170 1094 494 1151 Quadringenta
514 1094 644 1136 millia
664 1094 866 1136 librorum
882 1095 1169 1136 Alexandriae
1191 1106 1395 1146 arserunt,
1411 1097 1507 1153 pul-

108 1151 362 1194 cherrimum
388 1152 527 1207 regiae
549 1151 790 1208 opulentiae
818 1162 1155 1194 monumentum.
1221 1153 1343 1194 Alius
1364 1153 1509 1196 lauda-

109 1209 229 1258 verit,
246 1208 354 1250 sicut
370 1208 531 1258 Livius,
548 1209 623 1265 qui
639 1208 873 1265 elegantiae
890 1224 1037 1266 regum
1058 1224 1268 1266 curaeque
1290 1212 1508 1268 egregium

108 1264 156 1307 id
175 1281 281 1323 opus
301 1266 359 1307 ait
379 1266 516 1308 fuisse.
565 1268 730 1308 Seneca
751 1267 804 1308 de
831 1267 872 1307 T
869 1267 1072 1324 ranqm'll.
1091 1269 1218 1309 (mim.
1236 1284 1333 1325 cap.
1355 1272 1392 1311 9.
1437 1271 1507 1326 Cf.

109 1323 375 1366 Freinshem.
395 1325 613 1380 Supplem.
637 1340 735 1380 cap.
757 1326 826 1365 43.

621 1516 698 1557 Ex
720 1516 791 1557 lib.
821 1516 1001 1557 CXIII.

174 1610 231 1652 Et
251 1610 339 1667 ipse
359 1610 470 1652 circa
490 1608 657 1666 Palpud
678 1624 793 1650 oram
818 1610 1026 1651 tuebatur.
1091 1610 1310 1653 Priscian.
1334 1613 1406 1654 lib.
1440 1614 1511 1655 VI.

108 1686 156 1725 p.
180 1671 277 1711 687.
300 1669 364 1710 ed.
389 1668 564 1709 Putsch.
591 1667 676 1709 l‘ol.
699 1668 737 1709 I.
753 1684 803 1723 p.
825 1671 922 1709 234.
946 1669 1010 1710 ed.
1035 1668 1187 1710 Krehl.

607 1860 629 1879 ⁵
656 1860 732 1901 Ex
754 1859 825 1901 lib.
856 1859 1022 1901 CXIV.

177 1956 299 1999 Haec
319 1955 373 1998 de
396 1954 525 1997 Basso
546 1954 734 2011 produnt
762 1954 953 1996 nonnulli
973 1970 983 2003 3
1017 1954 1164 1996 Livius
1185 1970 1297 2006 vero,
1319 1955 1517 1998 militasse

116 2030 216 2058 eum
247 2013 441 2070 Pompeii
473 2012 695 2077 auspiciis:
729 2027 815 2077 quo
845 2012 958 2076 victo
989 2012 1199 2077 privatum
1231 2028 1365 2069 egisse
1398 2013 1518 2070 Tyri,

117 2069 1520 2186 οεῖῗῖοῗῖῗεῖῗιιᾞῖἒῶἒέἒὲῃῖἷὲᾍᾚῗἶῆῗῗὶῖῗὲὲἒῖἤῗ-εῗ

119 2189 215 2230 III.
239 2190 308 2230 77.
376 2187 447 2242 Cf.
470 2186 735 2227 l''reins}1em.
761 2185 979 2241 Supplem.
1003 2201 1054 2227 ca
1092 2217 1101 2226 .
1130 2188 1164 2226 l.

181 2244 387 2301 Optarem
428 2242 534 2284 mihi
572 2242 832 2298 contingere,
869 2241 989 2298 quod
1025 2242 1037 2256 '
1066 2274 1077 2283 .
1101 2241 1248 2284 Livius
1287 2243 1432 2284 scribit
1467 2243 1521 2285 de

119 2304 311 2346 Catone:
343 2300 464 2343 cuius
493 2299 652 2357 gloriae
682 2314 823 2356 neque
854 2299 1013 2356 profuit
1040 2299 1264 2356 quisquam
1295 2300 1521 2351 laudando,

121 2375 202 2402 nec
222 2356 502 2416 vituperando
522 2357 746 2413 quisquam
768 2357 928 2406 nocuit,
946 2372 1079 2413 quum
1101 2367 1328 2415 utrumque
1349 2359 1524 2400 summis

121 2416 303 2475 praediti
325 2415 501 2458 fecerint
530 2415 721 2470 ingeniis.
787 2414 1006 2471 Significat
1027 2425 1169 2456 autem
1192 2416 1256 2457 M.
1273 2416 1524 2458 Ciceronem

121 2484 167 2518 et
198 2473 250 2516 C.
271 2473 511 2521 Caesarem,
533 2487 716 2528 quorum
746 2471 852 2513 alter
882 2471 1041 2523 laudes,
1063 2472 1170 2514 alter
1195 2473 1525 2530 vituperationes

121 2547 249 2632 ειιὶρη
287 2531 391 2573 dicti
437 2530 602 2586 scripsit
643 2529 732 2571 viri.
807 2530 1066 2587 Hieronym.
1103 2532 1224 2573 Prol.
1264 2532 1340 2574 lib.
1374 2532 1442 2574 ll.
1480 2533 1525 2574 in

177 2605 333 2633 oseam.

622 2724 641 2741 ⁶
670 2724 743 2765 Ex
765 2723 835 2764 lib.
861 2723 945 2765 (X
957 2723 1026 2764 1³1.

191 2824 380 2866 Aedibus
399 2824 592 2865 Caesaris
607 2833 778 2865 ornatus
800 2824 1112 2880 maiestatisque
1131 2839 1255 2865 causa
1271 2838 1322 2864 cx
1341 2834 1526 2864 senatus·

129 2881 322 2922 consulto
350 2881 598 2922 adiunctum
630 2891 719 2922 crat
751 2881 975 2936 fastigium,
1009 2892 1055 2923 ut
1087 2881 1235 2922 Livius
1265 2891 1414 2921 narrat.
1479 2879 1528 2919 ld

130 2952 205 2994 per
244 2937 431 2993 quietem
470 2937 704 2994 Calpurnia
742 2938 893 2981 collabi
930 2939 1157 2994 imaginata
1192 2937 1411 2980 videbatur
1450 2936 1527 2978 sibi
