1888 3194
347 182 429 221 326
861 177 1010 220 ΤΙΤΙ
1052 177 1232 219 LIVII

411 293 636 350 Specimen
657 291 945 333 characterum
965 292 1091 333 huius
1112 291 1269 333 codicis
1285 298 1422 332 exstat
1442 289 1556 347 apud
1578 295 1605 315 “
1617 290 1746 347 Frag-

350 370 478 404 ment.
514 361 577 403 M.
611 360 744 403 Tullii
779 359 997 402 Ciceronis
1032 359 1148 402 Orat.
1182 375 1256 416 pro
1290 358 1353 401 M.
1386 359 1564 401 Fonteio
1597 368 1641 401 et
1669 373 1746 416 pro

353 429 403 471 C.
429 429 615 471 Rabirio.
678 428 729 469 T.
754 428 868 470 Livii
899 428 969 470 lib.
1001 427 1125 469 XCI.
1161 427 1401 484 Fragment.
1432 427 1531 469 edit.
1561 442 1585 468 a
1613 426 1663 468 B.
1690 425 1744 468 G.

352 497 601 539 Niebuhrio.
628 496 790 537 Romae
817 496 964 537 1820.”
1026 495 1274 545 Columnae,
1298 511 1406 551 quae
1440 510 1565 551 supra
1592 494 1645 536 ad
1674 509 1748 535 ex-

351 565 511 622 emplar
533 564 894 621 Kreyssigianum,
918 563 996 603 nisi
1019 563 1132 617 quod
1159 563 1396 604 charactere
1422 563 1584 604 minore
1606 577 1747 618 neque

351 634 512 675 ratione
548 633 743 673 foliorum
783 641 956 680 servata,
994 646 1172 671 excusae
1213 640 1324 680 sunt,
1367 632 1581 687 quadratis
1617 631 1749 672 literis

352 702 616 743 exhibentur.
682 699 951 754 Kreyssigius
973 698 1060 753 ipse
1083 698 1290 753 quaedam
1312 699 1381 739 hic
1409 699 1494 740 illic
1522 699 1747 755 supplevit,

353 785 460 827 quae
484 767 759 816 Niebuhrius‚
782 781 836 807 ne
862 765 966 821 quid
994 765 1183 806 hiulcum
1210 774 1460 816 remaneret,
1487 766 1751 808 admittenda

354 836 531 885 censuit,
563 843 606 876 at
636 833 856 875 fatendum
891 848 979 875 esse
1013 834 1192 884 monuit,
1226 834 1334 875 nihil
1370 849 1458 875 esse
1493 833 1609 875 unde
1645 834 1751 890 quid

353 902 638 960 supplendum
681 901 745 951 sit,
793 900 1047 958 colligamus.
1126 901 1279 952 Notae,
1323 917 1427 958 quas
1478 901 1752 959 Kreyssigius

352 974 588 1030 fragmento
616 970 806 1020 subiecit,
829 970 874 1010 in
901 969 1087 1011 editione
1115 969 1229 1012 Livii
1256 970 1404 1011 maiori
1430 969 1600 1027 Lipsiae
1626 972 1749 1014 1827.

355 1050 455 1083 tom.
498 1039 577 1082 IV.
622 1055 691 1096 pp.
736 1039 963 1081 375—473
1008 1046 1186 1080 exstant.
1264 1037 1566 1094 Fragmentum
1608 1053 1754 1081 emen-

355 1110 501 1152 datum
521 1116 564 1150 et
584 1107 825 1164 suppletum
847 1106 971 1149 adeas
991 1122 1101 1164 supr.
1125 1123 1164 1163 p.
1188 1108 1285 1150 276.
1322 1105 1452 1163 [Eu]
