1888 3194
460 496 1182 560 EPILOGUS.

119 846 292 898 HABES,
325 849 488 891 erudite
522 850 692 900 Lector,
725 865 829 906 opus
859 865 1015 901 meum,
1043 851 1338 909 qualecunque
1367 854 1433 904 sit,
1464 854 1518 896 ad

117 927 248 970 finem
287 929 567 986 perductum3
613 939 736 972 antea
769 946 882 981 vero,
917 945 1044 986 quam
1085 939 1126 972 te
1162 930 1299 973 valere
1335 933 1517 983 iubeam,

117 1021 252 1064 pauca
276 1008 483 1064 quaedam
511 1009 564 1050 de
590 1010 750 1050 ratione
779 1010 983 1065 propositi
1010 1010 1095 1051 mei
1123 1012 1384 1068 exsequendi
1414 1028 1518 1069 pace

117 1094 191 1128 tua
229 1086 434 1128 subiicere
475 1087 613 1128 velim.
677 1088 744 1129 Ae
785 1089 982 1144 primum,
1020 1089 1136 1144 quod
1176 1090 1231 1131 ad
1270 1100 1518 1134 contextum

117 1163 345 1206 Livianum
379 1165 543 1214 attinet,
574 1164 690 1206 haud
725 1165 926 1222 equidem
958 1167 1128 1222 ignarus
1160 1182 1287 1218 eram,
1323 1168 1520 1227 Kreyssi-

117 1242 248 1300 gium,
275 1243 321 1284 in
353 1243 540 1285 editione
569 1258 643 1284 sua
669 1243 765 1285 libri
797 1244 997 1286 tricesimi
1027 1245 1141 1286 tertii
1175 1245 1367 1288 Misenae
1394 1251 1518 1298 1839,

116 1321 258 1379 plures
278 1321 479 1364 lectiones
499 1337 628 1364 novas
655 1338 708 1365 ex
736 1323 881 1365 codice
904 1323 1208 1381 Bambergensi
1235 1334 1387 1377 erutas,
1410 1341 1519 1384 quae

118 1400 265 1443 decem
307 1401 434 1444 libros
474 1410 646 1459 quartae
688 1403 858 1445 decadis
898 1403 1167 1455 illustrarent,
1209 1404 1368 1462 publici
1418 1406 1519 1448 iuris

118 1479 278 1530 fecisse,
300 1488 343 1522 et
362 1481 538 1538 gratiam
559 1481 728 1523 lectoris
748 1496 815 1524 me
837 1482 1042 1524 initurum
1063 1483 1151 1525 fore
1173 1484 1316 1526 nescio
1344 1499 1399 1526 an
1427 1485 1517 1527 iure

119 1559 352 1616 suspicatus
392 1560 484 1611 sim,
526 1561 560 1602 si
600 1560 802 1602 lectiones
841 1561 916 1603 has
961 1563 1228 1619 reponendas
1270 1564 1515 1606 curaverim.

122 1637 191 1681 Re
227 1647 369 1681 tamen
411 1648 572 1681 mature
610 1655 818 1697 perpensa
859 1642 1073 1697 antiquius
1118 1641 1247 1683 habui
1287 1642 1519 1685 editionem

120 1719 390 1776 Lipsiensem
422 1727 706 1775 stereotypam
739 1734 764 1760 a
790 1719 910 1761 malis
939 1735 1072 1776 usque
1101 1720 1155 1762 ad
1186 1735 1276 1771 ova,
1309 1730 1357 1763 ut
1386 1722 1518 1772 aiunt,

119 1812 295 1848 servare,
313 1812 440 1854 quam
463 1797 575 1839 illam
597 1813 711 1839 nune
733 1800 866 1855 sequi,
883 1814 997 1841 nunc
1014 1799 1206 1841 deserere
1224 1809 1267 1842 et
1283 1799 1519 1843 Misenensi

118 1891 196 1934 pro
226 1877 398 1918 arbitrio
430 1891 524 1917 meo
555 1875 816 1933 posthabere.
884 1876 1013 1925 Quod
1039 1893 1136 1919 vero
1164 1879 1405 1934 proximum
1426 1879 1518 1929 fuit,

118 1956 420 2014 praefationem
445 1956 694 2013 Kreyssigii,
713 1957 756 1997 in
774 1971 858 2012 qua
877 1956 999 2012 plura
1018 1955 1072 1998 dc
1094 1972 1221 2013 opera
1242 1972 1328 2007 sua,
1352 1973 1519 2000 necnon

118 2035 173 2078 de
214 2034 465 2077 lectionibus
507 2033 783 2076 Bekkerianis
824 2033 1034 2085 disseruit,
1071 2036 1116 2076 in
1153 2035 1232 2076 hoc
1270 2045 1396 2086 tomo,
1434 2052 1519 2093 quo

119 2114 251 2171 magis
291 2113 440 2163 fontes,
479 2112 592 2154 unde
633 2112 864 2161 haurirent,
905 2121 1030 2168 atque
1072 2113 1199 2154 etiam
1241 2114 1392 2155 itinera
1432 2115 1521 2170 ipsa

124 2192 359 2250 Kreyssigii
400 2192 625 2234 lectoribus
665 2192 770 2232 meis
809 2200 1015 2247 paterent,
1057 2192 1324 2234 inserendam
1365 2193 1519 2243 curavi,

119 2271 286 2328 epilogo
314 2286 484 2327 quoque
516 2269 787 2312 Goelleriano
818 2271 1019 2327 praefixo,
1043 2272 1117 2328 qui
1148 2271 1286 2314 lucem
1315 2273 1520 2329 quodam-

120 2350 248 2393 modo
298 2349 549 2406 praefationi
601 2350 928 2407 Kreyssigianae
980 2351 1159 2392 afferret.
1225 2350 1305 2392 His
1345 2351 1518 2407 quidem

118 2429 325 2488 perlectis,
348 2428 583 2478 commoda,
607 2443 715 2485 quae
746 2428 982 2486 Kreyssigii
1009 2429 1218 2471 industria
1238 2430 1282 2471 in
1304 2430 1520 2472 codicibus

120 2510 353 2552 accuratius
386 2508 659 2566 inspiciendis
687 2508 938 2550 lectionibus
967 2509 1156 2551 Livianis
1184 2510 1336 2560 attulit,
1359 2509 1520 2551 facilius

120 2587 375 2645 cognoveris.
442 2586 657 2635 Quoniam
686 2601 784 2628 vero
817 2601 902 2628 non
936 2586 1063 2629 modo
1101 2586 1417 2645 Bambergensi‚
1446 2588 1520 2629 sed

121 2666 248 2708 etiam
271 2666 593 2708 Vindobonensi
625 2666 769 2708 codice
801 2682 989 2718 excusso,
1013 2668 1257 2710 varietatem
1291 2668 1519 2710 lectionum

121 2744 332 2802 supplevit
355 2745 637 2803 Kreyssigius,
660 2755 788 2804 atque
811 2745 1155 2790 Vindobonensis
1177 2747 1246 2789 ille
1268 2747 1392 2804 longe
1414 2747 1522 2788 anti*-

123 2823 347 2880 quissimus
382 2840 479 2881 prae
513 2825 709 2868 omnibus
743 2825 854 2868 Livii
892 2826 1107 2869 codicibus
1145 2835 1294 2875 exstat,
1329 2825 1521 2866 disserta-

182 2915 281 2944 vor„
307 2916 365 2944 ιν.
1251 2919 1284 2945 M
1307 2919 1347 2944 m
