1888 3194
343 148 425 186 216
861 145 1010 187 ΤΙΤΙ
1051 145 1231 190 LIVII

135 244 180 276 U.
198 244 236 276 C.
261 244 333 284 585
347 240 454 277 ‘nec
486 236 648 292 privato
678 235 784 286 1000,
816 251 894 277 nec
926 235 1096 293 publico
1128 235 1316 292 profano,
1348 234 1422 276 sed
1453 234 1498 275 in
1525 233 1737 290 Capitolio

136 287 572 343 A.C.167.ceduntur9
604 292 766 349 (utrum
798 293 1016 335 hominum
1049 293 1275 349 voluptatis
1307 307 1442 342 causa,
1474 307 1529 333 an
1560 291 1768 333 deorum9
1822 316 1825 320 ·

349 351 681 407 ‘hominumque
698 350 736 406 Ρ)
769 359 937 392 auctore
976 351 1061 392 Ser.
1089 350 1238 400 Galba,
1273 349 1477 391 turbaturi
1509 349 1641 390 estis?
1683 348 1734 389 L.

349 408 517 449 ‘Paulli
551 408 765 464 triumpho
799 417 942 464 portae
976 408 1257 449 claudentur?
1318 407 1416 448 Rex
1449 405 1737 447 Macedonum

349 470 361 490 ⁶
377 465 556 507 Perseus
583 480 681 506 cum
707 465 848 507 liberis
875 475 918 506 et
946 466 1067 506 turba
1091 465 1172 506 alia
1195 465 1467 521 captivorum,
1489 463 1621 528 spolia
1641 462 1738 504 Ma-

348 527 361 546 ⁶
376 522 598 573 cedonum,
616 523 720 564 citra
734 523 893 563 flumen
909 522 1228 578 relinquentur?
1278 522 1327 563 L.
1345 521 1518 563 Paullus
1538 520 1736 577 privatus,

349 585 362 604 ⁶
378 587 578 636 tanquam
602 595 697 621 rure
719 579 898 629 rediens,
921 595 945 620 a
968 588 1088 635 porta
1108 579 1281 620 domum
1305 579 1415 620 ibit?
1476 578 1534 619 Et
1557 586 1617 627 tu,
1639 592 1739 619 cen·
1754 590 1768 612 1

349 642 361 661 ⁶
378 637 500 687 turio,
522 637 653 686 miles,
676 637 780 693 quid
810 636 862 677 de
893 636 1141 692 imperatore
1175 635 1324 677 Paullo
1355 644 1523 677 senatus
1553 634 1735 677 decrerit

349 695 529 750 ‘potius,
567 709 693 750 quam
726 693 830 748 quid
869 692 954 734 Sei.
982 692 1120 734 Galba
1153 693 1375 742 fabuletur,
1409 693 1533 734 audi:
1579 701 1622 734 et
1656 692 1737 733 hoc

350 751 516 792 ‘dicere
548 766 614 791 me
645 750 797 806 potius,
821 765 946 805 quam
977 749 1109 799 illum,
1132 750 1242 791 audi.
1304 749 1381 790 Ille
1411 749 1531 798 nihil,
1553 757 1738 805 praeter-

350 813 504 863 ‘quam
525 807 654 872 loqui,
673 816 715 848 et
735 807 810 847 id
800 822 938 862 ipsum
959 806 1161 848 maledice
1178 822 1225 848 ac
1247 806 1443 871 maligne,
1461 781 1632 847 didicit:
1659 821 1738 862 ego

350 871 361 889 ⁶
378 873 441 905 ter
467 873 509 905 et
536 864 663 905 vicies
692 878 788 905 011111
815 864 935 905 hoste
968 879 1044 920 per
1075 864 1415 920 provocationem
1441 863 1651 920 pugnavi:
1684 878 1739 905 ex

350 927 361 946 ⁶
377 922 582 971 omnibus,
605 936 701 963 cum
724 921 876 977 quibus
904 936 1076 962 manum
1105 921 1310 971 conserui,
1332 920 1464 977 spolia
1489 920 1641 962 retuli:
1673 920 1740 962 in-

349 979 494 1035 ‘signe
528 994 678 1035 corpus
710 978 898 1020 honestis
929 979 1204 1028 cicatricibus,
1226 978 1422 1020 omnibus
1449 977 1622 1020 adverso
1649 993 1740 1020 cor-

350 1042 477 1092 ⁶pore
499 1037 699 1092 exceptis,
721 1036 868 1077 habeo.
873 1037 882 1053 ’
933 1035 1126 1077 Nudasse
1148 1036 1302 1077 deinde
1323 1051 1366 1077 se
1388 1035 1554 1085 dicitur,
1577 1044 1632 1085 et,
1655 1050 1740 1092 quo

348 1109 541 1150 quaeque
558 1093 669 1136 bello
686 1093 859 1135 vulnera
879 1104 1051 1151 accepta
1072 1103 1222 1144 essent,
1239 1093 1441 1135 retulisse.
1493 1092 1615 1141 Quae
1636 1092 1740 1134 dum

349 1159 544 1201 ostentat,
580 1151 787 1207 adapertis
821 1151 940 1201 forte,
978 1166 1085 1216 quae
1122 1151 1299 1192 velanda
1334 1159 1464 1201 erant,
1501 1158 1641 1192 tumor
1674 1150 1741 1191 in-

346 1209 523 1265 guinum
544 1209 745 1274 proximis
765 1208 893 1249 risum
916 1209 1056 1250 movit.
1119 1208 1245 1257 Tum,
1274 1214 1283 1232 ‘
1302 1207 1398 1249 Hoc
1419 1223 1603 1265 quoque,
1625 1206 1741 1263 quod

350 1266 548 1316 ‘ridetis,’
587 1267 739 1321 inquit,
792 1271 804 1289 ⁶
824 1266 869 1306 in
913 1281 1023 1330 equo
1064 1265 1153 1307 dies
1198 1274 1426 1321 noctesque
1476 1264 1740 1322 persedendo

349 1329 361 1348 ‘
377 1323 537 1364 habeo:
583 1338 662 1364 nec
703 1323 834 1379 magis
875 1338 942 1364 me
983 1338 1085 1372 01115,
1128 1338 1254 1379 quam
1295 1323 1536 1364 01011111011111
1575 1322 1738 1372 harum,

350 1381 509 1436 ‘pudet
529 1380 830 1436 poenitetque·
821 1412 831 1429 ,
865 1380 1034 1436 quando
1056 1395 1275 1436 nunquam
1303 1380 1407 1420 mihi
1434 1379 1740 1436 impedimento

350 1438 432 1478 ‘ad
467 1437 767 1494 iempublicam
804 1438 912 1479 bene
945 1438 1172 1493 gerendam
1206 1437 1321 1479 domi
1357 1437 1614 1493 militiaeque
1646 1436 1737 1478 fuit.

351 1501 363 1519 ⁶
380 1495 473 1551 Ego
501 1495 581 1536 hoc
608 1495 670 1535 fei
672 1510 717 1535 ro
747 1510 869 1551 saepe
891 1503 1088 1536 vexatum
1117 1510 1266 1551 corpus
1286 1503 1407 1535 vetus
1433 1494 1552 1535 miles
1579 1493 1741 1535 adoles-

351 1553 570 1593 ‘centibus
610 1552 812 1593 militibus
853 1552 1043 1593 ostendi.
1101 1552 1238 1593 Galba
1276 1552 1414 1593 nitens
1450 1560 1493 1593 et
1527 1551 1741 1607 integrum

351 1609 577 1650 ⁶.denudct
653 1609 877 1659 Revocate,
911 1610 945 1650 si
980 1609 1158 1658 videtur,
1196 1609 1367 1659 tribuni,
1404 1609 1458 1650 ad
1497 1608 1741 1665 suffragium

351 1673 363 1691 ⁶
382 1666 540 1716 tribus3
583 1681 661 1721 ego
694 1666 747 1707 ad
782 1682 866 1716 vos,
900 1666 1066 1716 milites,
1103 1666 1391 1722 [descendam,
1422 1676 1655 1722 euntesque
1687 1664 1772 1707 ada

352 1724 574 1780 ‘suffragia
606 1724 853 1774 assectabor,
882 1732 924 1764 et
956 1725 1110 1765 notabo
1143 1724 1355 1780 improbos
1386 1724 1669 1788 ingratosque,
1698 1730 1742 1764 et

352 1787 363 1805 ‘
379 1796 462 1830 005,
485 1781 559 1837 qui
580 1796 666 1822 non
687 1781 775 1837 legi
796 1796 839 1822 50
865 1782 916 1822 ab
938 1782 1200 1837 imperatore,
1223 1781 1297 1823 5011
1318 1796 1416 1822 011111
1436 1781 1547 1823 ultro
1567 1780 1646 1822 sibi
1665 1794 1742 1837 per

351 1844 363 1863 ⁶
378 1838 652 1879 ambitionem
676 1839 829 1879 seivire
854 1854 1037 1894 aequum
1063 1839 1260 1880 censent)
1321 1838 1416 1880 Hac
1441 1838 1628 1880 oratione
1653 1851 1740 1879 cas-

350 1897 479 1952 tigata
499 1895 689 1936 militaris
710 1896 831 1936 turba
855 1896 914 1936 ita
938 1896 1115 1937 mutavit
1135 1896 1336 1960 animum,
1358 1904 1406 1937 ut
1430 1896 1561 1937 tribus
1581 1895 1635 1936 ad
1655 1894 1741 1935 suf-

348 1953 526 2008 fragium
549 1961 764 1993 levocatae
787 1952 839 1993 ad
861 1968 988 1993 unam
1010 1967 1155 1993 omnes
1176 1953 1434 2008 rogationem
1451 1952 1504 1993 de
1526 1951 1740 2008 triumpho

348 2011 554 2050 iuberent.
617 2008 741 2049 Victa
761 2009 888 2063 igitur
912 2024 1177 2050 1111111100111111
1203 2009 1496 2050 malevolentia
1515 2017 1557 2050 et
1577 2009 1741 2050 obtrec-

350 2066 521 2115 tatione,
551 2065 823 2121 t1iumphavit
855 2065 1028 2107 Paullus
1058 2066 1110 2106 de
1146 2067 1300 2108 Perseo
1330 2082 1428 2122 rege
1461 2075 1504 2107 et
1537 2065 1741 2108 Macedo-

350 2123 473 2163 nibus
494 2137 569 2178 per
589 2122 789 2172 111111111111,
812 2131 907 2164 ante
931 2123 1043 2164 diem
1065 2132 1262 2178 quartum
1284 2132 1326 2164 et
1348 2124 1517 2165 tertium
1539 2132 1582 2165 et
1601 2123 1738 2189 pridie

352 2179 567 2220 Kalendas
603 2179 872 2221 Decembies.
935 2180 1033 2221 Fuit
1068 2181 1135 2221 hic
1172 2181 1421 2237 triumphus,
1455 2181 1541 2222 sive
1577 2180 1740 2237 magni-

351 2237 541 2278 tudinem
575 2237 673 2277 victi
706 2237 825 2292 1egis,
855 2238 939 2278 sive
973 2238 1155 2293 speciem
1188 2239 1517 2288 simulacrorum,
1548 2238 1634 2279 sive
1665 2253 1740 2294 pe·

350 2294 498 2334 cuniae
527 2293 611 2334 vim
645 2304 818 2349 spectes,
841 2294 964 2350 longe
998 2295 1446 2350 magnificentissimus,
1469 2304 1517 2336 ut
1549 2295 1740 2337 omnium

350 2360 446 2392 ante
468 2359 655 2392 actorum
681 2352 1035 2407 comparationem
1064 2352 1340 2409 amplitudine
1366 2361 1591 2409 superaret.
1654 2353 1741 2394 Po-

139 1044 291 1076 Servilius

138 1088 239 1117 nudat
257 1097 323 1118 cor—

139 1140 199 1169 pus
215 1134 247 1160 et
263 1131 330 1160 vul-

138 1183 215 1203 nera
231 1176 334 1203 osten-

139 1218 196 1245 tat,

390 2473 410 2503 9
437 2465 550 2494 Utrum
571 2464 730 2493 hominnm
758 2464 929 2502 voluptatis
947 2474 1020 2493 cau-

347 2516 395 2542 sa,
424 2516 466 2535 (m
497 2507 625 2535 (Icarum
656 2506 897 2545 lmminmnqne]
945 2505 1020 2535 Non

348 2548 428 2577 hacc
452 2547 573 2577 sincera
600 2547 748 2577 videntur
772 2547 945 2585 Crevierio,
967 2548 1020 2586 qui

349 2590 480 2619 fortasse
532 2590 702 2628 legendum
757 2589 905 2626 coniecit,
957 2600 1021 2620 non

349 2633 509 2663 hominum
543 2633 715 2670 voluptatis
739 2642 850 2666 eausa,
875 2633 930 2662 secl
952 2633 1019 2662 cleo-

349 2685 421 2705 ’νιιηι
444 2675 580 2704 honoris.
632 2673 740 2703 Aliam
764 2673 957 2703 medicinam
980 2684 1019 2703 ex

348 2716 518 2753 integriore
548 2715 659 2745 0011100
685 2715 843 2745 desiderat
872 2715 1019 2746 Draken-

347 2758 504 2788 borchius.

394 2811 404 2831 1
435 2802 477 2830 Et
493 2805 539 2838 ln,
555 2801 715 2837 cenlnrio]
752 2802 796 2829 ,11
813 2805 860 2836 tn,
875 2801 1019 2829 centurio

348 2842 530 2873 Gronovius
552 2843 715 2878 emendat,
730 2841 782 2880 qui
807 2852 862 2880 pro
882 2852 958 2872 voco
974 2843 1018 2873 di-

344 2896 414 2917 cere
432 2885 601 2925 legendum
619 2886 770 2915 'licentem
789 2885 910 2915 suadet.

1111 2473 1126 2492 2
1155 2465 1225 2503 Eyo
1251 2465 1294 2493 acl
1319 2475 1372 2495 vos
1397 2465 1527 2502 milites]
1568 2463 1740 2495 Intercidit

1067 2505 1138 2535 finis
1164 2506 1327 2542 orationis,
1350 2516 1414 2545 qua
1437 2516 1514 2537 usus
1535 2510 1582 2536 est
1604 2507 1652 2537 M.
1669 2506 1738 2537 Ser-

1067 2548 1160 2578 vilius
1186 2558 1244 2587 pro
1270 2548 1435 2588 triumpho
1463 2548 1594 2579 Aemilii
1618 2548 1738 2580 Paulli.

1067 2590 1134 2625 Qui
1165 2594 1274 2620 tamen
1305 2590 1377 2620 finis
1406 2591 1494 2630 apud
1524 2591 1739 2621 Plutarchum

1065 2632 1096 2661 in
1121 2632 1238 2662 Aemil.
1260 2642 1291 2670 p.
1316 2640 1384 2670 272.
1406 2636 1558 2663 servatur.
1604 2632 1738 2663 Excidit

1065 2684 1193 2712 quoque
1214 2674 1341 2704 initium
1358 2674 1567 2713 expositionis
1582 2674 1737 2714 triumphi

1067 2716 1187 2753 Paulli,
1203 2726 1297 2754 quem
1320 2726 1378 2754 per
1399 2717 1542 2746 triduum
1566 2716 1630 2755 egit
1646 2726 1738 2755 quar-

1065 2762 1109 2791 to,
1128 2757 1233 2792 tertio,
1249 2762 1280 2788 ct
1298 2758 1399 2797 pridie
1417 2758 1494 2789 Kal.
1512 2758 1685 2790 Decembr.
1700 2763 1737 2789 ut

1065 2800 1095 2829 in
1114 2800 1285 2839 triumphis
1297 2800 1491 2839 Capitolinis
1506 2801 1662 2833 scribitur.
1686 2801 1737 2832 Sl-

1064 2852 1137 2874 uox.
