1888 3194
661 174 951 215 INDEX.

159 253 294 285 sidenda
317 253 494 284 deterretur
515 249 696 282 Antiochus
719 252 787 281 arte

161 300 224 337 Ap.
238 294 366 327 Claudii
383 291 433 334 36,
453 303 490 324 10
506 296 538 324 et
557 301 604 332 13.

119 339 277 371 Larissam
289 337 357 368 dies
371 335 524 367 exercitui
539 335 581 366 ad
597 334 786 367 convenien-

161 382 239 413 dum
253 391 273 412 a
289 379 444 419 Philippo
460 378 596 409 edicitur
613 378 663 416 28,
680 387 708 418 5.

118 424 245 455 Larissa
269 423 434 454 Cremaste
459 429 512 461 31,
535 419 584 459 46.
617 430 668 460 42,
691 420 732 462 56
754 424 786 452 et

117 509 316 541 Larissenses
334 516 386 546 31,
398 516 448 547 31.

118 551 273 588 Larissus,
301 550 415 588 amnis,
445 549 563 580 Eleum
599 560 710 590 agrum
746 551 786 581 ab

161 594 311 635 Dymaeo
326 593 446 624 dirimit
463 600 513 631 27,
526 601 575 631 31.

118 636 232 668 Lai-tes
248 636 422 673 Porsenna,
438 635 500 666 vid.
519 636 691 667 Porsenna.

118 680 232 711 Lartes
246 679 451 717 Tolumnius,
467 678 528 709 vid.
542 678 744 710 Tolumnius.

118 722 176 763 Sp.
192 722 320 754 Lartius
333 732 448 762 genere
463 721 619 761 factisque
638 722 741 752 clarus
758 731 787 760 2,

164 765 212 797 18.
250 775 323 796 cum
354 764 492 795 Horatio
522 764 648 796 Coclite
677 769 786 795 manet

160 807 391 848 aliquantisper
413 807 445 838 in
468 806 605 838 statione
629 807 736 847 pontis
756 817 786 845 2,

165 860 212 882 10.
236 850 419 891 praeficitur
433 850 593 880 iuventuti
612 859 659 881 11.

119 893 158 926 T.
176 894 315 931 Lartius,
336 903 399 924 cos.
421 902 450 931 2,
474 893 521 924 18.
543 893 666 932 primus
685 892 785 924 dicta-

161 940 222 976 tor,
237 936 313 968 ibid.
337 946 399 967 cos.
415 935 531 967 iterum
549 945 598 966 21.
615 936 655 966 cf.
672 939 704 966 et
721 945 770 977 29.

119 979 194 1018 Las,
222 979 309 1010 vicus
337 978 516 1009 maritimus
546 979 597 1017 38,
627 987 676 1017 3ο.
710 988 785 1009 eum

160 1021 332 1063 improviso
348 1024 508 1061 occupant
524 1025 555 1051 et
571 1021 679 1051 statim
694 1020 785 1052 amit-

160 1068 236 1095 tunt
251 1063 511 1100 Lacedaemonii,
526 1063 602 1095 ibid.

119 1107 346 1139 Latemnastus
360 1106 522 1138 Cretensis
537 1115 590 1144 35,
606 1115 654 1146 ²9·

119 1150 192 1181 Lati
220 1149 302 1180 clavi
329 1149 369 1180 ob
395 1149 564 1180 Caudinae
590 1148 678 1188 pacis
700 1148 786 1187 igno-

160 1192 293 1223 miniam
321 1191 458 1232 depositi
484 1201 515 1232 9,
544 1198 571 1230 7.
603 1191 669 1222 lato
696 1191 787 1222 clavo

160 1235 290 1266 tunicae
306 1243 358 1274 30,
377 1242 424 1274 17.

119 1278 238 1310 Latina
255 1278 305 1309 via
321 1287 350 1315 2,
367 1286 417 1318 39.

119 1320 258 1353 Latinae
279 1320 422 1352 coloniae
443 1328 494 1359 34,
511 1328 560 1359 53.
583 1319 681 1351 feriae
700 1327 730 1360 5,
749 1327 785 1360 17

161 1368 195 1396 et
221 1373 267 1406 19.
298 1373 349 1401 21,
371 1361 422 1402 63.
450 1372 501 1401 22,
528 1372 553 1394 1.
580 1366 690 1394 tenent
713 1373 786 1394 con-

161 1407 247 1438 sules
275 1410 500 1446 praetoresque
530 1405 658 1437 Romae
686 1416 787 1445 usque

161 1450 203 1481 ad
219 1449 304 1480 diem
324 1449 354 1479 V
372 1448 450 1479 Kal.
467 1448 574 1479 Maias
594 1456 644 1487 25,
664 1457 709 1480 11.
733 1448 786 1479 de-

162 1496 249 1524 creto
270 1491 460 1532 pontificum
481 1491 688 1528 instauratae,
703 1491 789 1530 quod

163 1535 356 1567 Ardeatibus
385 1543 458 1564 caro
488 1534 563 1564 data
591 1544 655 1564 non
685 1534 789 1564 fuerat

162 1587 216 1616 32,
240 1587 264 1609 1.
287 1577 326 1609 cf.
348 1580 380 1608 et
401 1584 452 1616 37,
473 1585 501 1614 3.
524 1580 556 1607 et
576 1586 627 1615 41,
649 1586 698 1608 το.
729 1577 788 1608 La-

162 1620 250 1651 tinae
265 1624 340 1651 ante
353 1619 438 1650 diem
457 1628 495 1649 111
516 1619 602 1650 Non.
616 1619 722 1650 Maias
737 1629 789 1658 41,

163 1673 213 1695 20.
251 1662 391 1694 indictae
423 1672 462 1693 ex
495 1662 724 1693 instauratione
756 1662 789 1693 in

162 1710 238 1737 ante
261 1706 346 1737 diem
372 1715 412 1736 111
439 1706 518 1736 Idus
541 1705 689 1742 Sextiles,
712 1705 788 1737 ibid.

164 1749 324 1780 Kalendis
336 1749 438 1779 Iuniis
448 1749 552 1779 factae
563 1758 614 1786 42,
626 1757 674 1787 35.
689 1748 789 1787 pridie

164 1792 307 1824 Kalend.
320 1791 423 1831 April.
437 1803 488 1830 44,
504 1800 551 1822 22.
568 1792 599 1821 111
612 1795 687 1821 ante
701 1801 744 1828 lv,
757 1795 789 1821 et

164 1844 216 1866 111.
230 1839 261 1865 et
274 1835 376 1875 pridie
391 1834 468 1865 Idus
482 1834 682 1865 Novembres
694 1843 745 1873 45,
759 1843 787 1872 3.

122 1877 230 1909 Latini
255 1878 340 1908 unde
361 1876 437 1907 dicti
463 1886 490 1914 1,
508 1885 535 1907 2.
562 1876 656 1916 prisci
679 1876 787 1907 Latini

162 1921 203 1951 ab
220 1921 305 1952 Alba
325 1919 451 1950 oriundi
473 1927 490 1957 3
513 1923 544 1950 et
565 1928 614 1957 52.
632 1919 671 1951 cf.
688 1923 719 1949 et
737 1928 786 1958 32.

164 1963 272 1995 Latini
289 1963 374 1994 bello
388 1963 546 1993 lacessunt
560 1963 687 1992 Ancum
701 1962 787 1992 Mar-

163 2006 249 2037 cium
277 2015 303 2043 1,
327 2014 376 2044 3²-
407 2005 577 2036 vincuntur
601 2014 648 2044 33.
677 2015 786 2035 eorum

161 2049 238 2080 urbs
267 2048 459 2080 Politorium
490 2047 617 2088 capitur
645 2047 685 2085 vi,
711 2047 786 2078 ibid.

161 2092 267 2122 multa
299 2101 408 2122 eorum
442 2090 546 2121 millia
578 2091 789 2121 traducuntur

162 2135 316 2172 Romam,
328 2134 404 2165 ibid.
423 2133 461 2164 iis
473 2134 567 2164 datur
582 2143 673 2164 mons
683 2134 788 2164 Aven-

161 2177 260 2215 tinus,
275 2177 350 2208 ibid.
374 2186 448 2207 cum
464 2176 504 2207 iis
518 2176 603 2207 bella
618 2176 699 2215 gerit
711 2176 789 2206 Tar—

162 2220 291 2260 quinius
304 2219 431 2251 Priscus
440 2227 478 2258 35
490 2223 523 2250 et
533 2221 583 2258 38.
601 2219 788 2250 Latinorum

163 2266 196 2294 et
227 2263 448 2294 Romanomm
483 2261 667 2293 communia
700 2272 789 2293 saera

163 2314 214 2345 45.
248 2315 302 2336 eos
330 2305 389 2336 sibi
419 2305 570 2336 conciliat
595 2304 789 2344 Tarquinius

163 2349 327 2388 Superbus
345 2358 394 2390 49.
422 2358 494 2378 cum
517 2347 556 2378 iis
577 2347 689 2378 foedus
711 2348 788 2378 fucit

163 2399 300 2431 50—52.
325 2391 366 2421 ad
387 2390 551 2429 Regillum
575 2390 681 2421 lacum
705 2390 786 2421 caesi

163 2443 195 2472 2,
214 2444 251 2476 19
271 2438 302 2464 et
324 2443 373 2465 2ο.
396 2432 571 2464 sollicitant
590 2434 706 2463 frustra
727 2433 787 2463 La-

162 2477 246 2508 tinos
274 2476 385 2507 Volsci
414 2476 455 2511 ad
483 2476 603 2506 bellum
633 2475 789 2507 Romanis

161 2519 363 2551 inferendum
385 2528 435 2550 22.
463 2517 571 2550 Latini
592 2518 699 2548 fau-ent
722 2518 786 2549 Ro-

161 2562 277 2600 manis,
296 2561 371 2594 ibid.
396 2572 451 2593 sex
474 2561 576 2592 millia
598 2561 785 2592 Latinorum

162 2605 360 2646 captivorum
382 2615 401 2635 a
421 2608 534 2636 senatu
555 2604 696 2639 remissa.
711 2604 786 2635 ibid.

163 2658 312 2679 coronam
343 2658 472 2679 auream
502 2647 571 2678 lovi
599 2646 630 2677 in
655 2646 786 2687 Capito-

164 2690 243 2722 lium
255 2690 400 2728 mittunt,
413 2690 487 2722 ibid.
511 2700 584 2721 cum
598 2689 720 2721 Latinis
734 2700 786 2729 po-

163 2733 249 2773 pulis
276 2733 375 2765 ictum
406 2734 518 2764 foedus
546 2742 596 2772 33.
632 2737 788 2763 vexantur

163 2775 396 2807 incursionibus
407 2777 590 2816 Aequorum
604 2777 653 2814 48.
677 2785 785 2806 eornm

163 2829 255 2857 agros
266 2819 504 2858 depopulantur
518 2818 620 2858 Aequi
633 2823 665 2849 et
678 2817 785 2848 Volsci

164 2871 194 2900 3,
218 2861 247 2892 (1.
276 2860 313 2891 iis
336 2861 437 2891 tristia
462 2871 610 2901 responsa
633 2872 653 2891 a
675 2867 785 2891 sermm

164 2905 251 2942 «bita,
275 2903 350 2934 ibid.
383 2913 477 2943 opem
503 2904 606 2934 semnt
634 2903 789 2934 Romanis

872 252 1023 284 adversus
1050 253 1186 284 Volscos
1215 256 1248 284 et
1273 254 1413 294 Aequos,
1441 256 1496 287 sed

873 294 1043 326 vincuntur
1060 304 1087 335 7.
1116 295 1271 327 deficiunt
1291 307 1311 327 a
1329 297 1497 336 Romanis,

872 346 946 366 cum
969 347 1027 377 per
1048 348 1150 369 annos
1172 338 1247 378 plus
1266 342 1396 370 centum
1416 351 1496 371 nun-

872 388 969 418 quam
984 380 1133 420 ambigua
1148 381 1212 412 fide
1227 381 1260 412 in
1275 381 1419 412 amicitia
1431 383 1497 414 Ro-

872 431 969 452 mana
988 423 1178 454 mansissent
1198 421 1229 461 6,
1251 433 1279 455 2.
1301 423 1340 454 cf.
1362 428 1394 454 et
1412 431 1441 463 7,
1460 435 1494 456 11

872 468 905 495 et
920 473 969 504 32.
992 466 1033 496 ab
1048 465 1086 496 iis
1102 466 1281 497 Tusculum
1298 470 1429 506 captum
1447 476 1497 506 33.

873 508 959 547 quod
973 508 1137 548 recipitur,
1154 508 1252 540 caesis
1268 508 1404 547 Latinis,
1419 509 1496 541 ibid.

871 549 910 581 iis
946 551 1130 590 petentibus
1166 561 1230 591 pax
1265 552 1342 582 data
1381 558 1410 591 7,
1449 561 1496 583 12.

871 602 988 633 magna
1010 594 1056 625 vis
1078 593 1218 625 militum
1241 595 1281 625 ab
1303 594 1342 625 iis
1363 598 1499 634 accepta

871 635 948 668 ibid.
977 637 1113 668 eoncilia
1133 637 1265 674 habent,
1285 641 1318 668 et
1339 637 1499 668 Romanis

873 682 990 718 negant
1009 679 1128 710 milites
1147 687 1196 719 25.
1220 679 1414 711 exercitibus
1431 679 1497 711 iam

873 721 906 752 in
939 722 1104 753 Romanos
1136 722 1339 762 comparatis,
1370 726 1500 753 vertunt.

872 765 993 796 bellum
1009 765 1041 795 in
1059 765 1210 806 Pelignos
1225 766 1275 804 38.
1292 765 1426 797 Sidicini
1442 766 1495 796 de-

873 807 953 838 dunt
969 818 1001 838 se
1016 807 1140 840 Latinis
1151 809 1182 846 8,
1196 818 1224 839 2.
1249 808 1356 839 Latini
1371 811 1497 840 vastant

872 860 962 890 agros
985 851 1190 889 Samnitium,
1213 850 1289 882 ibid.
1321 851 1500 882 moliuntur

872 894 998 924 occulte
1015 894 1138 925 bellum
1160 894 1191 925 in
1209 894 1375 925 Romanos
1391 903 1420 932 3.
1443 894 1497 925 de-

872 946 942 967 cem
964 936 1126 976 principes
1146 936 1336 968 Latinorum
1357 937 1498 968 Romam

871 979 1007 1017 evocati,
1036 979 1113 1011 ibid.
1148 979 1279 1010 consilia
1309 979 1499 1010 Latinorum

872 1031 910 1052 ea
925 1022 965 1052 de
980 1022 1016 1053 rev
1029 1033 1058 1060 4.
1082 1026 1197 1062 petunt
1217 1022 1382 1053 consulem
1398 1026 1430 1052 et
1449 1032 1497 1053 se-

872 1068 998 1095 natores
1014 1065 1147 1096 Latinos
1162 1074 1190 1106 5.
1214 1065 1252 1095 iis
1271 1065 1412 1095 inferunt
1432 1065 1498 1095 bel-

873 1106 940 1137 lum
966 1108 1107 1138 Romani
1131 1107 1160 1140 6.
1187 1108 1228 1138 ad
1253 1108 1402 1147 Capuam
1425 1117 1498 1138 con-

873 1150 1006 1180 veniunt
1020 1150 1127 1181 Latini
1140 1161 1212 1182 cum
1225 1150 1318 1181 sociis
1333 1150 1409 1187 suis,
1420 1149 1497 1182 ibid.

872 1196 946 1222 sunt
969 1192 1146 1232 persimiles
1169 1193 1327 1224 Romanis
1350 1193 1383 1223 in
1406 1193 1500 1224 rebus

872 1235 997 1265 bellicis
1030 1235 1058 1266 8.
1098 1236 1255 1275 proelium
1292 1240 1384 1266 atrox
1416 1235 1501 1266 inter

873 1276 1006 1308 Latinos
1029 1282 1061 1308 et
1084 1278 1251 1309 Romanos
1271 1287 1300 1319 9.
1328 1278 1500 1309 vincuntur

873 1319 982 1351 Latini
1007 1330 1053 1352 10.
1081 1321 1261 1351 multantur
1282 1331 1356 1361 agro
1376 1329 1423 1351 11.
1452 1330 1498 1351 re-

871 1363 1030 1395 bellantes
1058 1363 1238 1394 funduntur
1267 1373 1314 1394 12.
1347 1362 1381 1394 in
1411 1363 1499 1394 dedi-

872 1405 993 1437 tionem
1019 1406 1234 1446 accipiuntur‚
1257 1406 1334 1437 ibid.
1368 1405 1499 1437 Latino-

872 1458 943 1479 rum
966 1453 1068 1480 status
1087 1449 1200 1480 infelix
1225 1458 1272 1489 13.
1299 1448 1440 1480 subactis
1461 1448 1500 1480 iis

874 1491 960 1531 leges
975 1492 1087 1522 dicunt
1103 1491 1255 1530 Romani,
1269 1491 1346 1522 ibid.
1364 1494 1396 1522 et
1416 1500 1462 1530 14.
1482 1502 1501 1523 e

875 1534 1000 1565 Latinis
1022 1535 1162 1566 Romani
1182 1535 1222 1566 ad
1246 1534 1405 1566 exercitus
1427 1544 1500 1566 suos

874 1577 1012 1608 alterum
1039 1581 1166 1608 tantum
1192 1577 1386 1608 adiiciebant
1411 1578 1442 1615 8,
1468 1577 1498 1609 8.

875 1620 914 1650 cf.
928 1623 960 1650 et
971 1631 999 1658 4.
1021 1630 1060 1651 ex
1073 1619 1111 1650 iis
1122 1624 1268 1651 senatum
1281 1619 1500 1660 supplendum

875 1667 982 1693 censet
997 1663 1052 1702 Sp.
1066 1662 1226 1695 Carvilius
1243 1671 1293 1702 23,
1306 1671 1355 1693 22.
1380 1662 1500 1701 Latini,

875 1705 929 1744 qui
950 1706 1090 1737 Romam
1112 1705 1370 1745 commigrarant,
1389 1705 1500 1736 iuben-

875 1752 927 1778 tur
955 1748 1056 1780 redire
1086 1749 1217 1779 domum
1248 1757 1299 1789 39,
1326 1756 1355 1786 3.
1389 1757 1499 1779 eorum

875 1791 1024 1830 querelae
1047 1791 1078 1822 in
1101 1795 1214 1822 senatu
1236 1800 1287 1829 41,
1307 1799 1354 1822 12.
1377 1790 1417 1821 de
1438 1791 1499 1822 La-

874 1834 949 1864 tinis
965 1835 1016 1864 lex
1034 1835 1099 1865 lata
1119 1843 1164 1874 13.

832 1875 968 1907 Latinus
997 1887 1051 1908 rex
1080 1880 1233 1915 armatus,
1258 1877 1299 1908 ad
1325 1876 1497 1908 arcendam

875 1919 939 1950 vim
968 1920 1176 1957 advenarum,
1202 1921 1332 1951 Aeneae
1361 1918 1499 1950 occurrit

878 1971 904 2000 1,
936 1972 960 1993 1.
990 1973 1102 2002 pacem
1133 1973 1205 1994 cum
1234 1963 1356 2000 Aenea,
1383 1961 1499 1993 deinde

874 2005 1062 2036 affinitatem
1087 2015 1159 2036 cum
1183 2016 1221 2036 eo
1244 2005 1358 2044 iungit,
1373 2005 1448 2035 data
1469 2004 1497 2036 ei

873 2047 905 2077 111
922 2049 1161 2079 matrimonium
1179 2048 1256 2085 fllia,
1272 2048 1349 2079 ibid.

833 2090 969 2121 Latinus
984 2091 1112 2128 Silvius,
1129 2092 1232 2122 Albae
1248 2101 1303 2122 rex
1324 2100 1351 2127 1,
1367 2099 1396 2129 3.

833 2132 963 2164 Latium
992 2134 1148 2165 Romanis
1173 2137 1356 2173 suspectum
1387 2131 1418 2170 6,
1446 2143 1497 2165 21.

876 2176 959 2207 Latii
982 2181 1082 2207 status
1104 2176 1215 2208 infelix
1239 2178 1270 2215 8,
1293 2185 1338 2215 13.
1367 2175 1497 2208 Latium

874 2220 1056 2257 subactum,
1072 2219 1147 2251 ibid.

833 2261 959 2292 Latona
981 2271 1010 2302 5,
1035 2271 1081 2301 13.
1109 2263 1253 2293 Latonae
1275 2263 1356 2293 bove
1379 2261 1499 2293 semina

873 2309 986 2335 aurata
1001 2315 1125 2336 sacrum
1141 2305 1261 2336 finctum
1279 2313 1330 2343 25,
1350 2314 1395 2336 12.

832 2347 998 2385 Latrones,
1016 2349 1057 2379 nd
1078 2348 1142 2379 duo
1162 2347 1276 2386 millia,
1291 2347 1323 2378 in
1345 2348 1500 2387 spelunca

873 2391 1013 2430 oppressi
1034 2401 1082 2429 10,
1102 2400 1126 2422 1.

831 2433 994 2464 Lavit-ana
1011 2433 1061 2464 viu
1076 2446 1107 2473 4,
1123 2443 1173 2472 41.

831 2475 978 2513 Lavinia,
1016 2476 1122 2508 Latini
1168 2475 1248 2516 regis
1290 2476 1369 2514 filia,
1406 2476 1500 2507 datur

874 2519 1003 2549 Aeneae
1018 2519 1049 2550 in
1067 2519 1304 2550 matrimonium
1328 2529 1353 2556 1,
1374 2528 1398 2550 1.

832 2561 1014 2600 Lavinium,
1033 2562 1200 2602 oppidum,
1219 2562 1398 2598 conditum,
1413 2562 1497 2600 quod

875 2605 1000 2635 Aeneas
1018 2606 1059 2635 ab
1077 2605 1182 2636 uxoris
1203 2604 1332 2635 nornine
1351 2605 1499 2644 appellat

879 2656 905 2683 1,
940 2657 964 2679 1.
1002 2647 1084 2679 inter
1115 2647 1283 2679 Lavinium
1317 2652 1349 2678 et
1380 2647 1496 2677 Albam

875 2689 1019 2728 Longum
1050 2690 1206 2722 coloniam
1235 2690 1420 2725 deductam,
1444 2689 1496 2719 tri-

872 2732 960 2771 ginta
976 2734 1074 2764 ferme
1096 2733 1266 2764 interfuere
1286 2732 1361 2763 anni
1383 2740 1411 2770 3.
1437 2731 1495 2762 Lu-

875 2775 949 2806 111111
972 2775 1156 2807 interfectus
1178 2775 1216 2807 T.
1230 2775 1344 2806 Tatius
1365 2783 1409 2812 14.
1434 2774 1496 2803 foe-

873 2818 933 2849 dus
953 2818 1035 2850 inter
1052 2819 1189 2850 Rom-nn
1212 2822 1244 2848 ct
1268 2816 1433 2848 Lavinium
1452 2825 1495 2844 rc·

875 2865 1038 2898 nm‘atuni,
1054 2861 1128 2891 ibid.
1154 2859 1322 2891 Lavinium
1344 2859 1385 2889 ab
1400 2857 1497 2889 'l'roiu

874 2903 1042 2935 orinnduin
1063 2913 1110 2943 23.
1127 2903 1166 2934 cf.
1183 2906 1214 2933 et
1234 2911 1262 2939 2,
1278 2911 1327 2940 31).
