1888 3194
541 198 667 240 LIB.
702 198 845 240 XLII.
894 198 1040 241 CAP.
1076 202 1143 241 64.
1476 204 1528 243 93

112 299 373 355 ggravatum,
396 289 451 330 ad
480 297 630 330 telram
662 289 890 345 urgebant:
924 298 980 339 et,
1002 289 1036 330 si
1057 304 1142 345 qua
1161 288 1434 339 declinarent,
1457 291 1743 346 q11itL(.5s1

142 348 333 414 agebant,
354 347 497 396 ictum,
519 361 595 411 pro
616 347 757 388 diruto
778 361 898 388 muro
918 348 1074 388 nevum
1096 346 1368 388 tumultuario
1390 362 1530 403 opere,
1546 348 1585 378 A.
1610 348 1648 377 C·
1674 356 1708 386 ¹7
1718 358 1744 378 ¹

141 405 296 462 raptim
323 419 375 446 ex
402 405 492 461 ipsa
515 419 659 446 rulnae
690 413 825 460 strage
856 405 1064 460 congestis
1095 405 1216 454 saxis,
1246 406 1528 446 exstruebant.

147 462 291 512 Quum
319 463 514 518 operibus
543 463 801 527 oppugnatio
829 462 981 503 lentior
1011 471 1132 512 esset,
1154 461 1282 503 scalas
1302 477 1378 518 per
1398 462 1533 503 mani-

140 519 262 577 pulos
282 519 414 561 dividi
444 529 610 585 praetor
636 520 768 570 iussit,
792 529 837 561 ut
858 535 1012 561 corona
1042 519 1232 575 undique
1264 519 1431 561 moenia
1461 535 1533 575 ag-

140 592 377 634 gressurus3
410 593 460 619 eo
482 578 612 634 magis
633 578 899 619 suffecturam
922 577 975 618 ad
996 577 1040 618 id
1062 577 1376 618 multitudinem
1405 586 1531 626 ratus,

142 635 271 701 quod,
294 651 378 692 qua
406 644 522 692 parte
553 635 672 692 palus
700 636 847 677 urbem
878 635 1021 692 cingit,
1045 650 1123 677 nec
1145 635 1350 677 attinebat
1370 650 1533 691 oppug-

141 693 244 744 nari,
267 709 346 735 nec
366 704 540 750 poterat.
594 693 689 750 Ipse
711 694 762 735 ab
784 709 834 735 ea
853 702 983 750 parte,
1002 709 1085 750 qua
1106 693 1214 734 duae
1236 702 1382 743 turres,
1399 693 1534 749 quod-

141 766 226 808 que
257 751 368 794 inter
395 766 464 793 eas
495 751 603 792 muri
634 760 733 801 erat,
763 761 946 801 ruerant,
973 751 1058 793 duo
1089 751 1219 792 millia
1240 750 1429 792 militum
1460 750 1534 792 de-

142 808 346 851 lectorum
377 809 585 858 admovit3
623 818 670 850 ut
691 809 840 851 eodem
862 819 1062 865 tempore,
1086 824 1170 865 quo
1201 809 1289 865 ipse
1321 818 1534 850 transcen-

143 867 243 909 dere
271 867 411 908 ruinas
441 876 674 916 conaretur,
698 882 905 908 concursu
931 866 1126 908 adversus
1154 881 1196 909 se
1227 866 1532 923 oppidanorum

142 924 265 985 facto,
297 925 415 966 scalis
445 940 574 966 vacua
604 925 891 966 defensoribus
926 925 1093 966 moenia
1122 925 1225 981 capi
1245 934 1362 981 parte
1394 924 1534 980 aliqua

173 982 324 1024 ossent.
388 982 517 1024 Haud
542 983 725 1039 segniter
746 983 945 1039 oppidani
967 983 1051 1024 vim
1083 982 1171 1024 eius
1201 998 1340 1024 arcere
1371 991 1530 1039 parant.

142 997 258 1082 iilam
289 1055 414 1097 super
443 1050 618 1082 stratum
649 1041 781 1081 ruinis
811 1040 963 1089 locum,
986 1040 1163 1081 fascibus
1193 1040 1318 1081 aiidis
1349 1055 1534 1081 sarmen-

143 1106 281 1139 torum
310 1098 487 1148 iniectis,
510 1108 666 1139 stantes
697 1113 794 1139 cum
824 1098 1068 1139 ardentibus
1098 1097 1256 1139 facibus
1287 1112 1533 1139 accensuros

143 1170 193 1197 ea
218 1170 262 1197 se
289 1171 410 1212 saepe
440 1156 718 1205 minabantur,
740 1165 799 1205 ut,
823 1155 1020 1197 incendio
1041 1155 1284 1211 intersaepti
1316 1156 1368 1196 ab
1399 1155 1532 1205 hoste,

142 1213 321 1270 spatium
340 1213 394 1254 ad
407 1213 690 1255 obiiciendum
708 1213 950 1254 interiorem
967 1228 1061 1253 mm
1063 1228 1133 1254 um
1150 1212 1364 1254 haberent.
1404 1212 1534 1261 Quod

142 1271 356 1328 inceptum
383 1286 527 1312 eorum
557 1271 639 1313 fors
670 1271 873 1327 impediit.
938 1270 1050 1312 Nam
1074 1279 1214 1312 tantus
1234 1279 1407 1327 repente
1430 1270 1535 1312 cffu-

142 1344 211 1371 sus
240 1339 304 1371 est
333 1329 478 1379 imber,
505 1338 552 1371 ut
582 1344 660 1370 nec
692 1329 865 1370 accendi
895 1328 1015 1370 facile
1048 1338 1272 1385 pateretur,
1305 1338 1347 1370 et
1377 1328 1535 1370 exstin-

142 1397 290 1445 gueret
318 1403 504 1429 accensa.
567 1386 716 1452 Itaque
738 1396 780 1428 et
802 1387 999 1428 transitus
1019 1401 1094 1443 per
1115 1386 1311 1427 distracta
1329 1386 1536 1427 fumantia

141 1445 323 1511 virgulta
351 1445 510 1511 patuit3
544 1455 598 1495 et,
621 1461 665 1486 m
687 1445 811 1486 unius
839 1444 919 1486 loci
950 1444 1204 1501 praesidium
1227 1444 1421 1486 omnibus
1441 1459 1534 1486 ver-

143 1503 211 1554 sis,
233 1503 400 1545 moenia
419 1518 588 1560 quoque
620 1503 808 1559 pluribus
838 1503 962 1544 simul
992 1503 1179 1568 partibus
1210 1501 1330 1544 scalis
1360 1502 1534 1559 capiun-

144 1570 223 1602 tur.
285 1561 336 1602 In
363 1561 498 1617 primo
521 1561 704 1602 tumultu
726 1570 871 1617 captae
894 1561 1007 1602 urbis
1028 1560 1212 1602 seniores
1242 1560 1532 1625 impubesque,

145 1634 250 1675 quos
277 1634 394 1660 casus
421 1619 563 1660 obvios
593 1618 758 1669 obtulit,
790 1619 941 1675 passim
972 1619 1103 1660 caesi:
1142 1618 1289 1659 armati
1322 1634 1365 1659 in
1396 1633 1534 1659 arcem

145 1676 445 1733 confugerunt:
485 1686 527 1717 et
556 1686 722 1732 postero
752 1676 833 1726 die,
866 1691 996 1741 quum
1028 1676 1116 1732 spei
1150 1675 1255 1717 nihil
1286 1686 1532 1732 superesset,

115 1734 359 1780 4deditione
380 1734 499 1783 facta,
522 1735 598 1775 sub
619 1749 773 1775 corona
792 1735 1025 1775 venierunt.
1076 1733 1264 1775 Fuerunt
1285 1744 1424 1775 autem
1446 1733 1532 1775 duo

146 1791 277 1833 millia
311 1792 438 1833 ferme
475 1802 517 1833 et
553 1792 786 1848 quingenti.
852 1791 1112 1833 Ornamenta
1142 1791 1268 1840 urbis,
1300 1800 1459 1832 statuae
1491 1800 1534 1832 et

146 1849 311 1891 tabulae
332 1850 483 1906 pictae,
505 1859 546 1891 et
568 1849 773 1906 quicquid
794 1850 997 1906 pretiosae
1019 1848 1197 1905 praedae
1219 1848 1311 1897 fuit,
1334 1848 1387 1890 ad
1409 1864 1534 1890 naves

113 1907 352 1951 §delatumz
387 1908 485 1948 urbs
506 1907 645 1948 diruta
665 1922 689 1947 a
708 1906 1003 1948 fundamentis.
1068 1906 1172 1947 Inde
1194 1906 1363 1948 Thebas
1384 1906 1535 1948 ductus

144 1965 374 2007 exercitus:
409 1965 562 2021 quibus
589 1965 678 2006 sine
709 1965 937 2006 certamine
970 1965 1161 2020 receptis,
1189 1965 1334 2005 urbem
1364 1965 1535 2005 tradidit

144 2022 369 2072 exsulibus,
391 2032 433 2064 et
449 2023 521 2078 qui
542 2022 829 2064 Romanorum
851 2022 978 2078 partis
1000 2031 1140 2063 erant:
1175 2021 1369 2063 adversae
1391 2022 1415 2062 f
1408 2032 1536 2063 10110-

113 2081 208 2122 6nis
239 2080 470 2131 hominum,
502 2080 796 2136 fautorumque
828 2080 937 2136 regis
969 2095 1016 2121 ac
1045 2078 1331 2121 Macedonum
1362 2079 1536 2121 familias

144 2139 221 2181 sub
251 2154 406 2181 corona
429 2138 630 2180 vendidit.
696 2137 776 2179 His
808 2138 935 2195 gestis
968 2138 1011 2178 in
1044 2136 1232 2187 Boeotia,
1261 2137 1314 2179 ad
1346 2153 1456 2179 mate
1489 2153 1535 2179 ac

143 2212 272 2239 naves
292 2197 427 2238 rediit.

205 2255 350 2304 Quum
372 2254 507 2296 haec
498 2270 540 2295 1n
566 2254 741 2296 Boeotia
760 2263 1018 2311 gererentur,
1038 2254 1216 2295 Perseus
1236 2253 1289 2295 ad
1314 2252 1368 2311 S>
1373 2254 1535 2295 curium
1614 2260 1680 2299 64

144 2313 294 2355 stativa
313 2312 476 2354 dierum
503 2312 662 2368 aliquot
683 2312 840 2354 habuit.
906 2312 991 2353 Ubi
1013 2327 1144 2368 quum
1166 2302 1361 2361 audisset,
1385 2312 1533 2368 raptim
1552 2316 1628 2346 Pers
1615 2328 1686 2347 ens

147 2370 361 2413 Romanos
391 2371 501 2412 circa
528 2385 581 2412 ex
612 2371 720 2427 agris
740 2370 978 2412 demessum
1001 2329 1260 2411 frlumentum
1286 2344 1534 2420 convehere,
1550 2359 1606 2432 gf:
1602 2365 1746 2434 mss·

1550 2455 1591 2475 na
1608 2445 1713 2476 iucen-

1552 2488 1625 2518 dere
1643 2490 1720 2520 xult.

189 2545 206 2576 3
226 2537 283 2573 Et,
298 2537 324 2566 εἰ
341 2545 404 2576 qua
421 2533 636 2574 declinarent]
663 2545 704 2565 sc.
724 2534 779 2569 Et,
794 2533 817 2563 si
865 2533 975 2570 cimas,
987 2537 1018 2564 et
1033 2533 1105 2564 fidei
1124 2534 1299 2573 legatorum
1316 2534 1537 2565 Romanorum

146 2590 209 2620 qua
238 2579 437 2609 declinarent
476 2577 573 2607 ictum
612 2577 705 2607 molis
736 2577 821 2607 illius
865 2577 1026 2607 civitatem
1041 2577 1333 2607 commendavisse:
1350 2582 1380 2607 et
1392 2588 1477 2617 supr.
1488 2576 1537 2614 46.

146 2623 329 2663 plumbeae,
359 2621 412 2660 qui
443 2621 579 2657 agebant
610 2621 755 2656 arietem,
781 2631 818 2650 ac
864 2620 977 2650 tentati
991 2631 1010 2649 u
1024 2619 1149 2655 Pers-00,
1163 2620 1240 2650 nihil
1261 2620 1337 2650 moti
1351 2626 1434 2651 sunt.
1474 2620 1535 2649 Vel

146 2665 280 2706 proinde
295 2664 437 2703 aliquam
463 2663 543 2693 muri
566 2668 687 2703 partem
712 2673 817 2703 proru-
863 2663 958 2701 igitur
974 2662 1024 2693 hic
1039 2663 1174 2693 alicuius
1186 2663 1317 2693 alterius
1333 2663 1471 2693 civitatis
1485 2674 1537 2692 uo-

147 2712 246 2739 erent.
270 2708 376 2739 Cum.
411 2707 450 2737 cs.
468 2717 552 2746 supr.
571 2706 701 2737 xxxviii.
720 2716 747 2745 5.
865 2716 937 2736 men
956 2710 1103 2745 posucrat
1119 2705 1241 2742 Livius,
1257 2707 1304 2736 vel
1322 2706 1442 2745 aliquid
1461 2705 1536 2735 ‹uni-

190 2763 208 2790 4
231 2752 296 2781 Sub
317 2761 431 2780 corona
456 2750 642 2787 venierunt]
670 2749 709 2780 cf.
726 2750 819 2788 Supr.
865 2748 903 2778 sit
929 2749 968 2779 de
996 2748 1171 2784 'Pht—banis.
1196 2749 1280 2779 unde
1311 2759 1402 2779 nosse
1434 2759 1535 2788 posse-

147 2793 178 2825 ii.
200 2801 246 2833 17.
271 2793 312 2824 ix.
330 2803 379 2831 42.
866 2802 946 2825 nius.
968 2802 1024 2822 0111·
1045 2792 1196 2822 adn—rsus
1219 2803 1272 2822 eos
1296 2792 1462 2822 Romanus
1484 2801 1536 2820 vx-

193 2845 210 2876 5
235 2838 315 2868 Inde
348 2836 467 2867 Thebas
496 2836 611 2865 dumus
639 2836 815 2873 arercims]
863 2835 980 2865 ert-itus
996 2835 1140 2865 ducatur.
1165 2837 1271 2865 Ciu-zv.

150 2879 248 2919 Atqui
280 2889 364 2918 supr.
393 2890 442 2918 4⁴·
468 2877 615 2908 Thebani
641 2888 818 2908 mcumrnu-
911 2877 930 2907 6
960 2879 1131 2916 l-'mnilinsJ
1172 2880 1285 2908 Senos
1312 2882 1342 2908 et
1371 2878 1462 2907 bona.
1497 2876 1536 2906 cf.

148 2925 200 2952 tur
220 2921 395 2953 decrevisse
420 2926 454 2952 ut
478 2922 644 2952 tolleretur
667 2931 751 2960 regui
771 2932 818 2951 so—
864 2931 948 2960 supr.
966 2920 1008 2952 iii.
1027 2929 1075 2959 55.
