1888 3194
509 191 790 234 LIBROR.
838 190 1138 232 DEPERD.
1437 196 1520 235 229

129 282 556 340 Carthaginiensium,
579 281 694 338 quod
721 290 868 323 contra
886 280 1035 322 foedus
1058 290 1102 322 et
1128 280 1361 322 exercitum
1383 291 1426 322 et
1445 297 1520 322 na-

125 340 237 382 vales
272 339 465 381 materias
497 339 714 388 haberent,
745 353 892 395 pacem
928 339 1040 379 inter
1070 353 1142 380 eos
1177 346 1220 378 et
1253 336 1520 379 Masinissam

124 397 260 439 facere
287 396 524 446 voluerunt,
548 395 772 438 Masinissa
803 410 902 452 agro
930 395 983 436 de
1011 410 1097 451 quo
1125 395 1176 436 lis
1203 403 1304 444 erat,
1327 394 1517 436 cedente.

128 453 212 496 Sed
236 453 382 509 Gisgo,
406 452 658 495 Hamilcaris
681 453 804 503 filius,
831 453 958 494 homo
986 452 1220 502 seditiosus,
1243 452 1318 508 qui
1347 462 1446 493 tune
1475 452 1519 492 in

124 510 369 566 magistratu
389 520 491 560 erat,
514 525 645 567 quum
671 520 840 552 senatus
864 510 1098 566 pariturum
1123 525 1166 551 se
1193 509 1349 551 iudicio
1373 508 1520 565 legatis

123 567 311 618 dixisset,
348 568 408 609 ita
443 567 601 610 bellum
643 568 839 609 adversus
876 567 1091 608 Romanos
1126 566 1343 608 suadendo
1379 566 1521 607 conci-

124 624 240 675 tavit,
269 635 317 666 ut
345 625 517 682 legatos,
549 640 634 681 quo
665 625 805 666 minus
831 624 1100 674 violarentur,
1127 624 1227 680 fuga
1256 623 1517 680 explicuerit.

123 681 177 724 Id
211 683 467 732 nuntiantes,
501 682 702 724 infestum
737 683 820 723 iam
856 691 1048 723 senatum
1084 680 1518 737 Carthaginiensibus,

123 739 381 781 infestiorem
413 740 616 782 fecerunt.
680 739 742 781 M.
767 739 943 782 Porcius
978 738 1089 781 Cato
1122 739 1211 789 filii,
1245 739 1289 780 in
1324 746 1521 795 praetura

123 797 293 847 mortui,
329 797 455 839 funus
496 797 753 847 tenuissimo,
791 807 838 838 ut
873 797 1016 846 valuit,
1053 797 1171 851 (nam
1212 811 1372 852 pauper
1411 796 1520 850 erat)

123 863 295 910 sumptu
315 855 425 896 fecit.
489 855 736 904 Andriscus,
759 855 832 911 qui
854 869 897 896 se
920 854 1061 895 Persei
1084 853 1231 903 filium,
1253 853 1363 909 regis
1374 869 1520 909 ⁵quon-

124 911 221 953 dam
240 911 533 961 Macedoniae,
551 912 713 968 ingenti
735 912 1038 953 asseveratione
1055 912 1316 960 mentiretur,
1338 911 1518 952 Romam

124 969 284 1010 missus.
360 969 421 1010 M.
444 969 651 1011 Aemilius
683 969 887 1025 Lepidus,
924 969 998 1024 qui
1033 969 1227 1025 princeps
1262 977 1431 1009 senatus
1466 968 1518 1009 ab

123 1026 252 1067 sextis
292 1027 372 1067 iam
417 1027 658 1068 censoribus
698 1036 787 1067 erat
827 1026 972 1075 lectus,
1010 1035 1236 1081 antequam
1274 1026 1518 1081 exspiraret,

123 1084 338 1139 praecepit
373 1083 482 1133 filiis,
515 1083 624 1124 lecto
657 1098 699 1124 se
733 1092 860 1124 strato
902 1083 991 1123 sine
1025 1082 1177 1131 linteis,
1212 1083 1301 1124 sine
1335 1097 1521 1139 purpura

123 1140 348 1189 efferrent3
382 1140 426 1180 in
453 1140 665 1196 reliquum
693 1140 820 1181 funus
853 1155 905 1181 ne
938 1140 1044 1195 plus,
1075 1155 1201 1194 quam
1235 1140 1341 1181 aeris
1372 1140 1518 1189 denos,

123 1206 444 1239 consumerent:
479 1197 709 1253 imaginum
739 1197 891 1253 specie,
922 1212 1006 1238 non
1037 1197 1286 1253 sumptibuS,
1310 1197 1519 1238 nobilitari

123 1269 371 1311 magnorum
412 1254 596 1296 virorum
635 1254 783 1295 funera
822 1254 965 1296 solere.
1029 1253 1097 1295 De
1138 1254 1352 1296 veneficiis
1391 1269 1521 1309 quae-

123 1312 262 1354 situm.
325 1311 516 1353 Publicia
551 1321 595 1353 et
631 1312 808 1362 Licinia,
844 1311 1005 1353 nobiles
1039 1311 1233 1361 feminae,
1268 1327 1377 1367 quae
1410 1311 1521 1352 viros

123 1385 220 1412 suos
268 1369 507 1411 consulares
551 1384 720 1410 necasse
762 1369 1124 1419 insimulabantur,
1166 1369 1334 1426 cognita
1383 1383 1520 1418 causa,
1551 1412 1562 1418 Q

124 1442 257 1484 quum
278 1427 459 1483 praetori
488 1442 563 1483 pro
591 1442 633 1468 se
655 1426 782 1468 vades
802 1426 1031 1476 dedissent,
1053 1435 1328 1481 cognatorum
1351 1426 1522 1467 decreto

125 1493 298 1526 necatae
347 1493 456 1526 sunt.
534 1483 729 1534 Gulussa,
777 1484 1024 1526 Masinissae
1077 1484 1199 1533 filius,
1242 1483 1521 1533 denuntiavit,

129 1541 386 1597 Carthagine
417 1541 607 1583 delectus
637 1543 717 1598 agi,
744 1541 915 1583 classem
947 1542 1192 1598 comparari,
1224 1551 1266 1582 et
1298 1541 1412 1582 haud
1443 1541 1523 1582 du·-

126 1599 243 1640 bium
275 1598 431 1640 bellum
465 1599 579 1640 strui.
646 1600 790 1647 Quum
824 1598 933 1640 Cato
966 1599 1173 1648 suaderet,
1204 1608 1250 1640 ut
1282 1599 1332 1639 iis
1365 1598 1522 1640 bellum

127 1656 396 1705 indiceretur,
426 1655 473 1696 P.
495 1656 695 1698 Cornelio
723 1655 877 1697 Nasica
901 1656 1082 1705 dicente,
1105 1657 1210 1697 nihil
1241 1666 1396 1697 temere
1422 1656 1523 1696 faci-

128 1714 304 1763 undum,
331 1713 502 1769 placuit,
524 1713 671 1754 decem
706 1713 815 1754 mitti
848 1713 1007 1768 legatos
1040 1713 1316 1769 exploratum.
1380 1713 1429 1754 L.
1450 1713 1524 1754 Li-

128 1771 264 1812 cinius
285 1770 502 1820 Lucullus,
527 1771 579 1811 A.
600 1770 842 1812 Postumius
866 1770 1048 1811 Albinus
1068 1770 1272 1819 consules,
1295 1785 1427 1826 quum
1450 1770 1524 1811 de-

128 1828 283 1870 lectum
315 1843 456 1869 severe
485 1838 669 1883 agerent,
693 1843 770 1868 nec
799 1843 1056 1884 quemquam
1085 1828 1218 1883 gratia
1245 1828 1522 1877 dimitterent,

127 1886 180 1927 ab
202 1885 380 1927 tribunis
401 1885 548 1941 plebis,
566 1885 640 1941 qui
662 1900 737 1941 pro
754 1885 896 1926 amicis
917 1886 1002 1926 suis
1018 1885 1277 1926 vacationem
1300 1885 1523 1941 impetrare

128 1958 214 1984 non
255 1952 462 1999 poterant,
504 1942 548 1982 in
589 1957 796 1984 carcerem
839 1942 1018 1983 coniecti
1059 1953 1167 1983 sunt.
1234 1943 1379 1990 Quum
1425 1942 1524 1983 His-

127 2000 328 2057 paniense
368 1999 540 2048 bellum,
576 2014 725 2055 parum
760 2014 957 2056 prospere
994 1999 1216 2055 aliquoties
1250 2009 1429 2055 gestum,
1467 2000 1526 2041 ita

128 2057 385 2100 confudisset
414 2057 627 2098 civitatem
656 2057 906 2107 Romanam,
934 2066 980 2098 ut
1010 2072 1063 2098 ne
1095 2057 1124 2098 ii
1156 2057 1328 2113 quidem
1362 2057 1526 2098 inveni-

128 2125 287 2164 rentur,
305 2115 378 2171 qui
395 2123 467 2156 aut
484 2115 742 2156 tribunatum
760 2115 1018 2170 exciperent,
1037 2123 1110 2156 aut
1129 2114 1255 2170 legati
1277 2115 1336 2156 ire
1354 2114 1523 2164 vellent,

130 2172 178 2214 P.
200 2172 425 2214 Cornelius
459 2172 724 2213 Aemilianus
756 2172 968 2228 processit,
992 2183 1034 2213 et
1066 2181 1342 2228 excepturum
1376 2187 1418 2214 se
1448 2173 1526 2212 mi-

129 2229 244 2272 litiae
275 2245 421 2286 genus,
454 2229 740 2286 quodcunque
774 2230 1023 2286 imperatum
1057 2239 1178 2279 esset,
1209 2229 1418 2286 professus
1450 2240 1523 2271 est.

135 2287 235 2336 Quo
255 2287 450 2344 exemplo
474 2302 620 2328 omnes
647 2287 700 2328 ad
729 2287 914 2328 studium
942 2287 1149 2328 militandi
1175 2287 1410 2328 concitavit.
1474 2287 1523 2329 L.

133 2344 336 2386 Lucullus
375 2344 534 2394 consul,
578 2345 651 2401 qui
699 2344 761 2386 M.
788 2344 971 2386 Claudio
1015 2344 1219 2386 Marcello
1260 2355 1526 2394 successerat,

132 2417 265 2459 quum
285 2402 485 2444 lacessere
508 2417 654 2444 omnes
679 2402 934 2444 Celtiberiae
967 2402 1113 2459 populi
1142 2402 1399 2452 viderentur,
1420 2402 1529 2444 Vac-

132 2474 265 2509 caeos,
287 2469 329 2501 et
357 2460 606 2508 Cantabros,
629 2469 672 2501 ct
702 2460 802 2501 alias
829 2459 968 2500 adhuc
1000 2460 1234 2516 incognitas
1263 2460 1454 2502 nationes
1484 2461 1526 2501 in

135 2516 342 2573 Hispania
390 2517 567 2572 subegit.
643 2516 708 2559 Ibi
759 2517 805 2558 P.
843 2517 1068 2559 Cornelius
1117 2517 1257 2573 Scipio
1304 2517 1530 2559 Africanus

139 2573 411 2624 Aemilianus,
439 2574 488 2616 L.
510 2574 645 2615 Paulli
671 2574 793 2623 filius,
819 2574 1006 2616 Africani
1029 2590 1174 2631 ηεροδ,
1196 2575 1270 2616 scd
1291 2575 1527 2632 adoptivus,

134 2640 445 2688 provocatorem
480 2632 699 2673 barbarum
734 2632 927 2673 tribunus
962 2632 1143 2673 rnilitum
1180 2632 1360 2674 occidit:
1406 2643 1448 2674 et
1485 2633 1528 2674 in

135 2703 161 2731 o
191 2689 449 2754 pugnatione
491 2688 740 2731 Intercatiae
783 2690 909 2739 urbis,
952 2690 1085 2731 maius
1125 2690 1251 2731 ctiam
1293 2690 1528 2746 periculum

191 2746 250 2787 1it.
314 2746 426 2788 Nam
463 2761 629 2788 murum
698 2747 826 2788 rimus
868 2747 1137 2789 transcendit.
1204 2747 1290 2789 Ser.
1319 2747 1530 2806 Sulpicius

139 2801 277 2844 Galba
302 2813 469 2860 praetor
495 2804 602 2846 male
630 2820 655 2846 a
688 2819 828 2846 versus
849 2804 1075 2846 Lusitanos
1102 2805 1316 2862 pugnavit.
1384 2807 1528 2853 Quum

138 2857 264 2916 legati
293 2875 344 2901 ex
370 2861 513 2902 Africa
539 2877 634 2903 cum
664 2862 896 2904 oratoribus
920 2862 1348 2918 Carthaginiensium,
1372 2873 1411 2903 et
1439 2862 1531 2901 Gu-

139 2914 261 2965 lussa,
285 2915 529 2959 Masinissae
553 2919 651 2967 filio,
675 2919 891 2969 redissent,
915 2919 1204 2975 dicerentque.
1227 2930 1268 2961 ct
1297 2919 1528 2960 exercitum
