1888 3194
688 218 904 258 INDE

188 304 216 332 1,
232 295 263 327 8.
286 296 383 327 urbes
402 295 540 333 dirutae,
554 303 596 325 ne
616 293 763 324 venirent
783 293 816 323 in

183 336 326 369 hostium
349 341 543 386 potestatem
567 344 619 374 31,
641 335 691 366 28.
722 335 818 365 urbes

185 381 302 420 captae
328 379 424 419 diripi
452 379 569 414 solent,
594 386 660 406 non
687 375 817 407 deditae

185 428 239 460 37,
254 430 305 460 32.
328 422 423 452 urbes
438 419 523 450 orbis
541 422 698 449 terrarum
714 417 816 448 maxi-

182 471 257 493 mae
272 463 381 493 Roma
396 466 429 492 et
443 461 608 500 Carthago
624 460 677 498 38,
690 469 741 499 50.
766 469 818 490 ur-

182 503 278 535 bibus
287 504 464 551 parcebant
475 506 598 534 veteres
608 502 819 539 Macedones,

182 555 247 585 quo
262 545 418 577 haberent
438 544 612 584 imperium
633 543 820 583 opulentius

208 596 239 624 2,

142 595 307 667 1131101ῗέ,
327 638 403 669 opp.
433 627 614 669 Hispaniae
644 626 771 668 capitur
799 638 819 658 a

185 670 231 707 Q.
247 653 365 702 Ἑιι’1110
382 671 514 709 Flacco,
530 680 583 709 40,
602 668 650 701 16.

143 711 269 744 Urbius
284 713 347 744 0111
349 724 388 744 us
406 723 434 751 1,
450 714 501 752 48.

144 754 337 786 urinatores
352 767 405 794 44,
425 765 472 786 ιο.

143 796 269 835 Urites,
286 797 404 828 Italiae
420 797 563 837 populus
579 805 630 834 42,
647 795 698 834 48.

144 838 222 870 Ursi
237 842 270 870 et
285 839 451 879 elephanti
466 839 501 869 in
516 838 602 869 ludis
617 837 821 869 Circensibus

188 891 242 919 44,
261 881 309 912 18.

144 921 290 960 Uscana,
314 923 472 963 oppidum
498 931 551 961 43,
574 931 624 960 12,
649 930 700 959 20,
728 931 763 952 21
788 924 821 952 et

188 973 239 1004 23.
262 966 304 996 ab
325 965 569 997 Uscanensibus
591 964 736 995 caeditur
756 964 819 1004 Ap.

188 1007 349 1039 Claudius
367 1017 415 1038 12.

145 1048 265 1088 Utens,
280 1049 398 1080 fluvius
415 1057 445 1090 5,
462 1056 512 1089 35.

145 1090 257 1123 Utica.
303 1091 354 1122 Eo
379 1092 419 1123 T.
436 1090 597 1123 Otacilius
620 1099 694 1120 cum
719 1090 822 1121 classe

188 1133 309 1165 traiicit
332 1141 385 1173 25,
408 1142 459 1172 31.
485 1133 551 1164 alia
572 1133 605 1163 in
630 1132 821 1164 Uticensem

187 1185 301 1216 agrum
324 1175 489 1206 exscensio
514 1183 565 1214 27,
589 1182 618 1214 5.
645 1174 729 1205 circa
751 1174 823 1213 ipsa

187 1217 318 1248 moenia
336 1217 456 1250 Uticae
478 1217 613 1257 praedas
632 1220 734 1256 agunt
755 1217 822 1248 Ro-

188 1260 277 1290 mani
295 1259 379 1298 28,4
359 1271 388 1298 4.
422 1260 555 1292 Uticam
570 1258 672 1288 mittit
687 1259 822 1288 classem

190 1301 300 1341 Scipio
313 1312 365 1343 29,
379 1301 428 1332 28.
446 1301 581 1333 Uticam
593 1300 709 1330 frustra
720 1310 822 1340 oppu-

189 1347 267 1383 gnat
289 1343 398 1384 Scipio
420 1351 469 1384 35.
496 1352 603 1373 rursus
625 1342 750 1372 obsidet
772 1351 824 1381 3ο,

192 1393 224 1424 3,
250 1393 268 1425 5
299 1390 332 1416 et
362 1386 392 1417 8.
431 1386 565 1416 classem
593 1384 754 1424 Scipionis
783 1384 825 1414 ad

194 1427 329 1459 Uticam
359 1427 517 1459 invadunt
543 1425 827 1466 Carthaginienses

227 1473 261 1500 et
281 1479 328 1502 10.

151 1479 274 1544 Ut9rarii
290 1522 344 1551 44,
359 1520 410 1552 33.

151 1553 324 1585 Vulcanus
358 1563 385 1592 1,
415 1561 465 1594 37.

192 1606 283 1627 arma
297 1600 331 1627 ct
346 1597 449 1637 spolia
463 1596 605 1626 hostium
626 1595 825 1626 succendun-

192 1641 247 1669 tur
269 1648 296 1676 1,
317 1645 368 1677 37.
393 1647 445 1677 30,
465 1637 496 1669 6.
520 1648 573 1676 41,
593 1637 640 1668 16.
663 1637 733 1668 eius
752 1647 828 1667 area

193 1690 226 1722 9,
253 1679 305 1719 46.
339 1689 391 1722 39,
419 1680 470 1719 46.
504 1690 557 1719 40,
588 1689 634 1720 ¹9·
667 1679 765 1710 aedes
793 1678 827 1709 in

194 1732 312 1763 campo
329 1732 380 1761 24,
397 1733 444 1754 ιο.
467 1723 593 1753 insulae
610 1731 661 1758 21,
674 1731 715 1762 49
731 1725 763 1751 et
777 1729 827 1759 51.

194 1764 228 1796 111
245 1764 443 1796 lectisternio
460 1764 610 1805 pulvinar
628 1764 780 1794 Vulcano
795 1766 828 1794 et

196 1806 319 1838 Vestae
336 1816 388 1845 22,
407 1817 455 1839 10.

154 1847 379 1880 Vulsinienses
391 1849 454 1881 vid.
469 1848 700 1880 Volsinienses.

154 1890 314 1922 Vultures
335 1902 404 1929 sex,
423 1891 593 1932 augurium
614 1891 733 1928 Remo,
751 1890 829 1920 duo-

199 1934 303 1965 decim
322 1934 466 1965 Romulo
487 1943 514 1970 1,
529 1933 559 1965 6.

156 1975 303 2007 Vulturii
324 1981 357 2007 et
379 1986 476 2007 canes
501 1976 625 2006 intacta
644 1975 831 2013 relinquunt

197 2019 355 2049 cadavera
377 2020 622 2058 absumptorum
647 2016 832 2057 pestilentia

197 2059 366 2092 hominum
383 2062 546 2100 boumque
564 2070 617 2098 41,
634 2058 685 2091 26.

156 2101 352 2140 Vulturnus,
368 2104 443 2134 urbs
464 2103 686 2138 Etruscorum,
706 2100 833 2140 capitur

197 2154 218 2175 a
233 2145 434 2177 Samnitibus
448 2146 536 2182 dolo,
548 2149 581 2176 et
592 2145 708 2184 Capua
719 2144 832 2183 appel-

199 2186 285 2218 latur
301 2199 332 2226 4,
348 2195 399 2227 37.

157 2227 355 2267 Vulturnus,
380 2228 497 2260 fluvius
522 2228 554 2266 8,
584 2238 629 2260 11.
662 2238 710 2266 1ο,
735 2237 777 2260 20
800 2232 833 2259 et

200 2279 251 2310 31.
276 2281 328 2309 22,
353 2281 389 2310 ¹4
410 2275 443 2302 et
470 2279 515 2310 15.
542 2281 593 2311 23,
612 2280 717 2312 14,19
733 2275 765 2301 et
782 2270 832 2309 36.

200 2321 254 2351 32,
270 2322 319 2354 29.
342 2314 384 2344 ad
402 2313 558 2344 Vulturni
578 2313 696 2343 ostium
720 2313 833 2343 castel-

201 2355 270 2385 lum
287 2356 537 2394 communitum,
551 2355 607 2386 ubi
628 2359 740 2395 postea
762 2355 836 2385 urbs

201 2396 263 2428 suit
289 2404 341 2435 25,
363 2406 404 2428 20
423 2401 457 2428 et
479 2407 528 2428 22.
554 2397 755 2428 Vulturnum
782 2407 833 2428 co-

203 2439 291 2470 lonia
305 2439 447 2470 deducta
467 2447 520 2478 34,
536 2447 586 2478 45.
603 2440 644 2470 cf.
660 2440 759 2470 etiam
783 2438 835 2479 36,

161 2488 345 2554 Vtiliurnus
360 2526 475 2554 ventus
492 2531 542 2558 22.
555 2531 618 2569 43..
629 2526 834 2563 prospectum

203 2565 236 2596 in
261 2565 384 2606 proelio
408 2575 481 2596 cum
509 2565 707 2602 llannibalc,
731 2565 836 2595 multo

205 2608 338 2648 pulvere
369 2607 400 2638 in
435 2618 491 2638 ora
520 2607 692 2644 volvendo,
721 2606 836 2637 adimit

499 1553 531 1592 8,
562 1562 610 1585 10.
643 1551 673 1584 ei
703 1555 828 1583 sacrata

205 2649 364 2680 Romanis
379 2648 430 2688 46.

163 2691 286 2723 Uxoris
300 2696 470 2732 comptae
490 2690 537 2721 ira
557 2689 707 2721 maritum
725 2690 835 2721 stimu-

207 2733 265 2768 lat,
281 2736 316 2762 ut
337 2733 533 2772 alienigenas
554 2732 586 2763 in
609 2733 768 2771 regionem
791 2732 836 2762 in-

206 2775 317 2811 ducat,
336 2774 385 2805 uui
409 2774 583 2805 ulciscendi
609 2785 705 2805 causa
731 2783 760 2812 5,
786 2783 835 2812 33.

207 2826 323 2847 uxores
367 2826 440 2847 suas
480 2816 661 2856 liberosque
698 2816 838 2847 caedunt

209 2857 278 2893 viri.
295 2868 335 2888 ne
358 2857 486 2889 veniant
506 2857 539 2889 in
561 2867 677 2889 manus
696 2857 837 2888 hostium

210 2900 263 2937 28,
276 2908 325 2938 23.

934 220 981 257 Χ.

1178 338 1223 370 Χ.
1270 302 1272 305 '

863 418 1073 460 Xanthippo,
1103 420 1375 461 Lacedaemonio,
1405 423 1537 456 insidias

903 471 962 500 pro
992 462 1150 493 beneficio
1180 464 1320 495 reddunt
1350 466 1454 496 Poeni
1484 467 1537 504 28,

863 511 1070 583 xgriarchus,
1132 549 1261 584 praetor
1319 548 1538 587 Achaeorum,

905 586 1031 625 quaerit
1067 586 1212 626 privatae
1247 589 1369 627 gratiae
1412 591 1538 621 aditum

906 629 994 667 apud
1012 629 1166 659 Perseum
1183 638 1236 668 41,
1253 630 1303 661 28.

865 669 1076 708 Xenoclides,
1113 671 1340 703 Chalcidensis
1377 672 1540 713 princeps,

905 711 1030 743 amicus
1063 713 1222 744 Romanis
1256 721 1308 753 35,
1342 714 1396 753 38,
1433 723 1474 754 50
1507 720 1540 746 et

907 762 957 792 51.

857 796 1102 836 'Xenophanes‚
1135 796 1284 837 princeps
1317 798 1486 838 legationis
1521 810 1541 830 a

909 838 1067 878 Philippo
1093 839 1210 869 missae
1237 840 1278 870 ad
1306 840 1541 879 Hannibalem,

908 879 940 910 in
971 880 1132 920 praesidia
1162 882 1315 912 Romana
1343 882 1457 913 incidit
1489 892 1541 922 23,

908 930 958 960 33.
986 926 1057 952 astu
1078 923 1219 963 elapsus,
1235 924 1348 955 foedus
1366 925 1444 955 facit
1467 935 1541 956 cum

909 964 1110 1003 Hannibale,
1134 966 1211 996 ibid.
1246 976 1371 997 rursum
1393 971 1542 1007 captusa

909 1006 1078 1043 Romanis,
1099 1008 1141 1038 ad
1166 1009 1344 1047 consulem,
1364 1019 1402 1040 ac
1424 1009 1542 1040 deinde

909 1048 1051 1079 Romam
1068 1050 1256 1088 deportatur
1271 1059 1312 1089 34
1327 1055 1360 1081 et
1379 1052 1431 1090 38.

867 1090 1068 1130 Xenophon,
1086 1091 1237 1122 Achaeus
1253 1101 1304 1131 32,
1322 1102 1372 1132 32

867 1132 925 1172 X3
928 1132 1019 1170 chus,
1038 1114 1182 1164 oidinem
1207 1134 1368 1173 facinoris,
1388 1145 1452 1174 quo
1475 1135 1542 1166 De-

908 1174 1043 1205 metrius
1058 1175 1201 1207 0110111111
1203 1180 1297 1207 entus
1311 1177 1427 1216 fuerat,
1438 1177 1543 1218 aperit

911 1216 1068 1256 Philippo
1085 1227 1136 1256 40,
1153 1226 1203 1257 55.

869 1258 995 1298 Xyline
1011 1260 1114 1290 Come
1130 1261 1249 1299 38,15.

869 1300 1015 1339 X3niac,
1035 1302 1193 1341 oppidum
1215 1311 1267 1341 32,
1293 1311 1340 1342 13.
1365 1312 1418 1342 35,
1439 1311 1467 1342 3.
1492 1312 1544 1344 39,

914 1351 964 1383 29.

1191 1552 1229 1585 Ζ.

872 1679 1073 1720 Zacynthus,
1085 1679 1191 1711 insula
1203 1679 1385 1720 propinqua
1399 1682 1546 1715 Aetoliae

916 1731 967 1758 21,
985 1729 1012 1760 7.
1038 1721 1090 1759 26,
1107 1732 1157 1760 24.
1181 1733 1252 1753 cam
1269 1724 1357 1762 capit
1374 1725 1547 1762 Lvaexinus,

915 1764 990 1795 ibid.
1030 1774 1104 1795 cum
1137 1764 1283 1804 Philippi
1313 1766 1436 1804 fuisset,
1470 1778 1545 1799 mox

916 1806 1119 1846 Amynandri
1137 1816 1175 1837 ac
1196 1807 1313 1837 deinde
1329 1809 1547 1847 Achaeorum,

915 1849 956 1879 ab
982 1849 1122 1879 Achaeis
1145 1859 1217 1879 eam
1243 1850 1360 1889 repetit
1385 1851 1425 1882 T.
1443 1852 1547 1887 Quin-

917 1890 1011 1929 ctius,
1033 1895 1066 1922 et
1094 1891 1252 1922 Romanis
1275 1892 1358 1923 tradi
1383 1893 1472 1924 iubet
1498 1893 1550 1934 36,

919 1941 969 1972 32.

876 1973 990 2012 Zama,
1002 1975 1087 2012 urbs,
1097 1974 1240 2015 quinque
1252 1975 1376 2007 dierum
1390 1976 1450 2007 iter
1460 1978 1550 2008 abest

918 2027 937 2047 a
953 2017 1150 2057 Carthagine
1167 2026 1219 2055 3ο,
1237 2026 1252 2047 2

877 2059 992 2132 Ζωιὲει,
1007 2059 1074 2090 sive
1094 2061 1227 2090 {bruissc
1251 2027 1359 2097 game,
1377 2059 1483 2092 insula
1498 2070 1551 2101 32,

924 2111 934 2132 1
964 2125 971 2133 .

878 2143 1056 2181 Zelasium,
1074 2143 1326 2183 promontorium
1346 2153 1398 2183 31,
1414 2144 1465 2183 46.

877 2185 980 2223 zeno,
1007 2187 1156 2226 princeps
1184 2186 1388 2225 Magnetum,
1414 2187 1459 2217 vir
1484 2197 1550 2218 ma-

919 2238 1001 2266 gnae
1037 2228 1247 2264 auctoritatis,
1285 2228 1325 2259 T.
1357 2229 1549 2264 Quinctium

922 2270 1129 2310 Magnetibus
1147 2271 1254 2310 placat
1271 2278 1324 2308 35,
1342 2279 1391 2308 31.

879 2312 981 2350 ch0,
1011 2312 1164 2343 Sardibus
1196 2313 1237 2342 ab
1269 2313 1432 2343 Antiocho
1462 2323 1551 2352 pmc-

922 2354 1025 2384 fcctua
1043 2363 1093 2394 37,
1110 2366 1160 2392 44.

879 2396 982 2433 Zeno,
1013 2396 1194 2436 praefectus
1223 2395 1384 2436 Philippi,
1409 2397 1554 2428 caeditur

921 2439 962 2468 nb
980 2438 1218 2469 Athamanibus
1234 2438 1286 2476 38,
1306 2448 1333 2475 1,
1347 2449 1392 2478 sq.

880 2479 1093 2520 Zephyrium,
1109 2480 1266 2520 oppidum
1284 2488 1336 2517 33,
1355 2489 1403 2511 20.

880 2522 1048 2562 Zerynthii
1067 2521 1230 2562 Apollinis
1245 2522 1404 2561 templum
1424 2522 1474 2561 38,
1491 2532 1542 2560 41.

880 2564 1055 2602 Zeuxidos,
1093 2566 1299 2595 Acarnanum
1338 2568 1465 2602 praetor
1501 2573 1554 2603 33,

927 2605 973 2638 16.

880 2647 1083 2688 Zeuxippus,
1099 2648 1248 2688 princeps
1264 2646 1472 2684 Boeotorum,
1488 2648 1553 2679 Ro-

922 2699 1039 2721 manae
1061 2690 1234 2727 societntis,
1255 2689 1296 2719 ob
1320 2689 1403 2719 hanc
1423 2700 1552 2720 causam

924 2742 988 2763 non
1019 2737 1145 2763 creatur
1176 2731 1392 2762 Boeotarchen
1422 2740 1473 2769 33,
1505 2740 1553 2771 27.

926 2773 1135 2814 Bmchyllam
1176 2773 1397 2804 Boeotarchen
1439 2774 1552 2803 tollen-

923 2815 1002 2846 dum
1033 2820 1123 2846 curat
1155 2816 1204 2846 28.
1239 2819 1408 2846 accusatur
1437 2815 1555 2850 caedis,

925 2856 1005 2895 sugit
1035 2857 1231 2897 Tanagrum,
1257 2856 1373 2887 deinde
1399 2855 1556 2890 Athenas,

924 2898 1001 2930 ibid.
