1888 3194
911 189 1202 231 INDEX.

416 263 504 295 mino
523 274 574 303 41,
593 273 640 304 13.
663 263 788 304 signum
803 265 913 305 Appia
928 264 979 296 via
997 265 1038 296 ad

418 307 588 338 simulacra
610 308 759 347 luporum
785 317 835 346 22,
861 317 908 341 10.
939 308 1039 340 Marti

418 349 535 380 flamen
559 360 579 380 a
602 350 716 381 Numa
738 350 916 391 assignatus
941 361 969 390 1,
989 361 1038 382 20.

418 392 580 431 piaculum
607 392 790 424 faciendum
819 393 1038 425 suovetaurili-

417 435 477 466 bus
500 436 604 473 8,10.
634 436 691 466 bos
712 436 806 467 albus
830 437 956 476 opimus
980 437 1038 467 im-

417 478 556 509 molatus
587 486 615 518 7,
641 485 691 517 37.
724 479 954 510 lectisternium
983 479 1038 510 ha-

417 520 521 551 bitum
550 530 600 558 22,
627 531 673 552 10.
705 522 808 561 spolia
831 522 970 553 hostium
994 523 1040 552 di-

419 567 492 593 cata
517 572 569 603 45,
593 572 643 602 33.
674 564 815 595 Martem
845 565 979 595 Romuli
1008 569 1041 595 et

419 606 517 636 Remi
536 610 661 646 patrem
681 612 848 647 nuncupat
864 608 960 638 Rhea
979 607 1040 638 Sil-

419 647 470 679 via
489 658 515 687 1,
531 660 560 686 4.

377 690 514 721 Martius
530 701 662 730 campus
680 701 706 729 1,
723 703 772 730 44.
795 691 856 722 fuit
873 702 948 731 ager
963 691 1040 722 Tar-

419 733 611 772 quiniorum,
626 738 698 773 post
720 744 773 764 eos
796 735 946 774 expulsos
968 744 1040 765 con-

420 781 559 806 secratus
574 776 673 806 Marti
691 786 720 812 2,
737 784 764 814 5.
782 776 821 808 cf.
838 781 870 807 et
886 775 918 814 6,
935 787 983 807 20.

377 818 488 856 Marsi,
503 818 615 858 populi
636 819 666 856 8,
687 818 716 849 6.
741 818 791 855 26,
812 829 857 850 11.
887 819 1042 850 deficiunt

418 870 449 901 9,
476 871 525 898 41.
560 864 710 899 oratores,
739 872 853 901 pacem
884 866 1041 902 petentes,

418 903 558 933 Romam
596 903 729 934 mittunt
762 915 811 944 45.
856 904 894 935 iis
930 905 1041 935 foedus

418 946 523 984 datur,
537 946 614 977 ibid.
636 947 804 984 rebellant,
820 947 990 978 vincuntur
1009 951 1041 978 et

416 989 597 1019 multantur
627 999 675 1027 10,
700 999 726 1029 3.
767 990 973 1020 devastantur
998 991 1039 1021 ab

418 1031 606 1062 Hannibale
641 1042 690 1070 22,
720 1042 748 1073 9.
787 1033 865 1063 dant
899 1033 1041 1072 Scipioni

416 1074 535 1104 multos
558 1075 752 1105 voluntarios
773 1074 807 1105 in
832 1076 965 1106 classem
990 1077 1040 1113 28,

417 1125 466 1154 45.
490 1117 671 1148 Marsorum
689 1118 800 1148 cohors
816 1127 867 1157 33,
884 1117 934 1157 36.

374 1159 532 1199 Marsyas,
547 1160 662 1198 amnis,
677 1160 764 1191 haud
783 1162 895 1200 procul
913 1171 933 1191 a
948 1161 1038 1192 Mae-

416 1202 506 1232 andri
522 1202 663 1233 fontibus
680 1203 788 1241 oritur,
805 1207 836 1234 et
856 1204 889 1234 in
905 1204 1038 1234 Maean-

416 1245 507 1274 drum
524 1245 609 1275 cadit
625 1246 676 1284 38,
696 1255 742 1285 13.

374 1286 513 1317 Martiae
530 1288 701 1318 Kalendae
721 1289 772 1328 38,
788 1297 839 1327 42.
861 1293 937 1320 ante
951 1289 1035 1319 diem

416 1339 469 1360 XII
505 1330 581 1361 Kal.
613 1331 710 1362 Mart.
746 1331 876 1362 comitia
908 1332 1037 1362 fuerunt

415 1373 596 1404 consulibus
625 1373 783 1413 rogandis,
810 1373 887 1404 ibid.
915 1374 978 1405 vid.
1005 1378 1037 1405 et

416 1425 467 1453 42,
484 1416 532 1446 28.

373 1457 500 1488 Martiis
516 1457 630 1488 Idibus
650 1459 852 1498 magistratus
871 1459 970 1490 initus
987 1469 1038 1497 22,

419 1510 444 1531 1.
470 1509 519 1539 23,
542 1510 589 1539 3ο.
615 1500 666 1538 26,
689 1511 701 1530 1
726 1505 758 1531 et
780 1501 828 1532 26.
858 1509 908 1541 27,
930 1509 958 1540 7.
985 1510 1036 1540 31,

415 1551 444 1581 5·
477 1552 529 1581 32,
555 1553 580 1574 1·
607 1544 658 1582 38,
683 1552 731 1583 35-
759 1553 810 1585 39,
833 1552 883 1583 45·
911 1554 962 1582 40,
986 1554 1035 1584 35·

414 1595 465 1623 42,
482 1595 532 1616 22.
555 1597 607 1624 44,
626 1585 673 1617 16.

372 1627 557 1667 Masaesyli,
594 1629 694 1659 altera
734 1628 909 1660 Numidiae
953 1640 1037 1669 pars,

413 1670 503 1701 cuius
521 1681 578 1701 rex
597 1671 657 1701 fuit
680 1671 812 1711 Syphax
838 1682 887 1710 24,
907 1672 958 1711 48.
987 1673 1037 1710 28,

416 1721 463 1753 17.
489 1723 539 1754 29,
555 1722 605 1752 32.

371 1756 536 1796 Masgaba,
567 1757 756 1788 Masinissae
785 1757 883 1796 filius,
912 1758 1037 1797 profici-

412 1799 510 1829 scitur
531 1799 671 1830 Romam
699 1808 750 1838 45,
778 1809 825 1839 13.
859 1801 888 1832 ei
909 1801 1036 1831 obviam

411 1841 550 1872 mittitur
575 1842 613 1873 L.
632 1843 776 1873 Manlius
800 1847 957 1882 quaestor,
981 1844 1036 1883 qui

412 1894 486 1914 eum
503 1885 643 1915 Romam
664 1886 795 1925 publico
815 1890 946 1926 sumptu
966 1897 1035 1926 per-

412 1927 554 1965 duceret,
564 1928 640 1959 ibid.
664 1928 731 1958 eius
746 1928 778 1958 in
795 1934 908 1959 senatu
924 1929 1035 1967 oratio,

411 1969 487 2000 ibid.
511 1970 539 2000 ei
555 1971 672 2001 dantur
687 1981 820 2002 munera
839 1980 885 2009 14.

370 2011 551 2047 Masinissa,
573 2013 658 2043 filius
679 2013 794 2051 Galae,
815 2014 895 2054 regis
918 2014 1034 2044 Numi-

411 2055 523 2085 darum
545 2048 773 2095 Massylomm,
790 2056 887 2087 vincit
911 2057 1033 2096 Sypha-

411 2107 480 2127 cem
505 2108 555 2146 24,
578 2099 617 2136 48
641 2102 673 2129 et
696 2108 745 2140 49.
776 2099 879 2130 socius
901 2099 1033 2130 Cartha-

409 2139 612 2179 giniensium,
627 2141 747 2180 ingenti
768 2142 912 2172 tumultu
926 2143 1035 2172 tuibat

411 2183 585 2213 exercitum
603 2184 641 2214 P.
653 2183 810 2223 Scipionis
828 2192 878 2223 25,
892 2193 940 2223 34.
961 2195 1033 2214 con-

411 2224 537 2255 ciliatur
570 2226 727 2256 Romanis
760 2227 810 2262 28,
844 2225 881 2257 1(
870 2237 890 2257 .
935 2227 1032 2257 Masi-

410 2266 513 2298 nissae
535 2271 566 2298 et
589 2268 747 2307 Scipionis
769 2268 964 2307 colloquium
982 2276 1032 2307 35.

411 2308 475 2339 fide
512 2310 587 2340 data
622 2314 818 2349 acceptaque
852 2311 1031 2347 discedunt,

410 2351 485 2382 ibid.
523 2352 665 2390 queritur
692 2353 779 2391 apud
809 2353 955 2383 Laelium
986 2353 1031 2382 ni-

410 2393 507 2424 miam
535 2394 691 2433 Scipionis
716 2395 953 2425 cunctationem
981 2405 1031 2436 29,

410 2447 438 2472 4.
462 2436 585 2467 accedit
605 2437 646 2466 ad
666 2437 848 2476 Scipionem
872 2447 919 2478 29.
947 2438 1032 2468 varia

410 2479 537 2509 fortuna
553 2479 586 2509 in
607 2478 783 2510 amittendo
800 2481 1029 2519 recuperando-

410 2532 472 2560 que
496 2532 592 2561 regno
616 2526 748 2561 paterno
774 2526 820 2552 est
844 2533 929 2559 usus,
952 2523 1028 2554 ibid.

410 2564 495 2603 capit
512 2565 678 2604 Thapsum
698 2565 807 2594 urbem
831 2574 878 2602 30.
904 2566 936 2595 in
955 2576 1029 2596 eum

409 2607 592 2637 stimulatur
610 2608 650 2637 ab
672 2607 877 2637 Hasdrubale
899 2608 1029 2648 Syphax

410 2658 459 2687 31.
484 2649 621 2680 vincitur
640 2650 810 2680 Masinissa
830 2660 847 2679 a
870 2650 1028 2689 Syphace,

410 2691 485 2722 ibid.
509 2691 647 2732 profugit
665 2692 697 2722 111
719 2696 861 2722 montem
878 2693 1030 2731 Balbum,

408 2733 484 2765 ibid.
527 2735 674 2765 Bocchar
709 2734 846 2765 mittitur
881 2736 1030 2766 adversus

409 2777 611 2808 Masinissam
639 2786 687 2815 32.
719 2777 773 2816 qui
801 2777 948 2815 vincitur,
973 2779 1028 2808 sed

410 2820 644 2850 circumventus
673 2830 746 2850 cum
776 2820 849 2850 solis
878 2824 1028 2859 quattuor

409 2862 568 2901 equitibus
596 2862 729 2902 aufugit,
759 2862 834 2894 ibid.
867 2863 966 2893 insilit
995 2863 1027 2893 in

408 2905 552 2943 fluvium,
568 2905 653 2935 uude
665 2915 736 2935 cum
750 2905 874 2936 duobus
885 2906 1026 2945 emergit,

406 2947 481 2978 ibid.
516 2948 547 2978 in
578 2948 703 2978 occulta
733 2948 886 2987 spelunca
913 2948 1026 2979 vulnus

1124 269 1225 304 curat,
1250 265 1328 297 ibid.
1361 265 1477 306 repetit
1502 275 1647 306 regnum,
1669 264 1747 298 ibid.

1124 308 1256 348 Syphax
1276 308 1309 338 in
1326 318 1400 339 eum
1416 309 1593 346 contendit,
1608 318 1748 348 eumque

1123 351 1222 382 vincit
1241 360 1289 390 33.
1313 362 1387 382 cum
1409 351 1536 382 modica
1554 361 1653 381 manu
1673 351 1746 382 Ma-

1123 394 1234 424 sinissa
1262 394 1304 424 ad
1333 394 1516 433 Scipionem
1545 394 1643 432 venit,
1667 392 1746 424 ibid.

1125 436 1322 467 Hannonem
1348 437 1389 467 ad
1415 446 1556 477 pugnam
1581 435 1669 467 elicit
1694 445 1746 475 34.

1125 478 1281 518 Syphacis
1317 483 1418 510 castra
1453 479 1596 510 incendit
1632 488 1684 518 30,
1718 486 1749 519 5.

1125 521 1296 552 Masinissa
1330 531 1463 561 regnum
1499 525 1666 562 recuperat
1701 530 1750 553 11.

1126 563 1371 603 Sophonisbam,
1407 564 1563 603 Syphacis
1605 574 1751 602 uxorem,

1126 606 1214 636 ducit
1242 615 1288 637 12.
1316 607 1356 636 ob
1379 606 1597 645 Sophonisbae
1619 606 1751 647 nuptias

1125 658 1146 678 a
1168 648 1318 687 Scipione
1340 649 1584 688 reprehenditur
1609 658 1655 687 14.
1682 648 1752 680 eius

1125 690 1271 721 anxietas
1287 698 1333 729 15.
1359 701 1516 721 venenum
1531 691 1564 721 in
1579 691 1696 731 poculo
1707 691 1750 722 ad

1126 733 1359 772 Sophonisbam
1382 733 1590 771 mittit,·ibid.
1619 733 1750 773 amplis-

1126 775 1213 806 simis
1247 775 1337 806 donis
1368 786 1388 806 a
1420 775 1570 815 Scipione
1602 776 1751 815 donatur,

1126 817 1202 849 ibid.
1226 818 1295 849 eius
1313 818 1409 858 legati
1429 819 1462 848 in
1483 821 1630 849 senatum
1651 819 1750 850 Rom.

1127 860 1300 891 introducti
1334 869 1381 900 17.
1415 861 1618 892 Masinissam
1648 861 1749 900 Cirta,

1126 903 1257 943 oppido,
1273 904 1449 943 ceterisque
1464 904 1591 944 oppidis
1605 903 1751 943 agrisque

1125 947 1167 976 ad
1188 957 1321 986 regnum
1345 950 1515 986 paternum
1537 946 1680 984 adiectis,
1695 947 1749 977 do-

1125 992 1181 1019 nat
1205 989 1312 1029 Scipio
1334 1000 1385 1028 44.
1410 989 1438 1019 ei
1461 990 1661 1029 gratulantur
1683 989 1749 1020 Ro-

1126 1032 1224 1069 mani,
1241 1037 1273 1062 et
1289 1033 1372 1063 dona
1386 1031 1520 1062 mittunt
1536 1041 1588 1071 31,
1606 1041 1653 1063 11.
1675 1031 1751 1062 mit-

1126 1074 1164 1104 tit
1181 1075 1337 1105 Romanis
1359 1074 1480 1105 auxilia
1503 1084 1550 1116 19.
1571 1078 1604 1105 et
1624 1083 1676 1113 32,
1699 1082 1750 1114 27.

1125 1118 1300 1156 populatur
1308 1128 1418 1157 agrum
1427 1117 1751 1157 Carthaginiensium,

1124 1163 1157 1190 et
1172 1161 1325 1199 quasdam
1341 1161 1434 1190 urbes
1449 1160 1621 1200 vectigales
1637 1170 1749 1190 eorum

1123 1202 1182 1232 sibi
1208 1203 1289 1242 cogit
1313 1202 1508 1242 stipendium
1532 1202 1672 1242 pendere
1696 1211 1750 1241 34,

1123 1243 1174 1276 62.
1204 1246 1326 1285 legatos
1350 1246 1491 1277 Romam
1515 1245 1616 1276 mittit
1643 1243 1694 1284 36,
1717 1255 1748 1283 4.

1123 1287 1295 1327 pollicetur
1311 1288 1507 1319 frumentum
1528 1292 1561 1318 et
1580 1288 1749 1326 hordeum,

1123 1330 1198 1361 ibid.
1220 1334 1252 1361 et
1273 1341 1324 1370 43,
1345 1331 1374 1361 8.
1403 1331 1471 1361 eius
1491 1341 1565 1360 cum
1580 1330 1748 1370 Carthagi-

1122 1373 1285 1403 niensibus
1307 1374 1347 1404 de
1369 1383 1454 1413 agro,
1469 1383 1565 1412 quem
1587 1372 1652 1403 illis
1673 1373 1747 1403 ade-

1123 1419 1236 1453 merat,
1257 1416 1478 1446 contentiones
1497 1425 1549 1454 40,
1568 1422 1617 1454 17,
1633 1423 1684 1453 34.
1706 1415 1749 1446 de

1123 1468 1161 1488 eo
1197 1458 1293 1498 legati
1327 1457 1640 1498 Carthaginiensium
1672 1467 1748 1497 que-

1122 1504 1235 1530 runtur
1266 1501 1299 1531 in
1336 1504 1448 1531 senatu
1478 1510 1530 1539 42,
1562 1509 1610 1539 23.
1647 1500 1750 1531 mittit

1122 1543 1225 1573 filium
1255 1554 1347 1574 suum
1375 1544 1528 1581 Romam,
1554 1543 1608 1582 qui
1633 1542 1749 1583 legatis

1122 1586 1305 1624 respondet,
1327 1586 1403 1617 ibid.
1435 1585 1558 1616 auxilia
1581 1595 1656 1616 cum
1683 1586 1747 1617 ele-

1122 1628 1263 1668 phantis,
1320 1629 1586 1669 Misagenemque
1641 1628 1746 1659 filium

1122 1671 1249 1702 mittere
1276 1672 1431 1702 Romanis
1456 1672 1496 1702 ad
1522 1672 1645 1702 bellum
1670 1671 1748 1702 Per-

1123 1713 1223 1744 sicum
1239 1718 1330 1754 parat
1348 1724 1386 1755 29
1403 1718 1436 1745 et
1451 1722 1500 1754 35.
1517 1715 1556 1747 cf.
1573 1717 1606 1745 et
1621 1722 1675 1754 45,
1689 1723 1739 1753 13.

1081 1756 1238 1787 Massicus
1254 1768 1346 1788 mons
1363 1767 1413 1795 22,
1432 1767 1479 1795 14.

1080 1799 1226 1830 Massilia
1246 1810 1296 1838 21,
1313 1799 1361 1832 26.
1387 1809 1438 1838 40,
1458 1800 1504 1831 18.
1531 1799 1614 1830 inter
1632 1798 1750 1831 Gallos

1121 1842 1192 1880 sita,
1217 1843 1313 1873 traxit
1339 1842 1540 1882 aliquantum
1565 1843 1606 1873 ab
1629 1841 1748 1873 accolis

1120 1885 1300 1916 animorum
1317 1886 1369 1925 38,
1388 1893 1434 1925 17.

1078 1927 1305 1965 Massilienses,
1331 1939 1350 1958 a
1377 1928 1527 1959 Phocaea
1554 1926 1688 1967 profecti
1714 1933 1749 1966 5,

1121 1979 1170 2008 34.
1198 1971 1274 2001 socii
1298 1971 1519 2002 Romanorum
1546 1980 1596 2007 21,
1621 1979 1670 2007 20,
1694 1968 1746 2002 26.

1119 2023 1234 2051 mores,
1259 2018 1290 2044 et
1315 2015 1411 2053 leges,
1435 2017 1468 2044 et
1492 2012 1655 2053 ingenium
1681 2011 1744 2043 sin-

1120 2066 1227 2086 cerum
1257 2056 1481 2096 integrumque
1506 2066 1525 2086 a
1554 2054 1746 2094 contagione

1120 2099 1301 2129 accolarum
1319 2102 1482 2129 servarunt
1498 2105 1550 2137 37,
1566 2104 1614 2136 54.

1077 2141 1229 2177 Massiva,
1246 2141 1403 2178 Numida,
1419 2150 1498 2180 puer
1511 2141 1614 2170 forma
1627 2138 1744 2179 insigni

1119 2186 1151 2213 et
1169 2183 1246 2223 regii
1263 2183 1396 2223 generis,
1417 2183 1542 2222 capitur
1564 2182 1596 2212 in
1620 2181 1744 2222 proelio

1122 2232 1171 2263 27,
1199 2235 1246 2266 19.
1284 2225 1455 2255 dimittitur
1479 2236 1499 2255 a
1525 2224 1674 2264 Scipione
1699 2225 1743 2255 ad

1118 2267 1320 2298 Masinissam
1337 2268 1533 2298 avunculum
1550 2277 1623 2298 cum
1639 2267 1745 2306 donis,

1116 2309 1192 2340 ibid.
1217 2310 1255 2341 cf.
1272 2314 1303 2340 et
1321 2310 1371 2347 28,
1387 2318 1436 2349 35.

1075 2351 1222 2392 Massyli,
1239 2352 1415 2383 Numidiae
1435 2353 1537 2383 altera
1552 2362 1637 2392 pars,
1651 2351 1745 2383 cuius

1116 2405 1171 2424 rex
1189 2395 1272 2425 Gala
1290 2405 1339 2433 24,
1355 2396 1405 2434 48.
1428 2405 1559 2435 regnum
1570 2399 1741 2434 paternum

1117 2437 1306 2468 Masinissae
1323 2447 1373 2475 30,
1390 2447 1437 2469 11.
1461 2438 1524 2469 vid.
1539 2437 1718 2469 Masinissa.

1073 2480 1220 2517 Mataris,
1235 2481 1291 2510 teli
1308 2481 1427 2511 Gallici
1443 2490 1542 2520 genus
1559 2487 1588 2519 7,
1604 2489 1653 2518 24.

1074 2522 1181 2553 Mater
1203 2522 1323 2561 Deum,
1344 2523 1426 2563 lapis
1448 2523 1578 2562 quidam
1598 2531 1686 2552 sacer
1705 2521 1740 2552 in

1115 2566 1193 2596 urbe
1220 2565 1378 2606 Phrygiae
1402 2565 1591 2596 Pessinunte
1614 2574 1664 2605 29,
1690 2574 1739 2596 11.

1115 2618 1178 2646 quo
1193 2608 1312 2638 honore
1327 2619 1346 2638 a
1367 2607 1523 2638 Romanis
1537 2610 1671 2646 accepta
1689 2616 1739 2646 14.

1115 2650 1184 2681 ludi
1206 2650 1238 2680 in
1261 2651 1329 2681 cius
1354 2650 1518 2688 honorem,
1537 2649 1600 2680 vid.
1626 2649 1738 2690 Mega-

1115 2693 1202 2723 lesia.

1073 2735 1187 2766 Matris
1212 2735 1352 2774 Magnae
1371 2735 1467 2766 aedes
1486 2734 1519 2765 in
1541 2733 1669 2765 Palatio
1690 2734 1737 2765 fa-

1114 2777 1225 2809 cienda
1254 2779 1377 2808 locatur
1408 2787 1458 2819 29,
1487 2785 1537 2817 37.
1571 2777 1739 2808 dedicatur

1113 2821 1163 2859 36,
1180 2819 1229 2859 36-

1071 2863 1186 2894 Matris
1209 2864 1358 2894 Matutae
1380 2863 1476 2894 aedes
1500 2870 1531 2902 5,
1556 2872 1604 2904 19.
1632 2870 1682 2901 25,
1707 2868 1735 2902 7.

1113 2916 1164 2943 41,
1195 2915 1244 2944 33.
1278 2905 1311 2936 111
1335 2916 1373 2936 ea
1396 2906 1507 2936 tabula
1531 2916 1551 2936 a
1575 2904 1736 2942 Graccho,

1113 2949 1258 2979 Sardinia
1277 2949 1419 2987 subacta,
1434 2948 1548 2988 posita,
1567 2947 1643 2979 ibid.
1666 2946 1736 2978 eius
