1888 3194
206 139 587 184 EDITIONIS
632 138 1123 181 DRAKENBORC
1138 138 1405 181 HIANAE.
1460 143 1543 183 505

139 229 305 287 habebo]
348 245 417 272 nec
451 227 778 284 habea—Cap.
809 229 876 270 37.
912 242 1034 283 quam
1066 229 1108 268 in
1145 227 1302 283 castra]
1337 244 1459 284 quam
1497 236 1543 271 ut

138 289 181 328 in
221 294 368 328 castra.
391 311 449 316 —
469 284 578 328 Ibid.
621 292 661 327 et
699 283 993 340 transqressus]
1042 290 1328 339 transqressus.
1351 309 1407 315 —-
1430 285 1538 327 Ibid.

139 344 266 398 circa]
318 346 513 398 circaque.
536 368 595 374 ——-
617 343 721 398 Cap.
769 346 838 383 40.
890 341 1099 396 sexdecim]
1152 342 1328 382 sedecim.
1351 366 1410 373 —-—-
1430 341 1538 384 Ibid.

137 402 343 457 saqittarii
360 399 442 456 his]
466 402 702 456 sayittariis.
725 425 784 430 ——
806 399 911 455 Cap.
935 402 1004 441 45.
1029 397 1352 455 Mnasilochum]
1376 399 1542 440 Mnasi-

137 459 334 499 maclzum.
357 482 416 489 —
439 456 544 514 Cap.
579 459 648 498 46.
684 455 941 513 Bastetanis]
987 457 1224 498 Vastetanis.
1247 480 1306 487 —
1329 455 1435 512 Cap.
1469 457 1539 499 47.

136 516 308 556 adversa
329 517 504 556 omnium
512 513 662 571 fama]
692 515 863 555 adversa
870 516 998 568 fama
1021 514 1235 554 hominum.
1257 537 1317 544 ——
1340 512 1445 569 Cap.
1470 515 1538 554 51.

136 587 258 628 quam
281 588 309 613 a
333 579 459 613 vetere
473 571 622 628 fama]
656 587 778 628 quam
805 578 1038 613 averterunt
1055 571 1234 626 famam.
1257 594 1316 602 --
1339 568 1444 627 Cap.
1469 574 1536 612 53.

136 645 163 670 a
182 645 382 686 quoquam
403 645 529 686 aequo
549 629 700 683 animo]
731 644 856 685 aequo
876 631 1023 670 animo.
1046 653 1104 659 --
1124 626 1233 669 Ibid.
1257 628 1404 669 relictis
1425 628 1540 669 rebus

135 687 248 742 meis]
271 688 419 728 relictis
439 689 564 728 rebus.
588 712 646 718 —
669 685 775 743 Cap.
795 690 861 728 54.
886 684 1049 742 aderat]
1073 686 1254 727 aderant.
1270 710 1329 717 —-
1343 683 1449 741 Cap.
1469 688 1537 727 56.

138 751 254 786 trans
289 743 589 801 Maeandrum]
624 746 682 786 ad
711 745 1000 786 Maeandrum.
1023 768 1082 775 —
1105 742 1211 799 Cap.
1251 745 1318 785 57.
1371 741 1537 799 Tappo]

145 802 331 857 Tappus.
351 827 410 833 ——-
429 801 537 844 Ibid.
571 802 803 858 intestabili]
839 801 1131 843 inaestimabili.
1150 825 1208 831 —-
1225 799 1331 857 Cap.
1362 803 1429 842 58.
1464 803 1539 842 tri-

130 861 249 915 qinta
269 858 368 916 duo]
393 862 560 915 triqinta
582 875 717 901 unum.
741 885 799 890 —
819 858 928 902 Ibid.
957 860 1006 900 ab
1033 859 1183 900 ultimis
1211 859 1388 899 Orientis
1402 860 1538 913 parti-

135 915 228 972 bus]
251 918 302 958 ab
325 918 456 958 ultimi
482 918 659 958 Orientis
672 919 873 972 partibus.

193 973 290 1014 LIB.
320 973 586 1015 XXXVIII.
623 973 728 1030 Cap.
753 978 791 1016 2.
816 972 984 1030 Postea]
1005 982 1165 1029 postero
1186 976 1258 1015 die.
1286 1000 1339 1005 ·-
1365 972 1471 1029 Cap.
1495 975 1533 1014 3.

134 1031 410 1085 Arachthum]
435 1031 705 1072 Arethontem.
731 1055 786 1064 —-
810 1032 913 1088 Cap.
936 1035 976 1072 4.
1005 1031 1260 1085 Arachtlzus]
1292 1030 1455 1072 Aretlzo.
1478 1055 1538 1061 —-

137 1087 243 1144 Cap.
269 1089 306 1130 7.
340 1089 411 1129 sub
442 1087 573 1144 terra]
606 1090 677 1129 sub
711 1096 871 1130 terram.
897 1112 952 1119 —
976 1086 1080 1144 Cap.
1110 1092 1173 1130 13.
1199 1086 1386 1143 Apama]
1419 1087 1537 1142 Apa-

133 1160 232 1187 mea.
254 1170 314 1177 —-
335 1144 441 1201 Cap.
480 1149 542 1186 14.
574 1145 756 1202 perstas]
786 1147 981 1201 persistis.
1001 1170 1060 1176 --
1079 1144 1184 1201 Cap.
1222 1147 1286 1186 15.
1324 1146 1382 1185 ad
1414 1145 1538 1200 Lysis

119 1203 314 1258 fluminis
328 1203 486 1257 fontes]
517 1204 568 1244 ab
588 1204 712 1259 Lysis
724 1203 919 1257 fluminis
935 1204 1066 1257 fonte.
1087 1226 1142 1233 —-
1159 1201 1268 1243 Ibid.
1292 1200 1536 1257 devertendi]

134 1261 364 1302 divertendi.
383 1284 439 1290 —
455 1259 562 1302 Ibid.
603 1262 804 1302 Acaridos
851 1260 1013 1314 Comen]
1059 1260 1260 1316 Aporidos
1301 1259 1456 1300 Comen.
1480 1282 1538 1289 —

137 1316 243 1375 Cap.
284 1320 347 1360 16.
386 1316 615 1374 Ziboetam]
653 1319 882 1374 Zyboetam.
901 1316 1082 1359 —Ibid.
1121 1315 1307 1372 Ziboeta]
1345 1316 1535 1371 Zyboeta.

132 1400 192 1407 —-
210 1375 315 1432 Cap.
344 1377 407 1418 17.
431 1377 489 1416 ad
506 1376 662 1416 Alliam
688 1391 750 1416 eos
777 1377 869 1416 olim
882 1377 1089 1431 sufferunt
1110 1377 1280 1415 maiores
1305 1372 1450 1429 nostri]
1484 1375 1541 1414 ad

135 1432 291 1474 Alliam
321 1433 414 1473 olim
432 1434 640 1487 fuderunt
667 1435 837 1474 maiores
866 1431 1228 1488 nostros.—Cap.
1256 1434 1321 1473 18.
1351 1438 1389 1471 et
1418 1432 1541 1486 leyati

134 1491 265 1545 requli
283 1490 458 1544 orantes]
486 1496 524 1531 et
553 1491 675 1546 leqati
703 1506 791 1531 eum
816 1491 897 1531 illis
917 1491 1047 1545 requli
1072 1497 1241 1530 orantes.
1260 1515 1317 1521 --
1337 1486 1442 1544 Cap.
1467 1492 1535 1529 20.

134 1548 256 1603 effusi
274 1564 294 1588 e
314 1546 477 1603 castris]
510 1548 631 1603 effusi
649 1550 803 1589 castris.
827 1573 886 1579 —
909 1546 1013 1604 Cap.
1038 1551 1105 1588 21.
1137 1548 1188 1588 ab
1219 1547 1371 1587 duobus
1402 1547 1539 1587 lateri-

135 1605 224 1660 bus]
248 1606 400 1646 duobus
421 1605 622 1646 lateribus.
645 1630 704 1656 ,-
724 1604 834 1646 Ibid.
858 1620 940 1661 qua
961 1603 1148 1660 evellant]
1177 1619 1279 1660 quae
1298 1604 1456 1644 vellant.
1480 1627 1538 1635 -——

135 1660 243 1703 Ibid.
276 1661 399 1718 sicut]
433 1665 489 1702 sic
520 1669 573 1703 ut.
598 1687 653 1693 -—
678 1661 782 1719 Cap.
807 1666 874 1704 23.
902 1678 980 1717 per
1011 1677 1141 1702 omnes
1171 1659 1405 1717 anfractus]
1436 1663 1539 1702 inter

135 1735 266 1761 omnes
285 1722 523 1774 amfractus.
542 1745 600 1751 —
619 1719 724 1776 Cap.
749 1722 816 1761 36.
850 1718 1015 1775 Tappo]
1050 1721 1231 1774 Tappus.
1255 1743 1312 1749 -—
1336 1718 1442 1774 Cap.
1468 1719 1521 1760 37
1527 1749 1537 1760 .

134 1778 235 1818 Duo
267 1776 415 1834 millia]
454 1779 570 1819 mille.
596 1802 646 1808 —-
675 1779 781 1834 Cap.
818 1780 884 1819 38.
922 1775 1088 1832 Halyn]
1135 1778 1324 1818 Tanaim.
1350 1800 1403 1806 —
1427 1774 1536 1818 Ibid.

135 1833 342 1891 redeunte]
386 1837 558 1876 redeant.
577 1859 631 1865 -—
649 1834 758 1876 Ibid.
801 1850 975 1890 quarum
1017 1833 1150 1889 nullu]
1195 1835 1306 1874 nulla
1347 1849 1533 1889 quarum.

133 1917 192 1924 --
213 1891 320 1933 Ibid.
363 1891 678 1948 Sarpedonium]
727 1893 1008 1947 Sarpedonem.
1032 1916 1090 1922 ———
1112 1890 1218 1932 Ibid.
1259 1889 1534 1946 lllnasiloclzo]

135 1950 433 1991 Mnasimacho.
451 1975 509 1980 ——
529 1949 633 2006 Cap.
659 1953 726 1991 39.
750 1947 1047 2004 Drymussam]
1072 1949 1339 2003 Drymusam.
1358 1973 1410 1978 -
1429 1946 1535 2004 Cap.

134 2008 203 2050 47.
236 2014 275 2048 et
301 2007 355 2049 L.
375 2007 590 2062 Aemilius]
617 2007 668 2048 L.
690 2007 897 2048 Aemilius.
920 2031 978 2037 —
1002 2005 1108 2061 Cap.
1133 2009 1202 2046 48.
1229 2006 1290 2045 At
1315 2008 1417 2045 enim
1445 2012 1540 2046 sunt

135 2065 232 2106 llaec
252 2067 309 2105 ita
325 2081 339 2105 .·
372 2063 528 2121 verum]
555 2065 615 2105 At
632 2067 735 2105 enim
755 2071 850 2105 sunt
868 2065 1025 2120 quidem
1047 2066 1123 2103 ista
1140 2078 1248 2103 vera.
1264 2087 1322 2093 —-
1338 2062 1442 2119 Cap.
1466 2066 1535 2105 49.

136 2120 334 2178 huiccine]
377 2123 530 2163 huicne.
555 2147 612 2152 —
635 2120 742 2178 Cap.
786 2125 853 2163 52.
896 2120 1157 2177 summittere]
1206 2121 1457 2161 submitteret.
1483 2144 1539 2151 —

139 2178 245 2236 Cap.
265 2181 332 2222 57.
352 2182 390 2219 ei
402 2182 483 2234 ipsi
500 2179 754 2234 desponsam]
779 2181 858 2234 ipsi
876 2180 1122 2234 desponsam.
1147 2203 1196 2208 —
1217 2178 1323 2234 Cap.
1348 2180 1538 2234 603z'nter

136 2238 262 2278 hostes
271 2238 416 2292 populi
428 2237 623 2292 Romani]
640 2239 743 2278 inter
755 2239 882 2278 hostes
889 2237 1034 2292 populi
1047 2237 1225 2277 Romani
1237 2236 1288 2276 L.
1298 2236 1535 2290 Scipionem.

195 2293 290 2335 Lm.
323 2293 544 2336 XXXIX.
586 2293 691 2351 Cap.
721 2298 760 2336 4.
794 2296 845 2335 ab
872 2292 1051 2350 tribuno]
1081 2295 1132 2334 ab
1160 2292 1536 2350 tribunis—Cap.

137 2355 174 2394 5.
206 2353 270 2393 M
298 2352 463 2406 Aburii]
494 2353 653 2393 Aburii.
676 2376 733 2382 --
757 2350 862 2408 Cap.
900 2354 938 2393 6.
973 2366 1232 2392 successorem
1266 2353 1396 2406 ipsum
1433 2353 1540 2391 omni

131 2425 273 2465 qenere
313 2411 492 2450 licentiae
531 2412 754 2465 corrupisse
786 2411 913 2463 fama
953 2408 1165 2465 attulerat]
1219 2424 1417 2449 successor
1457 2411 1539 2463 ipse

136 2470 244 2508 omni
271 2482 414 2523 qenere
449 2468 629 2508 licentiae
661 2474 910 2522 conruperat.
935 2491 992 2497 —-—
1015 2466 1120 2522 Cap.
1158 2468 1196 2508 7.
1236 2466 1424 2520 ducenta]
1462 2467 1537 2506 du-

138 2532 281 2566 centas.
304 2549 363 2555 —-
384 2523 490 2566 Ibid.
535 2525 634 2578 tria]
684 2531 772 2565 tres.
796 2549 852 2554 ——
875 2523 981 2566 Ibid.
1025 2525 1234 2578 sexdecim]
1282 2525 1458 2565 sedecim.
1482 2548 1537 2552 —-

141 2579 245 2639 Cap.
295 2585 332 2623 8.
387 2582 713 2638 testamentaque]
766 2584 1075 2638 testimoniaque.
1101 2607 1149 2614 —-
1181 2580 1286 2637 Cap.
1335 2584 1397 2622 12.
1457 2581 1540 2621 Sti—

138 2639 286 2694 mulae]
343 2640 520 2681 Similae.
552 2665 594 2670 -—
623 2639 729 2696 Cap.
779 2643 840 2681 15.
885 2647 966 2680 tam
1009 2655 1085 2681 non
1126 2639 1251 2680 solum
1292 2637 1410 2694 apta]
1463 2653 1538 2678 non

138 2697 262 2738 solum
294 2704 403 2752 apta.
429 2724 483 2729 ——
507 2698 613 2753 Cap.
646 2701 712 2738 21.
754 2698 1010 2753 Calayztiv'rn]
1052 2698 1325 2752 Cakiqurrim.
1350 2723 1405 2728 —
1430 2694 1537 2750 Cap.

140 2756 209 2795 29.
243 2755 451 2808 sexdecim]
488 2757 664 2796 sedecim.
689 2779 744 2785 --
768 2756 871 2811 Cap.
911 2758 977 2796 31.
1014 2754 1219 2810 sustineri]
1257 2757 1458 2795 sustinere.
1484 2776 1537 2781 —-—

143 2809 248 2866 Cap.
293 2814 359 2852 36.
415 2812 690 2867 Compasium]
744 2813 983 2867 conflictum.
1009 2838 1057 2842 ψ’
1088 2811 1193 2867 Cap.
1236 2814 1304 2852 41.
1358 2824 1540 2850 revocare

199 2879 295 2908 vor..
321 2880 378 2908 tv.
1249 2882 1273 2907 ι.
1295 2867 1306 2907 l
