1888 3194
347 164 429 203 258
859 161 1230 205 EPITOMAE

351 260 435 292 tres
467 259 631 292 tantum
664 251 901 293 evaderent.
965 252 1081 309 Lege
1119 253 1202 294 lata
1232 252 1285 294 de
1313 252 1544 308 redigenda
1572 252 1616 292 in
1649 266 1746 308 pro-

351 308 512 349 vinciae
545 308 721 350 formam
757 308 919 375 Cypro,
951 319 994 351 et
1025 286 1280 366 publicanda
1311 309 1491 365 pecunia
1523 308 1650 364 regia,
1680 309 1743 350 M.

355 363 510 407 Catoni
546 365 851 408 administratio
885 367 973 408 eius
1006 367 1066 408 rei
1098 367 1295 408 mandata
1325 375 1397 407 est.
1463 366 1745 415 Ptolemaeus,

352 422 543 479 Aegypti
578 437 665 473 reX,
695 424 748 465 ob
781 424 965 473 iniurias,
1000 439 1104 480 quas
1136 424 1414 480 patiebantur,
1442 438 1466 464 a
1498 423 1582 464 suis
1614 437 1745 478 regno

351 479 507 544 pulsus,
532 479 713 521 Romam
734 481 861 522 venit.
908 480 958 522 C.
977 481 1132 523 Caesar
1153 481 1352 530 Venetos,
1375 489 1547 536 gentem
1572 479 1746 522 Oceano

351 536 550 586 iunctam,
574 536 709 579 navali
730 538 890 593 proelio
910 538 1020 579 vicit.
1083 539 1310 580 Praeterea
1337 553 1402 578 res
1429 553 1454 578 a
1480 537 1628 593 legatis
1655 537 1746 578 eius

351 593 498 635 eadem
519 594 688 636 fortuna
707 603 843 651 gestas
863 595 1063 636 continet.

1002 867 1094 908 CV.

354 985 543 1036 QUUM
575 985 624 1027 C.
644 985 821 1027 Catonis
850 985 1007 1026 tribuni
1028 985 1162 1041 plebis
1187 986 1554 1028 intercessionibus
1575 986 1745 1029 comitia

350 1044 607 1093 tollerentur,
630 1051 798 1084 senatus
819 1051 979 1084 vestem
999 1043 1187 1084 mutavit.
1251 1043 1313 1084 M.
1334 1042 1479 1085 Cato
1469 1059 1514 1084 111
1538 1043 1742 1100 petitione

348 1109 580 1157 praeturae,
608 1100 793 1156 praelato
814 1099 856 1139 V
858 1100 1005 1165 atinio,
1033 1099 1243 1165 repulsam
1276 1100 1384 1142 tulit.
1446 1100 1581 1151 Idem,
1609 1116 1744 1157 quum

348 1159 486 1216 legem
513 1158 751 1214 impediret,
774 1172 859 1213 qua
889 1157 1128 1213 provinciae
1160 1157 1439 1199 consulibus
1428 1173 1474 1198 1n
1502 1158 1744 1214 quinquen-

347 1217 481 1265 nium,
524 1215 730 1271 Pompeio
773 1214 1018 1270 Hispaniae,
1059 1214 1210 1256 Crasso
1253 1214 1374 1272 Syria
1412 1223 1454 1256 et
1495 1215 1743 1257 Parthicum

346 1273 519 1322 bellum,
545 1272 715 1314 Caesari
751 1271 890 1313 Gallia
921 1280 964 1313 et
999 1271 1230 1313 Germania
1259 1272 1479 1322 dabantur,
1513 1287 1538 1314 a
1567 1273 1616 1315 C.
1636 1272 1743 1314 Tre-

347 1331 476 1372 bonio
508 1330 677 1371 tribuno
709 1329 856 1386 plebis,
882 1328 986 1385 legis
1018 1338 1199 1379 auctore,
1225 1329 1270 1370 in
1291 1329 1458 1370 vincula
1485 1329 1636 1372 ductus
1666 1337 1740 1372 est.

348 1388 402 1429 A.
437 1387 644 1429 Gabinius
684 1386 907 1442 proconsul
943 1386 1235 1428 Ptolemaeum
1269 1387 1440 1427 reduxit
1478 1386 1524 1427 in
1563 1401 1743 1452 regnum

347 1445 550 1502 Aegypti,
588 1444 722 1485 eiecto
760 1443 984 1493 Archelao,
1027 1459 1154 1499 quem
1195 1443 1273 1484 sibi
1313 1458 1457 1508 regem
1497 1443 1740 1485 asciverant.

350 1502 519 1552 Caesar,
562 1502 681 1542 victis
727 1500 950 1542 Germanis
994 1501 1040 1541 in
1083 1499 1222 1542 Gallia
1267 1501 1495 1556 caesisque,
1538 1500 1742 1542 Rhenum

345 1559 617 1608 transcendit,
647 1566 689 1599 et
717 1558 956 1623 proximam
988 1565 1152 1623 partem
1183 1557 1436 1600 Germaniae
1469 1557 1658 1600 domuit:
1691 1572 1741 1600 ac

345 1616 499 1657 deinde
520 1616 725 1657 Oceano
714 1631 759 1656 1n
781 1615 1057 1680 Britanniam,
1075 1615 1210 1680 primo
1230 1630 1378 1672 parum
1399 1630 1611 1672 prospere,
1633 1622 1741 1657 tem-

344 1673 574 1730 pestatibus
613 1673 808 1723 adversis,
846 1672 1035 1722 traiecit3
1080 1673 1233 1714 iterum
1268 1672 1455 1715 felicius·
1501 1686 1738 1738 magnaque

344 1730 616 1772 multitudine
646 1730 829 1772 hostium
857 1745 990 1780 caesa,
1013 1730 1196 1786 aliquam
1224 1738 1386 1786 partem
1411 1729 1608 1772 insulae
1596 1744 1642 1771 1n
1662 1744 1739 1786 po-

344 1796 536 1830 testatem
558 1787 730 1843 redegit.

979 2012 1095 2052 CVI.

341 2126 532 2176 IULIA,
561 2125 750 2168 Caesaris
777 2124 876 2174 filia,
906 2124 1100 2189 Pompeii
1131 2139 1249 2174 uxol,
1279 2124 1481 2166 decessit.
1515 2125 1733 2182 honosque

341 2185 379 2226 ei
410 2199 435 2225 a
463 2183 620 2239 populo
652 2182 819 2223 habitus
852 2190 926 2230 est,
956 2189 1003 2222 ut
1033 2181 1075 2221 in
1105 2196 1253 2238 campo
1282 2181 1441 2223 Martio
1473 2182 1730 2238 sepeliretur.

343 2241 561 2282 Gallorum
590 2240 749 2296 aliquot
779 2238 937 2294 populi,
962 2238 1209 2294 Ambiorige
1235 2238 1342 2280 duce
1369 2238 1632 2290 Eburonum,
1659 2239 1734 2281 de-

339 2299 555 2340 fecerunt:
590 2312 614 2338 a
641 2296 794 2352 quibus
825 2296 954 2337 Cotta
980 2304 1023 2336 et
1047 2295 1250 2346 Titurius,
1276 2296 1403 2352 legati
1427 2295 1631 2347 Caesaris,
1653 2297 1733 2338 cir-

340 2354 554 2397 cumventi
575 2353 748 2403 insidiis,
771 2368 867 2394 cum
893 2353 1094 2402 exercitu,
1117 2353 1185 2394 cui
1213 2361 1446 2409 praeerant,
1468 2354 1578 2396 caesi
1605 2361 1729 2395 sunt:

340 2422 383 2454 et
399 2427 531 2468 quum
547 2411 720 2452 aliarum
738 2426 907 2476 quoque
928 2410 1142 2467 legionum
1164 2419 1296 2452 castra
1317 2419 1559 2476 oppugnata
1579 2425 1732 2467 magno

338 2470 477 2511 labore
498 2469 670 2510 defensa
694 2476 845 2518 essent,
868 2468 978 2510 inter
999 2483 1107 2524 quae
1135 2468 1238 2518 eius,
1261 2484 1335 2524 qul
1355 2484 1401 2509 111
1422 2468 1592 2510 Nerviis
1612 2482 1733 2524 prae-

338 2534 440 2577 erat,
466 2525 519 2574 Q.
539 2525 769 2576 Ciceronis,
793 2525 876 2567 ab
866 2541 956 2581 1pso
976 2525 1155 2567 Caesare
1177 2525 1318 2566 hostes
1338 2525 1497 2581 proelio
1517 2525 1598 2567 fusi
1619 2533 1729 2567 sunt.

338 2584 401 2626 M.
424 2558 611 2633 Crassus,
643 2582 797 2624 bellum
832 2583 1000 2624 Parthis
1031 2582 1234 2632 illaturus,
1262 2581 1523 2647 Euphratem
1554 2583 1731 2624 fluvium

337 2641 512 2691 transiit,
529 2641 748 2696 victusque
770 2640 941 2696 proelio,
960 2640 1003 2680 in
1021 2655 1105 2696 quo
1127 2647 1170 2680 et
1185 2639 1295 2680 filius
1311 2640 1399 2680 eius
1416 2639 1582 2689 cecidit,
1596 2653 1730 2695 quum

337 2698 534 2754 reliquias
562 2698 771 2739 exercitus
799 2697 844 2737 in
871 2697 1021 2738 collem
1048 2696 1284 2752 recepisset,
1307 2705 1502 2737 evocatus
1529 2696 1573 2736 in
1601 2695 1729 2737 collo-

336 2756 484 2812 quium
506 2756 557 2796 ab
582 2754 784 2803 hostibus,
807 2753 923 2795 velut
944 2754 996 2795 de
1018 2769 1119 2809 pace
1142 2753 1307 2802 acturis,
1331 2768 1510 2809 quorum
1530 2752 1618 2794 dux
1639 2760 1729 2794 erat

339 2813 532 2862 Surenas,
573 2811 913 2867 comprehcnSUS,
943 2820 998 2861 et,
1027 2826 1080 2852 ne
1115 2810 1218 2866 quid
1251 2810 1368 2851 vivus
1400 2818 1626 2866 pateretur,
1662 2824 1728 2851 re-

335 2885 527 2927 pugnans
549 2870 792 2911 interfectus
814 2877 886 2909 est.
