1888 3194
312 192 394 231 308
827 184 976 226 ΤΙΤΙ
1018 183 1198 225 LIVII

313 284 486 320 tescant.
549 275 812 317 Delitescent
841 289 978 332 porro,
1001 274 1036 315 si
1067 289 1152 315 non
1186 287 1355 314 omnem
1388 286 1558 329 operam
1591 269 1711 312 adhi-

314 335 509 378 bebimus
539 332 788 390 indagandis
809 342 934 388 atque
956 330 1268 387 investigandis.
1331 329 1426 371 Nec
1447 337 1523 379 est,
1545 336 1593 370 ut
1613 342 1712 370 casu

316 389 610 435 huiuscemodi
639 406 705 432 res
734 390 836 446 regi,
858 405 944 430 non
973 404 997 430 a
1026 389 1274 445 cuiusquam
1303 387 1457 437 labore,
1479 384 1711 442 diligentia,

319 450 526 492 industria
544 448 729 505 pendere
746 447 1043 488 existimemus.
1092 446 1218 487 Hanc
1234 444 1443 501 opinionis
1463 444 1715 501 pravitatem

321 508 512 564 ignaviae
539 522 587 548 ac
612 505 797 548 desidiae
830 512 995 546 nostrae
1029 503 1207 544 nimium
1234 503 1499 544 blandientes
1530 501 1564 542 si
1593 514 1715 557 prae-

322 574 527 615 texamus,
548 563 712 605 refellet
732 577 824 603 eam
849 561 947 602 satis
971 575 1181 616 superque
1203 560 1283 601 hoc
1304 560 1494 601 omnium
1515 557 1716 600 recentis-

322 623 474 664 simum
525 620 693 662 Liviani
740 618 964 674 fragmenti
1014 617 1171 658 detecti
1219 617 1474 673 exemplum.
1568 615 1715 664 Quum

323 680 437 721 enim
457 679 527 719 ille
549 677 784 719 Bibliorum
805 676 911 716 liber
930 690 955 715 a
974 673 1116 715 multis
1137 682 1234 715 ante
1252 673 1565 724 Blanchinium,
1583 686 1716 729 quum

324 737 376 778 ab
403 737 494 792 ipso
521 749 691 790 quoque
720 731 973 773 Blanchinio
999 731 1111 771 visus
1130 731 1288 780 fuisset,
1310 731 1416 771 adeo
1437 731 1518 780 isti,
1541 729 1647 786 quid
1671 729 1717 770 in

324 810 376 836 eo
397 791 580 834 thesauri
600 791 762 839 lateret,
779 804 866 830 non
883 787 1170 844 perviderunt,
1187 796 1235 828 ut
1251 802 1305 828 ne
1322 787 1528 828 indicium
1544 786 1718 842 quidem

324 851 415 892 eius
438 849 499 890 rei
523 847 796 904 perviderint,
818 845 934 902 quod
964 845 1163 886 nimirum
1194 845 1300 886 liber
1330 844 1555 900 rescriptus
1581 851 1716 890 esset3

325 921 457 964 quum
479 921 504 947 a
524 904 707 946 Brunsio
727 904 839 945 visus
866 902 1015 944 itidem
1035 902 1192 952 fuisset,
1214 901 1283 943 hic
1310 901 1406 958 plus
1430 901 1579 943 ceteris
1598 900 1718 950 vidit,

326 974 370 1006 et
395 963 644 1019 rescriptum
664 961 862 1003 videlicet
892 975 993 1010 esse,
1016 968 1059 1001 et
1088 959 1250 1016 aliquid
1280 974 1367 1000 non
1396 959 1455 1000 ita
1481 958 1720 1014 expositum

326 1022 569 1070 continere3
603 1034 735 1076 quum
763 1018 947 1074 denique
976 1033 1001 1058 a
1028 1017 1263 1067 Iuvenatio,
1296 1016 1366 1057 hic
1393 1024 1437 1058 et
1456 1015 1575 1066 vidit,
1604 1014 1721 1072 quod

325 1095 391 1121 res
412 1087 513 1128 erat,
535 1086 579 1119 et
608 1076 794 1132 denique
825 1075 993 1132 reperit,
1027 1080 1141 1116 ‘non
1168 1074 1285 1131 quod
1310 1074 1458 1130 pueri,’
1485 1081 1534 1115 ut
1560 1073 1619 1114 ait
1647 1072 1719 1114 ille

326 1135 439 1194 apud
463 1135 664 1178 Plautum
692 1133 909 1183 Strobilus,
943 1132 1188 1173 ‘clamitant
1218 1132 1263 1173 in
1294 1132 1389 1173 faba
1419 1146 1463 1172 se
1493 1129 1721 1187 reperisse,’

326 1194 401 1236 sed
420 1193 546 1234 huius
566 1192 709 1248 ipsius,
731 1206 866 1246 eoque
894 1205 980 1231 non
1001 1190 1100 1231 ficto
1127 1188 1323 1245 exemplo
1344 1204 1445 1230 auro
1466 1196 1613 1230 contra
1632 1202 1720 1229 non

327 1266 469 1293 carum
485 1249 715 1291 literarium
732 1247 975 1289 huiusmodi
991 1247 1246 1289 thesaurum.
1285 1246 1351 1287 Ita
1366 1246 1400 1287 si
1415 1254 1722 1302 postremorum

326 1308 589 1365 diligentiam
613 1306 752 1362 primi,
774 1306 819 1346 in
840 1320 1020 1361 quorum
1051 1319 1199 1346 manus
1226 1304 1333 1345 liber
1359 1303 1578 1353 inciderat,
1600 1303 1721 1344 adhi-

326 1366 528 1415 buissent,
551 1363 768 1420 quamdiu,
791 1378 876 1413 oro,
898 1370 1018 1412 esset,
1041 1376 1173 1418 quum
1196 1362 1276 1402 hoc
1297 1360 1466 1402 aureolo
1486 1360 1720 1417 fragmento

326 1422 563 1480 respublica
582 1421 766 1462 literaria
785 1420 1024 1461 frueretur?
1088 1419 1298 1467 Quocirca
1321 1433 1408 1459 non
1437 1418 1488 1459 ab
1509 1432 1554 1459 re
1574 1417 1720 1459 fecisse

327 1481 431 1522 mihi
458 1480 569 1520 visus
596 1493 701 1528 sum,
724 1492 856 1534 quum
887 1492 1053 1519 aversae
1087 1476 1199 1517 tituli
1232 1475 1408 1531 paginae
1440 1474 1722 1531 Sophocleum

326 1538 433 1579 illud
463 1535 777 1578 inscribendum
810 1534 965 1584 curavi,
988 1534 1062 1575 ubi
1090 1533 1354 1574 doctissimus
1384 1540 1522 1588 poeta,
1544 1547 1569 1573 a
1594 1547 1722 1574 vena-

329 1596 446 1637 tione
480 1593 688 1635 translatis
720 1592 869 1641 verbis,
910 1591 1057 1648 ‘capi,’
1084 1590 1199 1640 dicit,
1235 1596 1306 1631 ‘et
1336 1589 1530 1640 inveniri,
1552 1589 1586 1631 si
1617 1589 1723 1646 quid

330 1659 341 1676 ‘
358 1659 598 1709 quaeratur,
620 1651 654 1691 si
674 1664 773 1692 vero
793 1649 1045 1706 negligatur,
1066 1648 1210 1705 fugere
1232 1656 1275 1689 et
1295 1647 1449 1689 latere!
