1888 3194
82 270 126 302 U.
143 271 182 302 C.
205 271 277 310 585.

81 314 121 344 A.
145 314 183 344 O.
209 312 277 353 167.

82 356 219 386 Paullus

81 397 252 428 Graeciam

81 444 238 480 peragrat.

810 173 958 217 ΤΙΤΙ
999 173 1180 217 LIVII

291 279 418 321 quam
439 264 642 306 finitimae
665 264 866 315 civitates,
889 266 932 306 in
955 266 1079 307 armis
1100 265 1278 307 fuerant.
1342 263 1578 306 Auctumni
1598 262 1683 304 fere

292 330 458 378 tempus
488 331 599 371 erat3
637 322 758 363 cuius
791 323 990 378 temporis
1025 323 1145 364 initio
1178 322 1522 364 circumeundam
1553 320 1686 361 Grae-

291 380 412 430 ciam,
434 379 705 436 visendaque,
727 395 834 436 quae
856 379 1077 421 nobilitata
1105 380 1215 421 fama
1245 379 1401 421 maiora
1428 379 1596 421 auribus
1617 383 1716 418 ac=5

292 445 414 493 cepta
443 446 554 486 sunt,
584 452 711 493 quam
742 437 873 478 oculis
904 446 1147 487 noscuntur,
1180 446 1226 479 ut
1257 437 1415 487 statuit,
1447 434 1685 493 praeposito

292 494 435 535 castris
459 493 509 535 C.
529 494 715 550 Sulpicio
739 493 876 543 Gallo,
899 494 1110 549 profectus
1130 509 1227 535 cum
1248 493 1361 535 haud
1382 508 1535 550 magno
1556 491 1686 533 comi-

291 561 394 602 tatu,
418 552 657 607 tegentibus
682 551 813 591 latera
843 550 1039 607 Scipione
1061 551 1147 592 filio
1169 560 1211 592 et
1236 551 1459 592 Athenaeo
1482 548 1686 591 Eumenis

291 609 400 665 regis
428 609 567 657 fratre,
596 623 672 664 per
697 607 956 648 Thessaliam
989 607 1181 663 Delphos
1210 608 1328 664 petit,
1361 608 1569 649 inclutum
1594 620 1687 647 ora-

291 666 457 707 culum:
492 666 577 716 ubi,
599 664 800 706 sacrificio
823 664 1013 720 Apollini
1034 664 1157 714 facto,
1179 665 1395 706 inchoatas
1416 665 1460 705 in
1481 661 1686 705 vestibulo

292 723 519 772 columnas,
552 722 705 778 quibus
739 721 975 776 imposituri
1009 730 1165 762 statuas
1197 721 1306 777 regis
1336 721 1479 762 Persei
1506 721 1685 770 fuerant,

292 781 376 821 suis
407 780 553 820 statuis
580 779 713 820 victor
740 777 977 819 destinavit.
1040 778 1254 819 Lebadiae
1281 793 1450 834 quoque
1480 776 1686 833 templum

292 837 403 878 Iovis
431 835 668 892 Trophonii
699 834 813 876 adiit.
880 835 968 876 Ubi
989 851 1122 892 quum
1142 835 1314 876 vidisset
1344 850 1389 876 os
1419 849 1579 891 specus,
1611 838 1719 889 per6

293 893 407 949 quod
428 892 596 934 oraculo
613 901 779 933 utentes
800 892 1053 934 sciscitatum
1072 893 1173 934 deos
1188 892 1465 941 descendunt,
1483 890 1686 932 sacrificio

292 951 383 992 Iovi
406 950 716 1007 Hercynaeque
738 949 860 999 facto,
885 965 1063 1006 quorum
1095 950 1153 991 ibi
1184 949 1389 1006 templum
1415 957 1490 999 est,
1516 947 1687 990 Chalci-

292 1008 389 1049 dem
430 1007 483 1049 ad
522 1006 808 1064 spectaculum
846 1006 995 1063 Euripi
1028 1007 1313 1063 Euboeaeque
1348 1006 1522 1055 insulae,
1555 1013 1686 1062 ponte
1737 1044 1740 1046 ,

292 1065 528 1106 continenti
558 1065 741 1114 iunctae,
771 1064 1000 1106 descendit.
1064 1065 1106 1105 A
1131 1064 1335 1106 Chalcide
1366 1063 1570 1105 Aulidem
1597 1070 1686 1104 rate

293 1123 456 1173 traiicit,
487 1123 614 1164 trium
639 1122 818 1162 millium
849 1122 984 1178 spatio
1015 1121 1254 1171 distantem,
1280 1130 1447 1178 portum
1479 1120 1687 1161 inclutum

292 1180 470 1221 statione
507 1179 722 1235 quondam
763 1178 875 1220 mille
917 1179 1088 1220 navium
1128 1178 1491 1235 Agamemnoniae
1531 1176 1685 1227 classis,

293 1238 543 1293 Dianaeque
580 1236 751 1293 templo,
785 1236 858 1277 ubi
893 1237 1068 1278 navibus
1099 1252 1266 1278 cursum
1301 1236 1355 1277 ad
1383 1235 1569 1284 Troiam,
1601 1233 1688 1275 filia

292 1295 463 1336 victima
483 1294 562 1335 aris
584 1294 764 1343 admota,
787 1309 861 1335 rex
892 1294 961 1335 ille
992 1309 1139 1349 regum
1167 1294 1301 1350 petiit.
1363 1293 1471 1334 Inde
1496 1292 1687 1348 Oropum

293 1352 463 1393 Atticae
491 1361 665 1393 ventum
698 1360 785 1400 est3
819 1351 890 1392 ubi
921 1366 997 1407 pro
1028 1352 1108 1392 deo
1138 1360 1252 1392 vates
1288 1351 1489 1406 antiquus
1522 1349 1720 1399 colitur,7

294 1409 583 1465 templumque
614 1417 824 1450 vetustum
859 1417 933 1458 est,
966 1408 1152 1449 fontibus
1183 1408 1367 1464 rivisque
1403 1408 1514 1449 circa
1547 1421 1688 1447 amoe-

292 1482 407 1508 num.
471 1466 664 1507 Athenas
691 1466 804 1515 inde,
827 1465 971 1522 plenas
993 1465 1166 1521 quidem
1197 1475 1240 1507 et
1270 1465 1379 1521 ipsas
1399 1472 1606 1506 vetustate
1627 1463 1720 1505 fa-8

293 1539 399 1574 mae,
422 1523 554 1565 multa
574 1532 715 1564 tamen
736 1523 909 1564 visenda
928 1523 1158 1564 habentes:
1195 1537 1347 1572 arcem,
1369 1531 1525 1578 portus,
1548 1535 1720 1566 muros9

292 1580 515 1622 Piraeeum
537 1581 631 1622 urbi
658 1581 894 1635 iungentes,
916 1579 1079 1621 navalia
1099 1594 1347 1635 magnorum
1373 1580 1687 1635 imperatorum,
1704 1591 1717 1612 1

293 1638 514 1679 simulacra
540 1638 716 1679 deorum
744 1638 1063 1693 hominumque,
1094 1638 1210 1678 omni
1237 1652 1393 1693 genere
1420 1645 1463 1677 et
1489 1635 1688 1677 materiae

292 1704 336 1736 ct
363 1696 515 1736 artium
544 1695 734 1750 insignia.
800 1694 1013 1736 Sacrificio
1042 1694 1261 1735 Minervae
1294 1693 1477 1751 praesidi
1506 1693 1612 1735 arcis
1643 1693 1689 1734 in

293 1753 394 1794 urbe
416 1753 525 1794 facto
547 1752 770 1809 profectus,
797 1751 1055 1793 Corinthum
1076 1751 1206 1793 altero
1228 1752 1299 1793 die
1318 1751 1520 1808 pervenit.
1574 1750 1689 1792 Urbs

292 1820 380 1851 crat
405 1819 506 1851 tunc
533 1809 746 1866 praeclara
765 1818 862 1851 ante
885 1809 1112 1859 excidium,
1134 1824 1209 1850 arx
1231 1824 1400 1865 quoque
1432 1817 1475 1850 et
1504 1807 1720 1849 Isthmusz

293 1868 523 1923 praebuere
554 1866 841 1923 spectaculum
859 1883 868 1908 :
902 1881 976 1908 arx
997 1867 1108 1908 intra
1128 1867 1296 1908 moenia
1316 1866 1360 1906 in
1380 1866 1609 1907 immanem
1630 1864 1688 1906 al·
1701 1882 1720 1913 3

293 1925 519 1966 titudinem
549 1924 676 1974 edita,
705 1933 868 1966 scatens
897 1924 1110 1965 fontibus:
1145 1923 1331 1964 Isthmus
1356 1922 1440 1964 duo
1471 1922 1613 1971 maria,
1636 1922 1688 1963 ab

291 178 374 216 202

336 2083 353 2115 5
371 2077 462 2112 Quae
477 2075 647 2106 nobilitata
659 2098 666 2106 .
678 2098 685 2105 .
700 2098 707 2106 .
721 2076 820 2106 oculis
836 2085 969 2106 noscun-

292 2117 363 2156 tur]
390 2118 486 2153 Quae
500 2118 595 2156 vulgo
612 2117 758 2157 plerique
773 2117 904 2147 auribus
919 2127 970 2147 ac-

292 2160 400 2199 cipere
419 2159 496 2190 satis
516 2160 649 2198 habent,
666 2170 725 2190 nec
742 2163 855 2190 curant
871 2160 969 2190 etiam

295 2202 398 2232 oculis
413 2212 553 2233 noscere.

334 2243 354 2275 6
377 2246 463 2275 Iovis
482 2243 673 2284 Trophonii]
712 2244 765 2275 De
788 2244 968 2284 Trophonii

292 2287 434 2324 oraculo,
453 2291 485 2317 et
508 2287 548 2317 de
565 2287 722 2326 Hercyna
743 2287 874 2326 virgine,
892 2287 968 2317 Pro-

292 2329 439 2368 serpinae
456 2329 585 2367 comite,
602 2330 641 2359 cf.
663 2330 802 2360 Pausan.
820 2330 863 2360 ix.
881 2339 932 2370 39.

338 2379 354 2410 7
385 2373 477 2403 Vates
496 2373 666 2411 antiquus]
704 2373 797 2403 Vates
812 2373 968 2412 Amphia-

292 2425 370 2444 raus
385 2414 525 2444 Bekker.
560 2415 652 2445 Vates
662 2415 688 2443 A
697 2415 904 2454 mphilochus,
914 2415 969 2454 qui

293 2456 486 2495 Amphiarai
517 2456 602 2486 filius
629 2460 707 2493 erat,
736 2457 911 2488 Douiatius
937 2461 969 2488 et

294 2498 475 2528 Crevierius
491 2505 711 2537 reposuerunt.

337 2541 356 2570 8
379 2542 502 2571 Plenas
524 2542 649 2581 quidem
665 2546 695 2572 et
711 2543 798 2580 ipsas
813 2546 969 2573 vetustate

286 2584 412 2621 samue,
442 2584 543 2613 multu
573 2583 696 2622 tamen]
752 2584 871 2614 Plenas
901 2584 968 2623 qui-

296 2625 370 2654 dem
394 2625 611 2654 monumentis
628 2625 805 2663 vetustatis,
822 2636 904 2664 quae
925 2626 970 2655 ni-

297 2667 342 2696 hil
359 2666 448 2696 aliud
463 2666 585 2705 insigne
605 2667 756 2704 habeant,
772 2678 868 2706 quam
886 2669 971 2706 quod

297 2712 537 2748 repraesentant
564 2709 763 2739 heroicorum
787 2713 969 2748 temporum

298 2750 506 2788 mem01·ian1;
537 2751 640 2780 multa
666 2755 775 2781 tamen
801 2751 968 2788 habentes,

298 2804 380 2832 quae
411 2803 467 2831 per
492 2803 525 2823 se
552 2793 633 2832 ipsa,
659 2797 691 2823 ct
721 2795 762 2823 ob
792 2797 970 2823 structurae

298 2835 581 2874 magnificentiam,
590 2838 647 2865 aut
657 2835 883 2865 excellentiam
896 2835 969 2866 arti-

299 2878 374 2915 ficii,
391 2877 521 2908 visenda
537 2877 609 2908 sint.
634 2878 740 2908 Cxfflv.

345 2930 364 2961 9
393 2921 531 2959 Portus]
573 2921 612 2950 In
646 2920 779 2951 Piraeeo
809 2921 877 2951 solo
907 2924 969 2951 tres

1015 2078 1106 2105 erant
1121 2078 1242 2114 portus.
1279 2075 1451 2105 Praeterea
1466 2077 1498 2105 et
1514 2074 1594 2105 duos
1608 2073 1690 2105 alios

1014 2118 1055 2148 ad
1073 2117 1288 2157 Munychiam
1308 2121 1340 2148 et
1359 2118 1402 2147 ad
1419 2117 1595 2147 Phalerum
1618 2126 1690 2156 por-

1014 2163 1066 2190 tus
1078 2160 1240 2190 habebant
1251 2159 1474 2190 Athenienses.
1499 2159 1538 2190 cf.
1549 2159 1689 2190 Pausan.

1015 2203 1083 2233 Att.
1100 2201 1201 2232 initio.
1226 2202 1331 2233 CREv.

1065 2254 1077 2274 1
1110 2245 1256 2275 Navalia
1292 2254 1482 2284 maynorum
1520 2245 1689 2284 imperato-

1013 2288 1102 2325 rum]
1123 2287 1264 2317 Navalia
1278 2297 1343 2316 non
1356 2291 1431 2317 sunt
1445 2286 1690 2326 imperatorum,

1013 2330 1069 2360 sed
1085 2329 1209 2369 populi.
1255 2329 1395 2359 Videtur
1409 2328 1565 2359 excidisse
1579 2328 1689 2368 aliqua

1014 2382 1088 2409 vox,
1112 2375 1191 2411 puta
1216 2376 1432 2409 monumenta,
1454 2374 1511 2401 aut
1534 2371 1601 2401 alia
1622 2381 1688 2401 non

1013 2414 1168 2444 absimilis
1184 2424 1303 2445 sensus.
1336 2413 1389 2444 Sic
1404 2413 1500 2453 igitur
1515 2413 1688 2453 legendum

1014 2461 1047 2487 et
1063 2456 1324 2496 distinguendum
1338 2456 1416 2486 erit:
1442 2457 1586 2493 navalia,
1600 2466 1687 2495 may-

1012 2510 1127 2530 norum
1152 2501 1382 2539 imperatorum
1405 2502 1622 2536 monumenta,
1646 2499 1690 2529 si-

1012 2543 1158 2572 mulacra
1174 2543 1303 2573 deorum
1318 2542 1552 2580 hominumque.
1576 2540 1684 2572 CREV.

1057 2594 1074 2613 2
1091 2586 1118 2614 Λ
1126 2589 1179 2614 nte
1194 2583 1368 2623 ea‘cidium]
1391 2583 1566 2614 Corinthus
1581 2583 1690 2613 excisa

1016 2629 1063 2656 est
1093 2636 1112 2656 a
1143 2625 1313 2663 Nummio,
1343 2627 1444 2656 altero
1476 2629 1508 2656 et
1537 2625 1688 2655 vicesimo

1017 2672 1089 2707 post
1104 2668 1190 2697 hunc
1206 2678 1301 2698 anno.
1325 2669 1431 2698 CREV.

1058 2718 1074 2747 3
1099 2711 1173 2739 Arm
1188 2711 1277 2739 intra
1293 2710 1433 2747 moenia]
1468 2709 1522 2739 Ita
1538 2710 1689 2740 emenda-

1016 2751 1061 2781 vit
1079 2751 1260 2781 Gronovius
1281 2761 1338 2789 pro
1358 2753 1444 2782 inter
1458 2752 1574 2781 omnia.
1620 2751 1688 2782 Do-

1015 2797 1065 2823 cet
1081 2793 1166 2823 euim
1178 2794 1292 2823 Strabo
1306 2793 1370 2823 viii.
1383 2803 1413 2832 p.
1427 2800 1499 2834 379.
1525 2793 1690 2825 Acro-Co-

1014 2835 1157 2865 rinthum
1191 2834 1355 2865 communi
1390 2845 1463 2866 cum
1490 2836 1569 2866 urbe
1595 2846 1687 2867 muro

1015 2878 1154 2909 cinctam
1171 2877 1277 2908 fuisse.
1302 2878 1407 2909 (ἷκεν.
