1888 3194
395 209 476 247 130
903 205 1051 247 ΤΙΤΙ
1091 204 1271 247 LIVII

188 300 234 333 U.
249 300 289 332 C.
311 301 383 341 583.
395 294 566 336 castello
606 295 948 352 inexpugnabili:
992 296 1161 337 tertium
1197 295 1307 336 circa
1342 293 1626 350 Lapathunta,
1659 306 1788 348 quem

187 343 227 375 Α·
251 343 290 376 C·
315 343 385 386 ¹69·
402 352 593 394 Characa
626 352 864 409 appellant:
909 361 1106 409 quartum
1138 353 1228 394 viae
1262 352 1354 408 ipsi,
1389 366 1473 407 qua
1504 359 1547 392 et
1578 349 1718 391 media
1745 356 1790 390 et

398 410 690 466 angustissima
709 410 826 451 vallis
847 418 922 460 est,
943 410 1199 466 impositum,
1217 424 1344 465 quam
1364 408 1433 450 vel
1453 408 1601 449 decem
1622 404 1790 448 armatis

399 468 506 508 tueri
531 467 651 509 facile
680 476 753 509 est.
815 467 1049 508 Intercluso
1076 482 1151 523 per
1179 467 1341 523 Tempe
1373 465 1497 507 simul
1527 465 1645 506 aditu
1675 478 1790 505 com-

398 525 616 574 meatibus,
639 525 763 566 simul
784 525 935 574 reditu,
954 525 1032 580 ipsi
1054 533 1229 574 montes,
1247 539 1323 580 per
1344 539 1449 579 quos
1469 521 1788 569 descenderant,

397 582 618 638 repetendi
645 591 776 623 erant.
843 581 972 630 Quod
1001 590 1047 622 ut
1073 581 1183 622 furto
1210 581 1454 630 fefellerant,
1477 580 1536 621 ita
1559 577 1821 635 propalam,8

399 640 640 680 tenentibus
668 639 882 695 superiora
908 639 1127 679 cacumina
1153 638 1356 687 hostibus,
1378 653 1464 679 non
1492 644 1713 694 poterant:
1747 642 1791 675 et

398 706 572 752 experta
616 696 837 737 difficultas
886 710 1003 751 spem
1049 710 1218 736 omnem
1263 695 1488 736 incidisset.
1565 693 1790 749 Supererat

397 753 504 793 nihil
530 753 647 794 aliud
672 754 717 793 in
745 761 902 793 temere
931 752 1163 801 commisso,
1185 767 1312 807 quam
1339 753 1385 792 in
1407 751 1706 793 Macedoniam
1736 748 1790 790 ad

398 809 532 851 Dium
562 825 638 866 per
667 809 827 850 medios
858 809 1033 850 evadere
1062 809 1226 849 hostes:
1260 808 1388 864 quod,
1411 808 1493 849 nisi
1516 808 1576 849 dii
1603 815 1790 848 mentem

397 867 486 923 regi
505 866 770 916 ademissent,
793 875 836 907 et
863 866 1001 922 ipsum
1029 866 1212 922 ingentis
1233 865 1489 907 difficultatis
1513 872 1612 906 erat.
1675 863 1790 905 Nam

397 939 531 979 quum
555 923 729 980 Olympi
750 923 910 964 radices
938 923 1092 964 montis
1118 922 1259 979 paullo
1286 923 1380 979 plus
1401 937 1528 979 quam
1557 921 1671 963 mille
1696 936 1790 977 pas-

396 996 519 1022 suum
554 981 608 1022 ad
644 995 756 1022 mare
789 980 1030 1036 relinquant
1064 980 1258 1036 spatium,
1293 981 1412 1022 cuius
1448 979 1673 1021 dimidium
1708 978 1790 1019 loci

396 1046 575 1094 occupat
615 1038 769 1079 ostium
803 1037 886 1079 late
927 1046 1169 1093 restagnans
1209 1037 1397 1095 Baphyri
1437 1037 1585 1086 amnis,
1626 1043 1789 1092 partem

395 1095 594 1152 planitiae
616 1104 690 1137 aut
710 1095 822 1136 Iovis
843 1095 1060 1151 templum,
1080 1103 1151 1136 aut
1168 1095 1371 1151 oppidum
1401 1102 1543 1143 tenet3
1576 1093 1788 1150 reliquum

394 1153 674 1209 perexiguum
694 1152 802 1193 fossa
829 1152 994 1194 modica
1014 1152 1206 1208 valloque
1235 1152 1375 1193 claudi
1401 1160 1578 1208 poterat,
1601 1160 1644 1192 et
1667 1165 1789 1192 saxo-

394 1225 489 1251 rum
520 1210 574 1252 ad
601 1225 774 1251 manum
804 1209 1084 1265 silvestrisque
1116 1210 1312 1251 materiae
1341 1218 1505 1250 tantum
1533 1216 1634 1258 erat,
1654 1217 1703 1249 ut
1722 1207 1790 1249 vel

394 1281 539 1308 murus
560 1267 699 1317 obiici,
721 1276 940 1323 turresque
969 1267 1143 1308 excitari
1170 1267 1396 1323 potuerint.
1463 1265 1656 1314 Quorum
1681 1264 1789 1306 nihil

395 1339 528 1380 quum
568 1324 818 1380 dispexisset
857 1333 1025 1365 caecata
1068 1339 1186 1365 mens
1228 1324 1366 1365 subito
1408 1332 1579 1373 terrore,
1619 1321 1788 1364 nudatis

395 1381 588 1422 omnibus
609 1381 837 1437 praesidiis,
859 1381 1160 1438 patefactisque
1182 1381 1306 1431 bello,
1329 1381 1383 1422 ad
1403 1380 1599 1437 Pydnam
1619 1379 1784 1434 refugit.

263 1433 300 1474 7·
456 1438 630 1490 Consul,
648 1438 877 1495 plurimum
898 1447 940 1479 et
960 1438 1156 1495 praesidii
1178 1447 1221 1479 et
1241 1439 1329 1494 spei
1351 1453 1526 1479 cernens
1547 1438 1591 1478 in
1612 1437 1788 1478 stultitia

394 1503 438 1537 et
461 1496 638 1552 segnitie
664 1496 806 1546 hostis,
828 1496 1000 1537 remisso
1027 1496 1177 1537 nuntio
1205 1496 1258 1537 ad
1289 1495 1358 1552 Sp.
1378 1495 1626 1537 Lucretium
1647 1494 1788 1536 Laris-

393 1568 494 1603 sam,
517 1562 564 1594 ut
596 1553 778 1602 castella,
806 1553 951 1594 relicta
981 1553 1033 1594 ab
1063 1553 1195 1602 hoste,
1218 1553 1327 1594 circa
1355 1553 1518 1608 Tempe
1549 1560 1786 1608 occuparet,

393 1611 619 1666 praemisso
652 1610 833 1666 Popillio
865 1610 919 1651 ad
951 1609 1230 1666 explorandos
1262 1610 1460 1651 transitus
1495 1609 1606 1651 circa
1637 1609 1785 1660 Dium,

393 1675 617 1723 postquam
643 1677 786 1723 patere
812 1667 954 1709 omnia
977 1667 1022 1708 in
1047 1682 1193 1708 omnes
1219 1676 1357 1723 partes
1387 1667 1696 1718 animadvertit,
1722 1683 1787 1709 se-

393 1724 543 1766 cundis
583 1725 726 1766 castris
765 1725 957 1780 pervenit
997 1724 1051 1766 ad
1092 1724 1252 1766 Dium:
1301 1725 1534 1781 metarique
1576 1726 1653 1766 sub
1694 1725 1818 1781 ipso9

182 1788 257 1819 Cos.
274 1788 376 1837 Dtium
394 1781 564 1838 templo,
602 1797 655 1823 ne
697 1782 801 1838 quid
840 1797 956 1823 sacro
996 1782 1041 1822 in
1081 1781 1173 1824 loco
1207 1781 1446 1832 violaretur,
1481 1782 1612 1824 iussit.
1675 1782 1784 1839 Ipse,

180 1836 340 1870 pervemt.
392 1839 540 1880 urbem
561 1839 784 1896 ingressus,
802 1839 910 1880 sicut
930 1837 1015 1880 non
1038 1854 1245 1895 magnam,
1262 1839 1322 1881 ita
1342 1848 1587 1881 exornatam
1606 1840 1786 1896 publicis
1802 1859 1815 1880 1

391 1895 505 1946 locis,
528 1905 571 1937 et
602 1896 874 1938 multitudine
906 1905 1148 1946 statuarum,
1181 1897 1471 1953 munitamque
1505 1898 1684 1953 egregie,
1713 1897 1785 1938 vix

391 1953 489 1994 satis
505 1953 690 2003 credere,
707 1953 753 1993 in
774 1953 899 1994 tantis
920 1954 1043 1994 rebus
1064 1953 1153 1994 sine
1175 1968 1298 1994 causa
1319 1953 1472 1994 relictis
1492 1969 1579 1994 non
1599 1954 1784 2010 aliquem

391 2010 558 2051 subesse
590 2009 747 2051 dolum.
811 2009 959 2051 Unum
989 2009 1102 2050 diem
1132 2009 1187 2050 ad
1217 2009 1474 2065 exploranda
1503 2010 1614 2052 circa
1643 2012 1785 2053 omnia

391 2074 588 2115 moratus,
606 2074 739 2107 castra
758 2075 920 2107 movet:
944 2066 1126 2121 satisque
1148 2066 1335 2116 credens,
1357 2067 1400 2107 in
1423 2067 1563 2108 Pieria
1581 2067 1783 2110 frumenti

390 2123 555 2178 copiam
587 2123 687 2172 fore,
719 2138 769 2164 eo
801 2122 869 2164 die
902 2122 956 2163 ad
988 2137 1154 2164 amnem
1186 2124 1358 2165 nomine
1391 2123 1535 2180 Mityn
1567 2126 1780 2181 processit.

390 2179 566 2221 Postero
601 2179 670 2221 die
705 2195 958 2236 progressus,
993 2180 1172 2236 Agassas
1208 2181 1368 2231 urbem,
1403 2181 1663 2224 tradentibus
1691 2198 1780 2225 sese

390 2237 502 2293 ipsis,
532 2237 714 2293 recepit:
748 2246 802 2286 et,
830 2245 878 2278 ut
907 2237 1165 2292 reliquorum
1193 2237 1482 2280 Macedonum
1511 2239 1673 2281 animos
1701 2241 1782 2282 sibi

391 2294 645 2344 conciliaret,
672 2294 885 2335 obsidibus
915 2303 1151 2344 contentus,
1183 2295 1272 2337 sine
1303 2296 1511 2352 praesidio
1541 2297 1780 2354 relinquere

391 2366 433 2392 se
455 2351 505 2392 iis
526 2352 686 2401 urbem,
709 2351 1000 2407 immunesque
1027 2367 1074 2393 ae
1099 2352 1183 2393 suis
1208 2352 1369 2409 legibus
1389 2353 1584 2404 victuros,
1606 2363 1670 2396 est
1689 2355 1781 2411 pol-

183 2420 301 2461 Inopia
316 2421 361 2452 la·
390 2407 538 2450 licitus.
601 2408 848 2464 Progressus
884 2408 983 2449 inde
1019 2409 1103 2450 diei
1135 2410 1226 2460 iter,
1263 2411 1316 2452 ad
1350 2411 1588 2453 Ascordum
1619 2412 1779 2454 fiumen

180 2465 281 2496 horat.
389 2466 530 2522 posuit
549 2474 705 2507 castra:
739 2474 794 2515 et,
816 2474 1022 2521 quantum
1049 2467 1294 2522 procederet
1318 2468 1482 2525 longius
1502 2484 1528 2510 a
1548 2469 1776 2521 Thessalia,
1792 2491 1810 2513 2

432 2566 452 2597 8
472 2567 564 2604 Quod
577 2571 613 2597 ut
621 2567 716 2604 furto
724 2567 932 2605 fefellerant]
961 2568 1059 2603 Quod
1105 2573 1310 2602 memoratur.

389 2612 427 2639 ut
441 2609 584 2639 fecerant
598 2609 747 2639 fallentes
758 2609 843 2639 furto
857 2610 974 2640 Persea
987 2611 1058 2641 Ma-
1150 2621 1162 2642 1
1188 2614 1335 2644 Publicis
1351 2614 1442 2652 locis]
1470 2613 1593 2650 Qualia
1607 2617 1682 2646 sunt
1697 2615 1777 2653 fora,

390 2651 603 2690 cedonasque,
623 2650 669 2681 ita
689 2651 858 2690 propalam
875 2652 978 2682 facere
994 2663 1058 2683 non
1104 2654 1256 2693 porticus,
1271 2656 1432 2686 basilicae.
1457 2656 1564 2687 ΟΜΝ.

389 2696 550 2732 poterant,
573 2693 598 2723 si
618 2693 796 2724 tenuissent
815 2703 969 2724 cacumen
990 2695 1060 2725 hos-
1149 2706 1166 2726 2
1191 2699 1359 2734 Quantum
1384 2699 1586 2738 procederet]
1626 2699 1777 2731 Muretus

389 2738 446 2766 tes.
503 2735 783 2766 Transcenderant
820 2736 951 2774 quidem
988 2737 1061 2768 illos
1105 2742 1137 2768 et
1175 2738 1358 2771 Gronovius
1398 2741 1619 2780 reponendum
1655 2746 1777 2782 quanto

388 2778 500 2814 saltus,
527 2777 603 2816 quia
632 2777 815 2808 fefellerant
845 2777 988 2810 hostem:
1025 2783 1059 2810 at
1104 2786 1248 2818 monent,
1263 2783 1320 2813 sed
1337 2783 1624 2814 Drakenborchius
1645 2787 1678 2814 et
1698 2784 1775 2815 Cre-

388 2819 473 2850 idem
498 2819 602 2866 faeere
628 2829 693 2850 non
721 2823 870 2859 poterant
893 2821 1001 2859 palam
1027 2826 1060 2852 et
1104 2823 1219 2854 vierius
1234 2829 1392 2864 quantum
1407 2828 1550 2863 tuentur,
1562 2828 1676 2865 utpote
1688 2827 1775 2866 quod

386 2865 499 2901 aperta
514 2871 556 2899 Vl,
572 2861 597 2892 si
613 2861 714 2892 hostis
730 2861 910 2893 obstitisset.
936 2863 1042 2895 CREv.
1103 2875 1123 2895 a
1146 2867 1383 2906 praepositione
1406 2868 1582 2899 secundum
1607 2868 1775 2900 intellecta

428 2913 456 2951 9.
471 2905 674 2945 Aletarique]
705 2914 748 2936 sc.
769 2905 883 2936 Castra
906 2906 965 2935 sub
988 2905 1059 2944 ipso
1103 2911 1241 2947 regatur,
1257 2913 1289 2939 et
1305 2919 1378 2940 cum
1396 2909 1555 2949 particula
1570 2920 1605 2941 eo
1619 2910 1774 2942 adiuncto

387 2945 474 2977 Iovis
503 2947 638 2986 templo,
668 2947 754 2986 quod
785 2947 818 2977 in
849 2957 920 2987 cap.
952 2958 1057 2987 praec.
1103 2951 1325 2989 comparativo
1341 2962 1405 2983 non
1421 2961 1492 2983 raro
1507 2956 1731 2993 componatur.
