1888 3194
512 201 638 243 ΜΒ.
678 201 821 243 XLII.
869 175 1003 243 eAP.
1038 205 1104 242 28.
1432 205 1481 244 61

159 290 266 333 Belli
283 298 527 347 apparatum
544 305 629 332 non
645 290 926 332 differendum
941 292 1206 333 censuerunt.
1255 290 1305 332 C.
1318 291 1484 334 Licinio
1501 304 1544 336 U.
1560 305 1599 338 C.
1621 305 1694 345 580·

99 348 279 415 praetori
306 347 522 404 negotium
553 347 688 398 datur,
710 357 758 389 ut
776 363 835 393 ,ex
862 349 1072 390 veteribus
1093 349 1482 405 quinqueremibus,
1497 348 1536 378 A.
1561 348 1599 379 C.
1625 357 1695 387 ¹72·

98 421 144 448 ln
163 405 377 447 navalibus
399 405 560 447 Rornae
581 405 809 456 subductis,
832 421 940 463 quae
970 415 1141 462 possent
1170 406 1264 447 usui
1294 421 1396 464 esse,
1417 421 1484 448 re·
1559 393 1627 432 27·

97 463 252 512 ficeret,
283 472 530 519 pararetque
562 479 688 504 naves
716 464 1033 520 quinquaginta.
1099 463 1143 506 Si
1170 463 1274 520 quid
1304 463 1358 504 ad
1385 479 1482 505 eum
1497 447 1683 522 ζζῐᾞὲζῗὲζῧ

97 535 318 562 numerum
347 520 605 577 explendum
629 520 804 571 deesset,
827 519 875 562 C.
897 520 1104 563 Memmio
1129 521 1311 578 collegae
1343 521 1388 562 in
1419 520 1484 563 Si-

96 576 234 620 ciliam
255 577 464 628 scriberet,
487 588 534 620 nt
554 593 634 628 cas,
658 594 765 634 quae
788 579 832 619 in
856 578 998 620 Sicilia
1017 594 1144 621 naves
1164 588 1314 628 essent,
1337 578 1484 621 refice-

95 644 173 686 ret,
189 644 316 691 atque
338 635 569 692 expediret,
588 646 635 678 ut
652 635 924 678 Brundisium
945 637 1080 693 primo
1101 652 1271 693 quoque
1295 646 1482 693 tempore

63 708 83 740 3
96 692 206 734 mitti
225 702 406 750 possent.
471 692 615 735 Socios
635 693 800 736 navales
820 693 1003 735 libertini
1024 694 1181 736 ordinis
1206 695 1250 735 in
1270 694 1418 751 viginti
1441 703 1483 736 et

95 750 284 807 quinque
325 766 450 793 naves
485 767 539 793 ex
573 752 732 794 civibus
769 751 972 793 Romanis
1007 751 1057 794 C.
1086 752 1275 794 Licinius
1316 761 1484 808 praetor

94 808 273 850 scribere
294 808 451 850 iussus:
484 810 529 850 in
550 810 738 866 quinque
759 819 801 851 et
822 810 971 866 viginti
991 825 1135 867 parem
1156 825 1378 851 numerum
1398 809 1478 851 Cn.

98 865 280 908 Sicinius
309 867 429 908 sociis
460 867 705 924 imperaret:
741 867 852 909 idem
875 878 1041 924 praetor
1060 867 1251 924 pediturn
1273 877 1367 909 octo
1389 868 1483 908 mil-

94 923 162 974 lia,
177 924 505 981 quadringentos
526 925 689 981 equites
709 926 761 966 ab
782 925 901 967 sociis
919 925 1064 967 Latini
1085 926 1265 967 nominis
1281 925 1480 983 exigeret.

95 981 226 1024 Hunc
242 981 417 1023 militem
432 983 505 1038 qui
520 982 733 1024 Brundisii
747 983 967 1039 acciperet,
983 993 1108 1040 atque
1126 983 1169 1024 in
1184 983 1482 1025 Macedoniam

93 1039 291 1090 mitteret,
311 1039 363 1081 A.
376 1039 533 1081 Atilius
550 1039 763 1090 Serranus,
782 1041 855 1096 qui
872 1041 1008 1096 priore
1029 1056 1140 1082 anno
1156 1050 1322 1097 praetor
1334 1041 1481 1091 fuerat,

63 1096 303 1153 4deligitur.
368 1097 448 1139 Cn.
469 1096 649 1139 Sicinius
674 1106 915 1154 praetor·ut
945 1099 1177 1140 exercitum
1208 1108 1398 1155 paratum
1429 1099 1483 1140 ad

94 1154 388 1197 traiiciendum
428 1155 614 1205 haberet,
649 1154 699 1196 C.
723 1154 905 1211 Popillio
941 1155 1102 1197 consuli
1143 1171 1195 1197 ex
1235 1156 1482 1197 auctoritate.

94 1221 261 1255 senatus
285 1212 335 1254 C.
355 1213 546 1254 Licinius
575 1223 742 1269 praetor
771 1213 927 1263 scribit,
949 1223 997 1255 ut
1028 1223 1070 1255 et
1100 1213 1311 1270 legionem
1332 1228 1482 1255 secun-

64 1270 204 1321 5dam,
227 1286 335 1328 quae
366 1271 547 1312 maxime
578 1280 774 1312 veterana
806 1270 849 1311 in
881 1271 1108 1327 Liguribus
1143 1280 1244 1321 erat,
1276 1280 1319 1312 et
1348 1271 1482 1312 'socios

95 1328 238 1371 Latini
267 1329 449 1370 nominis
470 1337 669 1385 quattuor
699 1327 829 1369 millia
857 1329 1063 1386 peditum,
1089 1328 1294 1370 ducentos
1318 1329 1482 1385 equites

93 1385 241 1428 Idibus
261 1386 496 1428 Februariis
518 1386 732 1428 Brundisii
752 1386 895 1429 adesse
917 1387 1091 1429 iuberet.
1156 1386 1250 1429 Hac
1281 1386 1409 1428 classe
1440 1395 1483 1428 et

94 1443 174 1486 hoc
206 1444 395 1487 exercitu
427 1443 508 1486 Cn.
536 1443 716 1486 Sicinius
750 1444 1007 1501 provinciam
1040 1444 1338 1486 Macedoniam
1374 1444 1483 1486 obti-

93 1517 207 1552 nere,
229 1501 365 1544 donec
395 1517 607 1544 successor
626 1502 799 1552 veniret,
822 1503 968 1553 iussus,
998 1511 1218 1560 prorogato
1249 1502 1292 1543 in
1323 1517 1482 1544 annum

95 1559 282 1617 imperio.
344 1559 409 1601 Ea
437 1560 590 1610 omnia,
622 1575 729 1616 quae
760 1570 928 1602 senatus
959 1561 1133 1611 censuit,
1165 1560 1342 1617 impigre
1374 1560 1483 1602 facta

95 1625 204 1659 sunt.
266 1616 699 1674 Duodequadraginta
725 1618 1050 1674 quinqueremes
1077 1634 1130 1660 ex
1161 1618 1377 1660 navalibus
1407 1618 1482 1659 dc-

95 1674 270 1716 ductae:
303 1674 376 1731 qui
397 1674 626 1716 deduceret
646 1690 715 1716 eas
730 1675 1016 1726 Brundisium,
1034 1675 1084 1717 L.
1100 1675 1274 1717 Porcius
1290 1675 1482 1717 Licinius

95 1732 378 1798 praepositus:
417 1732 639 1774 duodecim
661 1748 713 1774 ex
738 1732 880 1774 Sicilia
910 1733 1067 1775 missae.
1131 1733 1203 1774 Ad
1223 1733 1481 1774 frumentum

95 1789 213 1832 classr
233 1790 520 1846 exercituique
549 1790 827 1832 coemendum
859 1790 901 1831 in
936 1790 1134 1847 Apuliam
1158 1790 1480 1847 Calabriamque

96 1857 177 1889 tres
207 1847 332 1904 legati
364 1847 488 1897 missi,
514 1847 609 1889 Sex.
628 1848 825 1903 Digitius,
849 1848 900 1889 T.
920 1847 1149 1898 Iuventius,
1174 1847 1236 1889 M.
1256 1847 1478 1889 Caecilius.

95 1904 168 1946 Ad
198 1905 339 1946 omnia
368 1919 466 1961 prae
482 1914 611 1946 ›arata
644 1904 725 1946 Cn.
752 1905 932 1946 Sicinius
964 1916 1142 1962 praetor,
1174 1905 1396 1962 paludatus
1426 1921 1480 1947 ex

94 1962 196 2004 urbe
217 1962 440 2028 profectus,
503 1962 735 2003 rundisium
758 1963 884 2004 venit.

151 2019 282 2062 Exitu
303 2035 433 2076 prope
455 2020 555 2061 anni
579 2019 629 2061 C.
650 2019 854 2076 Popillius
875 2020 1020 2062 consul
1044 2020 1223 2062 Romam
1252 2020 1378 2062 rediit
1407 2020 1482 2062 ali-

92 2086 251 2135 quanto
271 2078 413 2128 serius,
436 2093 563 2134 quam
591 2087 759 2119 senatus
786 2087 1030 2120 censuerat:
1066 2078 1134 2119 cui
1185 2078 1290 2119 rimo
1311 2093 1480 2135 quoque

60 2143 281 2193 6tempore
311 2136 574 2201 magistratus
602 2136 744 2185 creari,
768 2151 899 2192 quum
922 2145 1084 2177 tantum
1105 2136 1156 2177 be
1176 2135 1260 2177 lum
1288 2136 1483 2178 immine-

63 2202 169 2243 7ret,
190 2208 213 2235 e
234 2193 448 2250 republica
469 2193 602 2234 visum
631 2202 729 2235 crat.
793 2193 941 2250 Itaque
973 2209 1058 2235 non
1089 2193 1284 2235 secundis
1314 2194 1483 2235 auribus

92 2249 266 2293 Patrum
282 2251 451 2293 auditus
471 2260 533 2293 est
553 2251 711 2301 consul,
726 2267 858 2308 quum
881 2252 923 2292 in
945 2251 1048 2293 aede
1068 2250 1267 2293 Bellonae
1284 2251 1337 2293 dc
1361 2252 1483 2294 rebus

135 2384 153 2415 3
175 2375 281 2406 Socios
303 2376 451 2413 navales]
484 2375 524 2405 cs.
541 2376 634 2414 Supr.
652 2375 694 2406 ix.
713 2376 762 2414 38.
808 2377 946 2413 nomine,
958 2385 1001 2406 sc.
1014 2376 1147 2406 Latitws
1160 2374 1327 2415 significet.
1345 2375 1384 2406 cs.
1397 2385 1482 2415 supr.

91 2418 158 2450 xxi.
174 2427 225 2459 49.
809 2417 917 2448 xxxiv.
936 2417 986 2457 56.

133 2472 154 2500 4
177 2462 235 2491 Cn.
251 2462 393 2491 Sicinius
420 2465 552 2501 praetor
582 2465 617 2491 ut
646 2462 763 2492 exerci-

91 2504 176 2542 tum]
217 2505 281 2541 Qun·
310 2505 485 2535 exercitum
513 2503 607 2542 vulgo
638 2504 763 2542 legitur.

27 2570 32 2579 .
92 2548 162 2584 Quo
181 2547 356 2578 esercieum
379 2556 419 2577 ex
443 2546 666 2577 emendatione
684 2546 764 2578 (ἕνα

91 2599 164 2620 nov.
181 2589 322 2628 reposuit
340 2589 517 2620 nokkerus.

135 2639 152 2670 5
178 2633 222 2662 Ee
247 2633 343 2662 socios
367 2633 478 2662 Lae-'ni
506 2633 658 2670 nominis]
701 2632 763 2662 Pro

91 2675 188 2706 socios
213 2675 383 2714 legendum
406 2674 523 2705 ,ιοι-ιίἰηι
548 2680 657 2705 monet
682 2675 762 2705 Gro-

92 2716 225 2755 novius;
248 2718 302 2748 sed
325 2717 503 2748 mutatione
521 2718 600 2748 nibil
620 2729 702 2758 opus
720 2729 764 2748 es-

92 2768 126 2790 ⁸0
137 2764 268 2790 censent
278 2759 417 2791 Crevier.
429 2764 460 2791 et
474 2760 638 2791 Dmkenb.
665 2761 766 2791 Haud

92 2801 157 2833 seio
182 2813 222 2832 nn
250 2804 346 2834 socios
374 2813 429 2843 per
454 2803 689 2843 appositionem
718 2814 762 2834 re-

93 2845 249 2884 upondent
275 2846 418 2885 sequenti
447 2847 591 2876 membro
613 2851 764 2887 quattuor

94 2887 194 2917 millia
209 2889 366 2928 peditum,
381 2893 412 2919 et
429 2890 539 2919 Latina·
557 2890 692 2919 numinis
710 2899 762 2928 po-

95 2927 169 2965 tius,
184 2938 280 2969 quam
298 2932 451 2962 Latinum
475 2943 586 2963 nomeu
609 2932 763 2971 scriptum

96 2970 203 3008 suisne,
218 2976 252 3002 ut
268 2973 352 3011 quod
377 2973 460 3005 idem
479 2979 577 3013 atque
591 2985 632 3005 es
650 2975 765 3006 Latino

851 2459 871 2491 6
895 2462 1121 2497 Immineret‚e
1137 2461 1319 2501 republica]
1360 2460 1398 2491 In
1422 2464 1483 2491 ate-

809 2507 954 2543 reotypa,
984 2514 1080 2543 quam
1113 2504 1236 2543 paravit
1270 2502 1484 2543 Kreyssigius,

810 2546 950 2576 editione
981 2546 1095 2586 legitur
1124 2547 1302 2577 immineret
1330 2547 1483 2586 reipubli-

808 2600 875 2625 cae,
888 2589 941 2619 sed
958 2599 1057 2628 quum
1077 2589 1143 2628 ipse
1160 2593 1270 2628 postea
1287 2589 1483 2619 emendatio-

808 2642 881 2662 nem
913 2631 1150 2662 Bekkerinnam
1180 2633 1368 2666 innninerct,
1391 2643 1408 2662 e
1435 2643 1482 2662 re-

806 2675 936 2715 publica
968 2675 1160 2714 probaverit,
1185 2675 1269 2704 linud
1298 2674 1484 2704 dubitanter

811 2717 893 2748 hune
910 2718 1079 2748 lectionem
1097 2717 1128 2747 in
1146 2722 1270 2748 textum
1289 2717 1424 2756 reposui.

857 2768 872 2799 7
906 2761 1010 2790 Visum
1030 2762 1116 2798 crat]
1158 2760 1244 2790 Olim
1269 2761 1388 2790 immun
1413 2763 1483 2789 erat

809 2802 860 2833 hic
881 2803 1154 2842 lr·g[·l1=1t11r‚qu‹›d
1173 2802 1335 2833 Crevierio
1351 2807 1382 2832 ct
1404 2802 1482 2832 Dm-

810 2846 1006 2876 kenburclnio
1038 2846 1225 2876 mendosum
1254 2856 1321 2876 esse
1350 2844 1482 2874 ridetur.

812 2889 917 2919 Voces
933 2890 1052 2919 iussum
1071 2893 1102 2918 et
1121 2890 1221 2918 visum
1238 2888 1269 2918 in
1291 2885 1484 2917 membr-unis

809 2931 937 2971 saepius
952 2936 1202 2962 commutantur.
