1888 3194
636 209 928 248 INDEX.

81 287 195 329 Egerii
209 298 326 320 nomen
347 288 389 318 ab
398 285 514 335 ’inopia
533 284 672 316 inditum
688 284 756 315 filio

128 331 262 362 Aruntis
281 340 308 369 1,
324 338 374 369 34.
397 329 424 359 13
438 327 624 360 Collatiae
615 337 649 358 m
665 337 755 368 prae-

127 373 207 405 sidio
222 372 412 412 relinquitur
426 371 476 410 38.
500 371 569 402 eius
578 370 665 401 filius
678 369 754 400 Tar-

127 416 255 456 quiuius
261 414 455 451 Collatinus,
467 413 540 444 vide
550 412 753 452 Tarquinius.

85 459 124 490 L.
141 458 276 499 Egilius,
305 457 451 488 triumvir
479 456 626 487 coloniae
655 456 753 487 dedu-

127 501 248 532 cendae
264 508 382 540 41,17.

85 543 174 575 Gen.
187 542 356 584 Egnatius,
371 543 438 573 dux
454 541 660 579 Samnitium,
675 551 751 572 auc-

125 589 177 617 tor
189 586 268 617 belli
283 586 435 617 adversus
450 585 617 616 Romanos
637 594 684 621 10,
704 585 750 616 18.

127 628 270 660 Umbros
293 632 385 660 vocat
407 628 448 659 ad
475 628 699 664 defectionem,
723 631 755 658 et

126 671 242 703 Gallos
260 671 382 712 ingenti
405 671 508 711 pretio
528 670 681 702 sollicitat
705 679 754 702 21.

126 714 237 745 cadit
228 724 261 745 111
277 724 385 755 pugna
402 723 450 756 ²9·

79 755 189 788 Elaea
203 766 256 798 37,
274 757 321 788 18.
346 757 398 796 38,
414 767 464 795 40.
488 767 540 795 44,
557 756 606 788 28.

84 799 217 838 Elaeus,
232 800 388 840 oppidum
406 809 458 839 31,
478 798 524 830 16.
550 808 601 839 37,
617 808 647 841 9.

84 842 207 881 Elatia,
226 844 301 874 urbs
324 842 477 873 Phocidis
499 842 549 880 28,
572 851 598 882 7.
630 851 682 881 32,
707 851 753 883 19.

126 885 290 917 obsidetur
318 896 338 916 a
368 885 525 916 Romanis
554 891 587 916 et
617 886 754 924 capitur,

125 928 203 960 ibid.
227 933 259 960 et
275 937 327 967 32,
345 938 394 967 24.
419 937 470 968 33,
488 936 538 968 27.

83 970 192 1002 Elatia
207 971 394 1002 Thessaliae
411 981 462 1009 42,
479 979 529 1010 54.

84 1013 159 1045 Elei
175 1024 248 1045 cum
266 1014 404 1045 Achaeis
420 1018 563 1054 pugnant
582 1021 632 1053 27,
644 1023 695 1054 31,
707 1023 755 1053 33.

125 1067 191 1095 eos,
227 1057 454 1097 Olympiorum
489 1057 634 1087 sollenne
675 1056 756 1087 ludi-

125 1103 407 1181 {fflfflssffsst
431 1099 755 1172 {ggfiessssssnisstafflfii

124 1184 173 1225 pti
188 1183 319 1222 foederi,
335 1193 408 1214 cum
431 1184 587 1223 Philippo
603 1184 682 1214 inito
705 1193 755 1225 29,

130 1237 176 1259 12.
208 1227 340 1258 veniunt
361 1226 554 1259 Chalcidem
577 1227 618 1257 ad
643 1226 755 1257 Antio-

125 1269 236 1308 chum,
253 1269 411 1300 auxilium
434 1272 582 1310 petentes
603 1269 756 1300 adversus

126 1313 274 1344 Achaeos
289 1311 341 1353 36,
357 1321 386 1352 5.

84 1355 186 1388 Eleus
209 1365 284 1396 ager
307 1359 449 1386 vastatur
477 1365 497 1386 a
521 1354 678 1395 Philippo
703 1362 754 1395 27,

151 1408 164 1429 1
183 1402 216 1430 01
231 1407 281 1437 32.

84 1408 263 1482 1312111121ήί
283 1441 414 1472 turbant
434 1451 562 1472 suorum
584 1440 687 1472 aciem
706 1449 756 1481 27,

131 1494 178 1524 14.
201 1493 339 1524 quonam
358 1484 454 1514 modo
474 1483 672 1514 Rhodanum
693 1487 755 1514 tra-

126 1526 200 1558 iecti
220 1536 270 1565 21,
288 1527 336 1557 28.
360 1537 499 1566 quonam
521 1527 618 1557 modo
639 1536 696 1566 per
710 1526 756 1557 in-

127 1569 179 1600 via
194 1569 332 1601 traducti
355 1581 406 1608 44,
422 1578 451 1608 5.
474 1569 506 1600 111
527 1569 612 1599 ludis
627 1569 755 1601 Circen-

126 1612 213 1644 sibus
241 1612 377 1643 adhibiti
417 1613 463 1643 18.
507 1612 756 1652 elephantorum

124 1655 286 1693 frontalia,
302 1659 334 1686 et
357 1655 482 1692 cristae,
497 1659 528 1686 et
545 1659 632 1695 tergo
653 1654 755 1695 impo-

125 1698 206 1729 sitae
249 1702 352 1729 turres
390 1706 440 1738 37,
478 1708 528 1736 40.
572 1697 756 1738 elephantis

125 1741 256 1781 quando
288 1741 425 1781 primum
458 1740 598 1772 Romani
630 1740 677 1771 usi
705 1749 757 1779 31,

127 1783 177 1823 36.
209 1784 401 1824 elephantos
427 1783 531 1814 fabrili
553 1783 678 1823 scalpro
702 1794 756 1814 ne-

126 1837 199 1858 care
214 1827 323 1858 docuit
341 1827 525 1857 Hasdrubal
544 1835 594 1866 27,
610 1836 660 1868 49.

86 1869 273 1901 Eleusinem
303 1869 419 1900 frustra
448 1873 551 1900 tentat
585 1869 756 1909 Philippus

127 1921 179 1952 31,
197 1921 246 1952 25.
270 1916 301 1943 et
325 1912 498 1949 Philocles,
515 1922 597 1943 unus
617 1922 656 1943 ex
678 1912 754 1943 Phi-

127 1955 209 1996 lippi
227 1955 395 1996 praefectis
412 1954 460 1986 26.

84 1997 214 2029 Eleusis
227 1998 268 2028 ad
285 1997 514 2028 Alexandriam
531 2005 650 2036 45,12.

84 2039 214 2072 Elimea
228 2041 312 2081 regio
329 2049 381 2080 31,
397 2050 447 2079 40.
471 2050 523 2079 42,
540 2049 589 2080 53.
613 2049 666 2080 43,
683 2049 732 2080 23.

83 2082 249 2114 Elimiotis
264 2092 316 2122 45,
331 2092 382 2123 30.

85 2125 166 2165 Elis,
181 2126 294 2158 civitas
309 2134 360 2166 27,
377 2135 426 2165 32.
449 2125 546 2157 sentit
566 2137 640 2157 cum
657 2128 753 2158 Aeto-

126 2169 167 2201 lis
185 2167 238 2208 36,
265 2178 314 2209 31.
347 2169 424 2200 Elin
448 2169 621 2200 concilium
643 2169 754 2201 indicit

127 2211 174 2244 M.
186 2212 322 2243 Fulvius
336 2222 398 2243 cos.
416 2212 468 2251 38,
484 2220 534 2251 32.

85 2253 257 2294 Elitovius,
281 2255 348 2286 dux
373 2255 646 2294 Cenomanorum,
670 2259 753 2286 tran-

126 2297 251 2328 scendit
266 2298 368 2338 Alpes
383 2306 414 2337 5,
430 2306 486 2337 35.

86 2338 250 2380 Elymaei,
265 2340 378 2388 populi
394 2349 446 2389 35,
462 2340 512 2379 48.

118 2382 234 2423 lymaei
251 2382 403 2423 sagittarii
420 2391 471 2422 37,
487 2393 537 2421 40.

84 2424 252 2463 Emathia,
266 2426 342 2456 urbs
357 2435 409 2465 40
426 2435 575 2467 3-4319-
600 2437 718 2466 4044-

86 2467 255 2543 Fagporia,
285 2467 369 2508 regio
401 2478 452 2510 29
482 2476 520 2507 ²5
551 2472 583 2499 et
614 2477 664 2507 33
703 2478 755 2508 34,

84 2553 148 2586 Em
175 2553 273 2592 oriae,
301 2555 375 2585 urbs
405 2554 543 2591 Graeca,
572 2554 706 2585 oriunda
735 2565 755 2585 a

128 2596 156 2628 P
181 2607 278 2628 ocaea
301 2596 352 2635 26,
376 2606 421 2638 19.
444 2597 483 2628 cf.
505 2600 537 2628 et
560 2597 611 2633 28,
627 2607 679 2636 42.
704 2607 755 2638 29,

127 2648 177 2681 25.
208 2639 433 2681 Emporiarum
455 2640 535 2670 situs
550 2648 601 2679 34,
617 2650 646 2681 9.
678 2640 752 2670 Em-

126 2682 225 2723 poriis
252 2682 381 2724 appulit
410 2683 543 2714 classem
569 2684 630 2715 Cn.
647 2682 756 2723 Scipio

128 2733 180 2763 21,
193 2724 244 2757 60.

85 2765 288 2808 Emporitani
306 2767 369 2800 His
392 2768 445 2799 ani
461 2769 629 2800 sededunt
639 2767 755 2800 Catoni

129 2809 251 2841 consuli
268 2820 319 2851 34,
339 2778 391 2842 11?

87 2820 286 2893 Emporium
295 2863 395 2894 prope
417 2853 631 2893 Placentiam,
646 2854 752 2886 defen-

127 2903 199 2926 sum
215 2904 235 2925 a
249 2895 406 2926 Romanis
423 2905 473 2933 21,
489 2904 538 2935 57.

87 2936 277 2978 Emporium
293 2938 334 2969 ad
350 2937 492 2969 Tiberim
507 2947 559 2978 35,
578 2948 623 2970 10.
648 2939 755 2979 lapide

841 287 989 322 stratum,
1011 284 1239 324 stipitibusque
1262 290 1390 326 septum
1420 297 1473 327 41,

843 335 893 366 32.

799 369 992 409 Empulum,
1018 380 1094 410 opp.
1118 374 1251 411 captum
1273 381 1293 401 a
1319 371 1416 404 Rom.
1442 381 1471 412 7,

845 413 892 443 18.

799 455 956 496 Enipeus,
972 457 1004 488 fl.
1021 455 1234 488 Macedoniae
1250 467 1302 494 44,
1318 456 1337 486 8
1354 460 1386 486 et
1404 466 1452 488 2ο.

796 498 904 536 Enna,
919 500 1006 537 urbs,
1020 510 1040 530 a
1057 499 1215 530 Romanis
1229 503 1285 529 aut
1301 499 1399 537 malo,
1415 504 1471 530 aut

837 542 1017 573 necessario
1032 543 1174 573 facinore
1189 545 1314 572 retenta
1332 551 1383 580 24,
1399 551 1449 583 39.

797 583 998 616 Ε11110113111111
1016 585 1176 625 principes
1192 595 1266 615 cum
1284 583 1472 616 Himilcone

840 627 1048 667 paciscuntur
1073 628 1113 658 de
1138 627 1318 668 proditione
1346 636 1398 666 24,
1421 636 1471 667 37.

841 680 939 701 cavea
954 671 1068 702 inclusi
1085 671 1264 702 caeduntur
1277 680 1298 700 a
1314 670 1473 702 Romanis

799 722 990 792 Qffilnnius.
1014 756 1097 787 Eius
1106 757 1147 787 de
1159 756 1202 792 Q.
1212 755 1313 787 Fabio
1324 756 1471 787 Maximo

842 799 964 830 dictum
982 809 1033 839 30,
1052 798 1102 830 26.
1127 804 1332 830 statuaextra
1345 803 1472 839 portam

842 842 1010 882 Capenam
1027 842 1079 881 38,
1097 841 1145 882 56.

799 883 946 916 Eordaea
957 895 1008 925 31,
1022 894 1061 927 39
1072 890 1104 916 et
1114 895 1164 924 40.
1190 885 1356 916 Eordaeae
1365 885 1473 916 aditus

843 936 895 966 33,
911 928 939 959 8.
957 929 997 959 cf.
1014 934 1046 959 et
1062 938 1114 967 42,
1131 937 1180 968 53.

802 969 952 1007 Eordaei,
969 971 1080 1011 populi
1098 980 1150 1010 45,
1166 980 1220 1010 3ο.

802 1012 970 1053 Epanterii
994 1014 1151 1051 montani,
1173 1024 1246 1044 cum
1269 1013 1385 1053 quibus
1406 1013 1472 1045 bel-

844 1056 911 1086 lum
926 1062 1039 1096 gerunt
1058 1057 1195 1097 Ingauni
1214 1057 1262 1094 28,
1279 1055 1329 1095 46.

802 1097 952 1138 Ephesus
970 1109 997 1137 1,
1013 1108 1063 1139 45.
1088 1109 1140 1139 33,
1157 1100 1205 1138 38.
1231 1097 1346 1138 36,42.
1370 1100 1472 1130 sede-

843 1141 890 1171 dit
928 1142 1086 1173 Romanis
1117 1151 1169 1181 37,
1200 1150 1250 1181 45.
1287 1141 1472 1173 attribuitur

843 1183 984 1215 Eumeni
1000 1185 1052 1223 38,
1068 1194 1118 1226 39.

801 1225 977 1266 Epicadus,
993 1228 1152 1258 occiditur
1173 1238 1193 1258 a
1210 1227 1343 1265 Gentio,
1365 1227 1471 1268 Illyri-

841 1279 932 1300 orum
949 1280 1022 1310 rege
1038 1282 1089 1309 44,
1106 1279 1156 1309 3ο.

799 1310 976 1352 Epicadus,
989 1313 1170 1353 praefectus
1183 1312 1329 1352 peditum
1346 1313 1471 1344 Parthi—

839 1365 953 1386 norum
970 1356 1002 1386 in
1020 1355 1130 1386 castris
1146 1355 1253 1387 Anicii
1269 1367 1321 1394 44,
1337 1365 1387 1395 30.

801 1396 971 1438 Epicrates
987 1398 1136 1430 Rhodius
1152 1406 1204 1438 37,
1224 1408 1259 1438 13
1277 1402 1308 1429 01
1328 1407 1375 1438 15.

801 1439 976 1481 Epicydes,
990 1441 1104 1473 missus
1124 1442 1165 1472 ab
1188 1441 1376 1472 Hannibale
1397 1452 1471 1472 cum

844 1483 1048 1524 Hippocrate
1067 1485 1165 1515 fratre
1185 1485 1309 1525 legatus
1328 1485 1370 1515 ad
1392 1485 1471 1515 Hie-

842 1536 1014 1567 ronymum
1040 1537 1091 1566 24,
1117 1526 1136 1558 6
1163 1532 1195 1558 et
1222 1536 1272 1567 23.
1304 1527 1473 1568 Syracusis

843 1574 1005 1609 praetores
1013 1571 1109 1600 ambo
1120 1574 1268 1601 creantur
1281 1578 1329 1609 27.
1349 1571 1472 1601 1101111111

841 1611 926 1643 inter
940 1613 1156 1653 Syracusanos
1171 1616 1204 1643 et
1220 1613 1387 1643 Romanos
1399 1623 1472 1644 con-

842 1655 941 1686 citare
970 1655 1117 1686 nituntur
1148 1665 1196 1697 29.
1235 1656 1471 1695 Syracusanum

841 1698 1018 1729 exercitum
1038 1698 1097 1728 sibi
1119 1698 1292 1729 conciliant
1316 1708 1356 1738 30
1371 1703 1403 1729 01
1419 1707 1472 1737 31.

843 1745 1004 1781 occupant
1034 1741 1208 1781 Syracusas
1235 1751 1283 1781 32.
1316 1741 1473 1772 Romanis

841 1785 977 1824 superbe
1003 1784 1198 1824 respondent
1225 1793 1274 1823 33.
1308 1784 1472 1824 Epicydes

843 1831 967 1866 praeest
983 1827 1147 1858 custodiae
1168 1827 1265 1865 urbis,
1280 1837 1300 1857 a
1316 1827 1474 1858 Romanis

841 1870 985 1900 obsessae
1017 1878 1066 1910 35.
1104 1869 1257 1910 relinquit
1288 1870 1471 1910 Syracusas,

841 1921 957 1951 magna
975 1912 1038 1943 iam
1055 1922 1094 1943 ex
1117 1917 1208 1952 parte
1225 1917 1337 1952 captas
1354 1921 1404 1952 25,
1422 1921 1470 1952 27.

840 1955 957 1985 traiicit
973 1955 1004 1986 in
1022 1955 1165 1986 Africam
1184 1954 1234 1992 26,
1250 1965 1300 1994 40.

800 1997 974 2038 Epicydes,
985 1999 1036 2028 cui
1050 1998 1170 2029 Sindon
1184 2008 1372 2038 cognomen,
1384 2009 1472 2039 prae-

841 2041 945 2071 fectus
955 2041 1088 2072 alterius
1106 2040 1272 2081 Epicydis,
1284 2042 1474 2073 interficitur

841 2084 1005 2124 Syracusis
1022 2092 1072 2122 25,
1090 2084 1138 2115 28.

801 2126 996 2166 Epidaurus,
1006 2128 1081 2157 urbs
1092 2126 1209 2157 nobilis
1217 2128 1342 2168 templo
1352 2129 1471 2159 Aescu-

842 2169 919 2209 lapii
941 2179 988 2207 10,
1004 2178 1055 2208 47.
1080 2178 1132 2208 45,
1150 2170 1198 2201 28.

800 2212 973 2252 Epipolae,
990 2213 1079 2243 locus
1094 2212 1258 2253 Syracusis
1275 2222 1325 2253 25,
1344 2223 1392 2252 24.

800 2255 954 2295 Epirotae
967 2256 1007 2286 de
1023 2255 1186 2286 communi
1200 2266 1280 2296 pace
1297 2257 1418 2297 legatos
1429 2258 1471 2289 ad

843 2298 1035 2339 Philippum
1056 2298 1189 2329 mittunt
1212 2308 1263 2340 29,
1283 2309 1329 2330 12.
1353 2309 1373 2330 a
1395 2301 1470 2331 Phi-

842 2341 932 2382 lippo
967 2341 1097 2382 ascripti
1133 2341 1264 2379 foederi,
1293 2352 1367 2373 cum
1404 2344 1469 2374 Ro—

841 2384 945 2415 manis
974 2384 1066 2422 inito,
1089 2384 1165 2415 ibid.
1204 2388 1331 2416 tentant
1355 2396 1468 2426 pacem

844 2427 1034 2468 Philippum
1050 2427 1134 2458 inter
1148 2431 1180 2458 et
1198 2427 1375 2464 Romanos.
1392 2430 1469 2460 frus-

840 2474 890 2500 tra
920 2479 972 2509 32,
1007 2479 1053 2501 1ο.
1091 2481 1154 2501 11οη
1185 2475 1317 2502 manent
1346 2472 1469 2503 sincera

841 2513 906 2543 fide
935 2513 967 2544 in
993 2512 1137 2544 amicitia
1167 2513 1389 2545 Romanorum
1418 2515 1469 2556 36,

841 2563 891 2594 35.
919 2565 1029 2586 eorum
1055 2556 1148 2596 legati
1176 2557 1216 2587 ad
1242 2557 1301 2588 Μ’.
1327 2558 1468 2588 Αο11111111

840 2598 1016 2634 0011311Ιο111,
1030 2598 1105 2630 ibid.
1128 2599 1302 2630 mittuntur
1317 2600 1470 2637 Romam,

840 2640 915 2672 ibid.
953 2641 1158 2682 septuaginta
1187 2652 1297 2673 eorum
1328 2644 1421 2674 urbes
1450 2654 1470 2674 a

844 2683 962 2714 Paullo
984 2684 1124 2715 Aemilio
1139 2685 1339 2725 diripiendae
1353 2686 1470 2717 dantur

841 2726 998 2758 militibus
1011 2735 1064 2767 45,
1080 2736 1130 2767 34.

802 2768 921 2809 Epirus
935 2770 966 2807 8,
990 2778 1037 2808 24.
1062 2779 1114 2809 31,

841 2813 935 2843 stella
964 2818 1166 2853 occupantur
1187 2824 1206 2844 11
1234 2813 1391 2844 Romanis
1418 2823 1468 2851 42,

841 2854 891 2893 36.
914 2856 1024 2887 fauces
1040 2865 1091 2895 32,
1112 2855 1157 2887 16.
1180 2861 1306 2886 montes
1322 2864 1373 2894 32,
1394 2865 1438 2893 13.

800 2897 1052 2938 Epossognatus,
1072 2898 1199 2935 regulus
1222 2898 1392 2929 Gallorum
1416 2899 1467 2936 38,

847 2940 892 2971 18.

1140 2778 1156 2810 7
1178 2775 1211 2801 01
1237 2772 1282 2801 18.
1309 2771 1398 2811 Epiri
1418 2782 1468 2802 cu-
