1888 3194
515 192 553 234 L
562 191 584 233 1
592 191 640 233 B.
673 190 793 233 XLI.

839 191 875 234 C
888 191 985 233 ΑΡ.
1019 195 1085 233 23.
1444 196 1497 235 29

117 282 263 325 aedem
286 280 454 323 Saturni
475 280 518 322 in
538 280 627 322 foro
650 280 844 322 Romano
865 281 1064 330 intentus,
1087 289 1130 322 et
1151 288 1232 322 tres
1253 281 1375 322 simul
1395 282 1500 324 soles
1514 292 1558 324 U.
1575 292 1614 325 c.
1635 292 1707 333 578.

87 338 383 382 zeffulserunt:
415 346 459 380 et
477 338 588 380 faces
608 338 755 380 eadem
777 347 900 380 noete
925 339 1064 395 plures
1085 353 1159 395 per
1179 338 1341 379 eoelum
1362 339 1499 396 lapsae
1513 336 1554 368 A.
1575 336 1614 368 C·
1639 345 1707 375 174·

115 405 215 439 sunt
251 396 297 437 in
337 395 582 438 Lanuvino:
629 395 902 452 Caeritesque
938 411 1118 453 anguem
1153 396 1198 437 in
1233 396 1390 453 oppido
1425 412 1500 438 suo

114 454 317 504 iubatum,
348 453 482 495 aureis
511 454 684 496 maculis
718 469 918 510 sparsum,
950 453 1185 510 apparuisse
1217 454 1497 495 affirmabant:

115 520 171 562 et,
192 511 238 552 in
258 526 357 568 agro
381 510 600 568 Campano
620 512 769 553 bovem
791 511 980 553 locutum
1001 526 1103 561 esse,
1126 512 1222 553 satis
1243 513 1468 553 constabat.

173 567 324 625 Legati
352 568 489 610 Nonis
515 568 648 611 Iuniis
677 585 731 610 ex
760 569 905 611 Africa
933 569 1162 619 redierunt,
1184 570 1270 625 qui,
1292 578 1499 611 convento

115 627 231 684 prius
261 626 485 668 Masinissa
515 642 626 683 rege,
661 626 961 683 Carthaginem
994 627 1152 669 ierant:
1195 636 1380 668 ceterum
1411 642 1500 668 cer-

115 685 199 726 tius
228 684 456 741 aliquanto,
485 699 592 741 quae
623 684 879 741 Carthagine
911 694 1003 726 ¹<icta
1037 693 1186 734 essent,
1221 686 1271 726 ab
1307 700 1403 742 rege
1435 701 1501 726 rc-

115 742 307 793 scierant,
344 757 470 799 quam
505 743 558 784 ab
593 743 691 799 ipsis
729 742 1157 799 Carthaginiensibus.
1223 742 1501 799 Compertum

115 808 257 842 tamen
277 801 598 850 affirmaverunt,
621 800 776 857 legatos
797 801 848 842 ab
870 816 966 857 rege
989 801 1142 842 Perseo
1163 801 1337 850 venisse,
1366 801 1499 857 iisque

116 866 246 900 noctu
275 867 466 900 senatum
496 858 542 899 in
571 859 673 900 aede
697 859 938 915 Aesculapii
963 858 1108 900 datum
1139 873 1239 900 esse.
1302 859 1372 899 Ab
1397 858 1501 900 Car-

117 915 287 973 thagine
315 916 473 973 legatos
493 916 538 957 in
560 915 857 958 Macedoniam
879 917 1034 966 missos,
1057 926 1098 958 et
1119 931 1194 958 rex
1215 916 1499 966 affirmaverat,

116 983 161 1016 et
180 974 259 1030 ipsi
278 989 426 1030 parum
447 983 686 1016 constanter
705 983 969 1031 negaverant.
1015 974 1066 1015 In
1084 974 1380 1016 Macedoniam
1396 990 1501 1031 quo-

147 1045 200 1073 ue
233 1031 460 1073 mittendos
493 1031 649 1087 legatos
681 1042 848 1073 senatus
880 1032 1053 1073 censuit.
1117 1032 1222 1074 Tres
1249 1032 1361 1073 missi
1388 1040 1499 1082 sunt,

159 1119 170 1130 .
189 1088 370 1138 Laelius,
394 1088 456 1130 M.
476 1088 668 1130 Valerius
690 1088 900 1139 Messalla,
936 1089 1032 1131 Sex.
1056 1089 1254 1145 Digitius.
1323 1090 1501 1131 Perseus

115 1161 192 1204 per
210 1145 255 1187 id
275 1155 452 1203 tempus,
474 1146 574 1203 quia
594 1146 766 1203 quidam
788 1146 1005 1203 Dolopum
1026 1162 1112 1188 non
1132 1148 1347 1203 parebant,
1370 1155 1425 1198 et,
1447 1147 1500 1188 de

116 1204 270 1261 quibus
299 1204 587 1261 ambigebatur
615 1205 751 1254 rebus,
773 1204 1122 1261 disceptationem
1146 1205 1197 1246 ab
1218 1220 1316 1262 rege
1337 1205 1390 1246 ad
1413 1205 1501 1246 Ro-

86 1276 261 1308 3manos
289 1262 551 1313 revocabant,
583 1277 680 1304 eum
710 1263 899 1304 exercitu
930 1262 1153 1319 profectus,
1184 1263 1261 1304 sub
1294 1263 1358 1304 ius
1390 1262 1501 1304 iudi-

116 1319 312 1376 ciumque
341 1334 463 1361 suum
491 1322 622 1362 totam
650 1321 788 1377 coegit
817 1328 1000 1377 gentem.
1063 1319 1183 1370 Inde,
1211 1335 1286 1377 per
1320 1320 1501 1362 Oetaeos
1516 1328 1622 1359 Persei
1640 1328 1699 1359 iter

115 1386 280 1420 montes
319 1386 607 1434 transgressus,
647 1377 918 1433 religionibus
958 1378 1208 1434 quibusdam
1248 1378 1388 1420 animo
1428 1379 1502 1420 ob-
1515 1371 1674 1412 Delphos.

115 1435 246 1486 iectis,
268 1435 482 1478 oraculum
503 1435 691 1478 aditurus
712 1436 904 1493 Delphos
925 1436 1124 1478 escendit.
1182 1436 1327 1485 Quum
1349 1436 1394 1477 in
1414 1451 1502 1478 me-

116 1492 187 1535 dia
225 1502 398 1550 repente
432 1492 610 1536 Graecia
649 1494 918 1551 apparuisset,
953 1509 1151 1551 magnum
1192 1509 1279 1535 non
1314 1494 1502 1535 finitimis

116 1550 242 1593 modo
272 1551 444 1593 urbibus
473 1560 674 1594 terrorem
704 1552 908 1609 praebuit,
931 1552 1004 1594 sed
1025 1553 1070 1593 in
1091 1552 1237 1593 Asiam
1258 1567 1427 1608 qnoque
1449 1552 1501 1593 ad

116 1623 258 1666 regem
291 1608 527 1651 Eumenem
567 1610 737 1652 nuntios
777 1609 1054 1652 tumultuosos
1093 1610 1215 1651 misit.
1279 1610 1500 1660 Triduum,

87 1680 204 1710 4non
242 1664 349 1723 plus,
389 1666 569 1723 Delphis
608 1677 803 1718 moratus,
845 1683 920 1724 per
954 1668 1245 1710 Phthiotidem
1281 1667 1501 1718 Achaiam,

118 1723 477 1781 Thessaliamque,
506 1725 595 1766 sine
623 1725 778 1766 damno
809 1725 1044 1781 iniuriaque
1076 1740 1281 1782 agrorum,
1302 1741 1378 1781 per
1398 1741 1502 1782 quos

119 1781 199 1823 iter
218 1781 329 1832 fecit,
347 1782 390 1823 in
413 1797 587 1839 regnum
609 1782 744 1824 rediit.
794 1782 887 1824 Nec
909 1798 1052 1824 earum
1073 1793 1236 1824 tantum
1257 1783 1501 1832 civitatium,

118 1853 195 1895 per
223 1854 327 1896 quas
357 1839 490 1881 iturus
520 1849 620 1891 erat,
649 1840 748 1881 satis
778 1839 925 1881 habuit
955 1841 1114 1882 animos
1144 1841 1221 1881 sibi
1252 1840 1499 1881 conciliare:

88 1905 191 1940 5aut
220 1896 388 1953 legatOS,
411 1906 483 1938 aut
502 1897 640 1938 literas
661 1897 830 1946 dimisit,
852 1907 1012 1953 pctcnS,
1037 1904 1048 1922 ⁶
1064 1913 1116 1939 ne
1138 1898 1295 1939 diutius
1315 1897 1503 1939 simulta-

119 1959 131 1978 ‘
143 1962 246 2006 tum,
261 1969 368 2011 quae
389 1969 486 1996 cum
506 1963 623 2011 patre
644 1970 720 1996 suo
740 1954 926 2005 fuissent,
948 1955 1258 1996 meminissent:
1289 1970 1367 1997 nee
1388 1956 1501 1997 enim

86 2036 87 2039 =
119 2016 229 2053 ‘tam
255 2020 415 2054 atroces
434 2012 559 2054 fuisse
581 2027 661 2062 eas,
685 2021 731 2053 ut
756 2028 841 2053 non
866 2027 962 2053 cum
988 2013 1077 2069 ipso
1107 2013 1320 2069 potuerint
1350 2028 1398 2054 ac
1429 2013 1497 2054 de-

119 2069 311 2111 ‘buerint
340 2069 462 2111 finiri.
527 2069 680 2112 Secum
702 2070 874 2126 quidem
895 2071 1036 2112 omnia
1056 2070 1136 2111 illis
1157 2071 1320 2127 integra
1340 2086 1428 2112 esse
1450 2070 1504 2112 ad

118 2127 443 2169 ‘instituendam
465 2127 646 2170 fideliter
665 2128 917 2169 amicitiam.’
963 2127 1076 2169 Cum
1095 2128 1364 2170 Achaeorum
1386 2144 1503 2170 max-

116 2184 200 2227 ime
235 2194 361 2242 gente
391 2185 725 2228 reconciliandae
754 2186 911 2243 gratiae
940 2186 1051 2227 viam
1082 2187 1319 2242 quaerebat.
1383 2186 1502 2228 Haec
1579 2188 1645 2227 23.

117 2257 203 2285 una
232 2258 287 2285 ex
322 2244 437 2285 omni
461 2243 640 2285 Graecia
673 2259 789 2300 gens.
821 2253 863 2285 et
899 2244 1225 2285 Atheniensium
1258 2244 1415 2293 civitas,
1452 2260 1503 2286 eo
1516 2244 1715 2292 ACJ¹³²⁰⁰¹¹J¹¹J

147 2311 372 2343 recesserat
407 2302 573 2352 irarum,
611 2311 657 2343 ut
690 2302 845 2343 finibus
880 2302 1148 2343 interdiceret
1182 2301 1499 2344 Macedonibus.
1514 2288 1720 2360 Jffiffiffffi

116 2316 268 2425 i‘taque
292 2360 468 2402 servitiis
488 2375 542 2401 ex
565 2359 727 2401 Achaia
746 2360 1002 2416 fugientibus
1027 2375 1118 2402 rece
1138 2359 1335 2401 ›taculum
1359 2359 1627 2405 Mace—tentat.
1710 2358 1714 2359 ⁷

118 2416 246 2459 doma
275 2426 385 2460 erat:
419 2418 530 2474 quia,
553 2433 685 2475 quum
715 2417 869 2459 finibus
889 2418 973 2459 suis
994 2375 1321 2468 interdixissent,
1348 2418 1501 2461 intrare

1577 569 1599 604 ιο

1605 569 1642 606 50

163 2541 181 2562 ἰ
204 2533 305 2563 Faces
319 2556 327 2563 .
345 2556 352 2564 .
370 2556 377 2563 .
394 2533 504 2572 lapsae
526 2537 602 2563 mne
624 2533 660 2563 in
681 2533 788 2563 Lanu-

119 2575 216 2606 vino.-
240 2574 462 2616 Caeritesqvae]
499 2574 680 2606 Priscianus
701 2575 740 2606 iv.
759 2585 788 2615 p.

119 2615 191 2656 633.
208 2617 286 2648 citat
302 2617 388 2648 hunc
406 2618 510 2649 locum
528 2618 573 2648 sic
588 2630 594 2649 :
621 2619 789 2648 Lanuvini

118 2661 323 2702 Caeritesque
335 2672 470 2700 (tn-quem
485 2662 639 2692 iubatum.
673 2661 788 2700 Itaque

120 2703 289 2742 legendum
307 2708 354 2734 est
371 2703 432 2734 hoc
449 2704 558 2734 modo:
577 2705 687 2743 lapsae
701 2709 786 2734 sunt.

118 2747 286 2777 Lanuuini
303 2747 514 2787 Caeritesque.
531 2746 645 2777 Sinos.
689 2748 788 2777 Faces

118 2793 193 2819 sunt
209 2789 322 2819 stellae
338 2790 439 2819 facem
458 2790 622 2820 ducentos.

163 2840 181 2870 3
205 2832 285 2862 Cum
314 2834 456 2863 exercitu
480 2833 658 2872 profectus]
691 2832 787 2862 Hune

122 2872 283 2914 Dolopiae
309 2875 554 2914 occupationem
582 2880 614 2905 et
643 2875 788 2914 Delphos

120 2916 295 2947 adventum
314 2918 345 2948 in
362 2928 457 2948 caum
473 2917 580 2953 fuisse,
596 2928 652 2948 rur
667 2919 787 2948 bellum

123 2957 279 2990 Romanis
292 2970 366 2991 cum
380 2961 496 2992 Pena-o
508 2961 682 2992 conflatum
697 2967 789 2997 essct,

835 2532 970 2571 legimus
999 2533 1087 2572 apud
1118 2532 1230 2572 Polyb.
1256 2531 1410 2571 Excerpt.
1438 2531 1502 2562 Va-

834 2575 931 2606 tican.
949 2575 1027 2606 xxii.
1049 2585 1073 2606 1.

877 2630 896 2655 4
920 2618 1133 2648 Phthiotidem
1150 2617 1325 2655 Achaiam]
1353 2617 1391 2648 cf.
1409 2617 1503 2657 Supr.

834 2661 941 2691 xxxvi.
965 2671 1011 2698 ¹5·

876 2713 892 2741 5
918 2706 943 2734 Α
954 2710 986 2733 11!
1003 2705 1130 2742 laymlos,
1146 2708 1204 2732 (ml
1220 2704 1345 2740 literas]
1369 2702 1502 2732 Adiece-

834 2751 880 2776 rat
910 2747 1056 2784 Sigoniu-
1083 2747 1123 2775 «lc
1153 2756 1208 2775 sno
1235 2746 1289 2776 scd
1314 2751 1388 2775 ante
1417 2746 1503 2784 prins

834 2789 912 2819 illud
929 2795 997 2820 ant.
1043 2789 1203 2819 Videntur
1220 2789 1366 2827 pluscula
1383 2789 1501 2817 ‹lt-osse.

835 2832 975 2862 Dodona
1006 2833 1136 2862 ltu-maso
1171 2831 1295 2861 Livius:
1335 2832 1389 2860 sm!
1418 2832 1501 2859 πίννα

833 2887 937 2906 onmes
956 2876 1111 2906 nram-iae
1133 2876 1287 2909 civitam-x,
1308 2878 1365 2903 ¹111!
1387 2875 1502 2911 lvgsnlrw

835 2942 842 2949 .
860 2942 866 2949 .
885 2942 892 2949 .
917 2920 1022 2949 Cum.
