1888 3194
647 194 941 233 INDEX.

144 275 286 316 sylorum
307 272 411 305 omnis
431 271 465 302 in
487 270 557 302 eius
578 269 666 301 venit
686 272 776 310 pote-

144 322 273 355 statem,
282 316 359 347 ibid.
381 314 520 346 abstinet
534 312 666 344 nomine
680 312 777 352 regio,

144 360 222 391 ibid.
252 357 457 390 matrimonio
472 355 532 387 sibi
546 355 650 396 iungit
665 355 779 385 sororis

146 401 342 434 Hannibalis
369 400 482 437 filiam,
505 398 582 430 ibid.
628 397 734 428 vietus
758 407 780 428 a

145 444 329 481 Masinissa,
358 442 440 483 fugit
472 442 506 472 in
536 439 778 481 Carthaginien-

145 496 214 518 sem
237 495 349 527 agrum
372 494 422 525 3ο.
459 483 543 516 redit
568 484 602 515 in
628 483 779 524 patriam,

145 528 224 560 ibid.

103 571 255 610 Miction,
265 569 490 604 Chalcidensis
505 569 655 611 princeps
668 577 720 609 35,
731 569 780 609 38.

148 614 233 646 fidus
254 613 413 646 Romanis
428 611 480 652 46.
510 613 646 654 pedibus
669 617 783 652 eaptus

147 657 265 689 lectica
278 657 311 688 in
327 660 474 688 senatum
490 656 675 687 introfertur
690 664 741 694 43,
751 664 781 696 9.

148 700 292 740 queritur
307 700 347 731 de
363 699 553 731 erudelitate
568 703 600 730 et
615 697 782 738 sacrilegio

148 743 293 774 Lucretii
323 746 356 774 et
386 742 566 780 Hortensii,
597 745 781 782 praetorum

147 785 248 818 Rom.
263 786 307 817 ib.
336 785 486 817 vehicula
501 784 530 816 ei
547 784 676 826 publice
691 793 781 825 prae-

149 829 268 860 bentur
286 838 333 860 10.

107 871 245 904 Miletus
260 871 373 902 civitas
389 879 441 911 37,
460 869 507 902 16.
532 870 584 909 38,
604 878 653 909 13.

106 913 249 947 Milesiis
270 924 345 954 ager
364 923 453 945 sacer
470 913 647 944 restituitur
663 912 715 952 38,
731 920 782 953 39.

150 967 262 988 eorum
292 956 391 997 legati
422 956 618 996 pollicentur
647 956 688 986 ad
718 955 783 985 bel-

150 1000 232 1038 lum,
262 999 417 1040 quicquid
446 1003 576 1030 senatus
611 998 785 1038 imperaret

152 1052 206 1083 432
222 1044 254 1074 8·

109 1085 209 1118 Miles
234 1086 405 1117 Romanus
426 1084 555 1124 quando
581 1083 720 1124 primum
745 1083 785 1114 de

150 1128 284 1169 publico
320 1127 518 1167 stipendium
556 1126 716 1166 acceperit
754 1137 785 1165 4,

151 1178 203 1212 59.
234 1170 341 1201 cibum
358 1174 536 1210 potumque
552 1179 668 1209 capere
683 1168 787 1199 iussus

151 1217 252 1252 stans,
266 1211 460 1254 ignominiae
475 1222 572 1242 causa
588 1221 639 1249 24,
655 1210 702 1243 16.
727 1210 785 1241 mi-

152 1255 244 1287 litem
281 1254 514 1286 mercenarium
551 1255 680 1294 quando
724 1253 786 1294 pri-

151 1308 243 1330 mum
267 1298 409 1330 Romani
429 1297 627 1328 habuerint?
647 1306 698 1338 49.
727 1296 786 1327 mi-

153 1341 246 1373 litem
273 1345 412 1372 veterem
439 1340 577 1371 invitum
601 1340 719 1371 ducere
745 1339 788 1370 ad

153 1385 277 1416 bellum
301 1384 478 1425 gerendum
500 1383 534 1414 in
557 1382 787 1414 Macedoniam

155 1427 292 1458 vetitum
307 1437 358 1467 31,
371 1427 400 1458 8.
422 1426 587 1457 horridum
604 1425 704 1466 magis
719 1435 788 1456 esse

155 1471 262 1508 decet,
284 1479 382 1510 quam
409 1473 556 1500 ornatum
582 1479 660 1499 auro
687 1471 719 1499 et
741 1478 788 1498 ar-

155 1517 252 1554 gento
267 1523 300 1554 9,
315 1522 365 1551 40.
396 1512 500 1543 milite
521 1521 590 1549 suo,
606 1521 670 1542 non
685 1515 788 1542 exter-

156 1566 211 1594 no,
240 1556 288 1586 uti
318 1555 431 1586 solitus
461 1555 631 1585 Romanus
657 1563 709 1591 22,
736 1561 789 1593 37.

156 1598 277 1630 milites
298 1598 424 1629 accensi
446 1598 477 1635 8,
494 1598 523 1628 8.
556 1596 735 1636 antepilani
757 1606 787 1637 9.

157 1641 359 1681 antesignani
388 1650 418 1678 2,
445 1650 495 1671 20.
541 1639 674 1671 causarii
701 1638 732 1677 6,
758 1637 788 1670 6.

158 1684 276 1715 hastati
296 1692 326 1724 7,
339 1693 387 1724 23.
412 1683 443 1721 8,
456 1686 486 1714 8.
510 1684 607 1720 leves,
622 1683 700 1714 ibid.
724 1692 790 1712 ma-

158 1727 322 1768 nipulares
346 1735 375 1766 7,
392 1735 443 1765 34.
465 1727 496 1763 8,
511 1726 541 1758 8.
575 1725 630 1756 ubi
653 1729 685 1756 et
707 1724 792 1755 acies

159 1770 312 1802 Romana
338 1769 536 1800 describitur.
575 1768 735 1809 principes
763 1776 792 1807 7,

161 1821 212 1852 23.
232 1813 307 1850 8,8.
331 1812 452 1850 rorarii,
465 1812 539 1843 ibid.
563 1811 683 1842 statarii
700 1820 731 1853 9,
746 1820 792 1852 ¹9·

160 1855 316 1894 subitarii‚
333 1855 386 1895 qui
400 1859 413 1886 ?
436 1865 466 1894 3,
489 1866 517 1893 4.
541 1864 594 1893 40,
615 1853 664 1886 26.
695 1853 794 1884 triarii

163 1906 193 1939 7,
210 1907 259 1938 23.
283 1900 314 1936 8,
329 1899 358 1929 8.
390 1897 591 1928 tumultuarii
614 1905 666 1936 35,
683 1906 711 1928 2.
743 1907 794 1926 ve-

160 1941 263 1972 terani
282 1942 313 1979 8,
329 1941 358 1972 8.
391 1940 561 1971 voluntarii
584 1949 635 1979 31,
651 1940 680 1971 8.
710 1939 793 1970 mili-

162 1987 212 2016 tes
222 1984 370 2015 Antiates
383 1983 474 2014 mille
485 1983 604 2014 dimissi
617 1993 691 2014 cum
709 1982 795 2022 igno-

161 2027 263 2058 minia
286 2037 316 2067 3,
338 2035 366 2066 5.
399 2026 540 2057 Romani
566 2036 600 2057 se
627 2025 710 2056 vinci
742 2035 795 2065 pa-

162 2069 288 2100 tiuntur
299 2070 373 2100 odio
386 2068 640 2100 decemvirorum
658 2078 709 2108 42.
734 2073 795 2098 tre-

163 2112 248 2144 centi
270 2117 393 2152 septem
416 2112 501 2152 capti
522 2123 541 2142 a
558 2110 796 2151 Tarquiniensi-

163 2156 223 2186 bus
237 2155 447 2186 immolantur
464 2163 493 2194 7,
513 2163 559 2194 15.
591 2154 713 2194 duplici
734 2154 797 2184 fru-

163 2202 274 2230 mento
290 2198 322 2229 in
344 2202 549 2238 perpetuum,
569 2197 600 2228 in
618 2196 798 2237 praesentia

163 2241 297 2281 singulis
323 2242 428 2272 bubus
450 2240 596 2280 binisque
624 2239 721 2280 privis
746 2245 795 2270 tu-

165 2284 246 2315 nicis
263 2283 374 2314 donati
392 2292 441 2324 37.
472 2287 721 2323 corrumpuntur
736 2283 796 2314 Ca-

166 2326 283 2367 puanis
309 2326 435 2357 deliciis
458 2327 508 2365 38.
543 2330 701 2366 coguntur
725 2336 798 2356 ven-

166 2370 241 2400 dere
255 2369 406 2409 praedam
424 2379 471 2406 1ο,
489 2378 536 2408 17,
551 2378 600 2401 20.
621 2379 797 2399 sacramen-

166 2416 200 2443 to
227 2412 400 2452 adiguntur
425 2411 576 2452 singulari
604 2411 666 2442 ritu
694 2413 744 2450 38.
779 2422 800 2442 a

166 2455 303 2486 tribunis
325 2454 465 2485 militum
488 2454 660 2493 adiguntur
683 2454 797 2485 iureiu-

167 2499 268 2529 rando
288 2507 340 2535 22,
356 2498 409 2537 38.
440 2497 545 2528 iurant
568 2497 600 2527 in
626 2497 719 2527 verba
742 2496 799 2527 im-

168 2541 322 2582 peratoris
340 2543 390 2578 28,
405 2550 453 2582 29.
477 2550 516 2571 ex
530 2539 690 2571 Cannensi
708 2540 800 2570 clade

167 2583 354 2624 superstites
383 2584 565 2622 releguntur
595 2582 626 2613 in
656 2582 799 2613 Siciliam

170 2636 223 2667 25,
239 2635 268 2666 5.
293 2631 446 2657 notantur
460 2637 480 2656 a
495 2630 606 2657 senatu
627 2633 654 2664 7.
681 2626 801 2656 donan-

169 2672 222 2700 tur
243 2669 326 2709 agris
349 2678 401 2708 31,
420 2673 487 2707 4et
504 2681 521 2707 4
547 2693 553 2700 .
588 2679 628 2699 ex
656 2668 731 2699 Asia
756 2679 802 2699 re»

169 2712 306 2743 dcuntes
335 2712 491 2743 invehunt
523 2679 633 2742 pnsum
663 2712 800 2742 Romam

171 2763 223 2795 39,
233 2753 264 2787 6.
287 2755 319 2786 in
335 2755 508 2795 triumphis
524 2754 670 2791 laureati,
683 2759 802 2784 canunt

173 2797 373 2837 imperatoris
403 2798 514 2828 laudes
540 2807 593 2838 39,
618 2805 648 2836 7.
677 2806 729 2835 4:²-
753 2800 802 2834 38.

173 2839 312 2870 militum
339 2841 413 2877 suga
440 2840 608 2880 impedita,
632 2841 708 2870 dum
735 2841 800 2869 «lux

174 2893 228 2913 cos
243 2893 262 2912 a
277 2882 341 2912 suis
357 2882 464 2913 haberi
483 2882 569 2913 iubet
588 2893 643 2922 pro
661 2883 805 2913 hostibus

178 2935 205 2959 2,
227 2934 270 2957 ιο.
288 2934 340 2965 37,
356 2934 405 2965 43.
429 2925 601 2957 decimatio
618 2935 667 2966 59.
691 2925 804 2956 seditio

867 277 896 309 7,
913 279 963 311 39.
987 279 1041 310 32,
1059 281 1089 304 2.
1127 272 1350 306 Romanorum
1373 275 1500 315 laudes,

864 316 897 342 et
918 323 993 343 eum
1009 315 1187 347 Alexandri
1203 315 1315 356 Mag-ni
1338 318 1500 350 militibus

865 354 996 386 collatio
1008 366 1040 397 9,
1053 366 1099 399 19.
1122 358 1156 389 in
1171 358 1268 389 armis
1282 359 1434 392 decursus
1447 371 1499 401 23,

865 405 917 437 35.
942 396 993 435 26,
1009 407 1062 438 50·
1091 400 1177 431 dona
1198 401 1232 431 in
1254 401 1428 442 triumphis
1451 414 1500 441 10,

865 451 916 479 44·
940 449 993 480 33,
1009 450 1058 480 23·
1084 452 1135 482 34,
1152 451 1202 482 5²·
1226 451 1279 484 37,
1295 451 1346 485 59·
1371 454 1422 486 399
1436 454 1452 485 5
1467 451 1501 477 et

868 489 896 523 7·
919 493 972 521 40³
996 489 1090 532 34.et
1109 494 1161 525 43·
1189 495 1241 524 41,
1260 495 1294 516 ῙῙ
1319 490 1351 517 et
1376 495 1422 526 ¹7·
1447 497 1500 527 459

866 535 918 563 40.
943 535 1095 574 'carmina
1121 537 1151 568 3,
1173 527 1222 559 26.
1257 539 1288 566 4,
1311 538 1360 561 20.
1397 530 1448 568 28,
1470 541 1500 571 9.

867 568 973 599 officia
1001 580 1054 608 44,
1080 579 1132 610 34.
1172 570 1331 602 militibus
1357 573 1501 612 praemia

868 611 956 649 data,
982 621 1057 653 saga
1082 616 1115 644 et
1141 613 1272 645 tunicae
1302 623 1352 653 10,
1377 623 1429 654 3ο.
1468 615 1502 646 111

868 654 991 694 Apulia
1027 655 1155 696 fugatis,
1185 660 1317 688 senatus
1350 658 1503 696 eundem,

868 706 964 736 quem
995 698 1229 736 Cannensibus,
1259 699 1358 730 finem
1389 701 1504 731 statuit

868 739 1015 779 militiae,
1031 751 1072 772 ne
1094 741 1128 772 in
1149 741 1278 782 oppidis
1296 743 1505 774 hibernarent

868 785 929 814 etc.
948 782 1000 822 26,
1018 793 1044 815 1.
1078 784 1251 824 pecuniam
1275 785 1424 817 dividunt
1444 786 1503 816 im-

868 829 1031 864 peratores
1047 827 1098 865 28,
1113 837 1143 868 9.
1174 837 1214 858 ex
1233 828 1353 867 praeda
1368 829 1504 869 quadra-

867 878 966 907 genos
979 869 1062 900 aeris
1077 869 1192 901 dividit
1209 870 1318 910 Scipio
1334 880 1387 911 30,
1403 882 1455 912 45.

826 909 979 942 Milionia
1000 913 1086 951 urbs,
1105 922 1154 951 10,
1176 921 1205 952 3.
1229 917 1326 954 capta
1340 924 1360 946 a
1382 914 1504 946 Roma-

871 953 932 1000 pis,
947 954 1024 986 ibid.
1049 960 1081 987 et
1098 965 1148 996 34.

829 995 990 1028 Militares
1004 1002 1090 1029 artes
1109 999 1253 1030 diversae
1268 1000 1309 1030 ab
1332 998 1505 1040 imperato-

871 1038 926 1086 riis
942 1047 993 1079 25,
1012 1049 1059 1083 19.
1082 1041 1236 1073 militaria
1251 1042 1382 1073 comitia
1399 1050 1450 1082 37.

829 1079 963 1114 Militia.
980 1083 1012 1113 in
1028 1083 1178 1115 militiam
1194 1085 1303 1116 allecti
1320 1086 1506 1117 adolescen-

871 1127 920 1155 tes
946 1135 1031 1156 anno
1055 1127 1192 1166 septimo
1222 1128 1348 1159 decimo
1376 1137 1428 1167 22,
1454 1135 1506 1167 57.

871 1166 1009 1199 militiae
1042 1170 1159 1209 gradus
1196 1179 1248 1209 42,
1279 1179 1330 1210 34.
1367 1170 1506 1202 militiae

873 1210 1023 1256 magister
1039 1212 1162 1251 legatus
1180 1221 1231 1251 24,
1247 1213 1299 1252 48.

831 1249 1024 1299 Millionius,
1040 1258 1167 1294 praetor
1183 1254 1311 1286 Lavinii
1327 1255 1358 1294 8,
1378 1265 1428 1287 11.

831 1293 986 1335 Mincius,
1009 1297 1138 1334 amnis;
1168 1297 1237 1329 eius
1264 1298 1306 1329 ad
1331 1299 1508 1330 Mantuam

874 1340 1022 1386 stagnum
1046 1340 1185 1371 effusum
1211 1344 1381 1372 cruentum
1404 1341 1508 1372 visum

875 1384 960 1412 inter
994 1382 1138 1422 prodigia
1176 1383 1345 1414 nuntiatur
1375 1393 1426 1422 24,
1460 1394 1507 1416 10.

875 1433 972 1464 super
995 1425 1064 1456 eius
1088 1426 1193 1466 ripam
1217 1427 1429 1458 consederunt
1453 1427 1509 1458 In-

875 1468 985 1499 subres
1005 1478 1080 1499 cum
1105 1469 1301 1500 Cenomanis
1323 1478 1374 1509 32,
1391 1479 1442 1509 3ο.
1465 1470 1509 1501 ei-

876 1509 950 1541 dem
963 1511 1085 1541 flumini
1102 1512 1214 1543 consul
1226 1512 1396 1544 Cornelius
1405 1516 1511 1544 castra

877 1553 1048 1593 applicuit,
1064 1553 1141 1585 ibid.

810 1594 1001 1627 -Minervae
1028 1597 1112 1628 cella
1141 1596 1174 1628 in
1204 1597 1370 1638 Capitolio
1400 1597 1431 1637 6,
1458 1607 1509 1641 29.

878 1639 1037 1679 templum
1052 1647 1080 1678 7,
1097 1649 1126 1678 3.
1150 1639 1330 1678 inventum,
1345 1651 1510 1680 numerus,

877 1681 954 1713 ibid.
983 1682 1152 1714 Minervae
1172 1687 1205 1714 et
1229 1683 1388 1724 Neptuno
1404 1685 1510 1724 pulvi-

878 1735 936 1755 nar
955 1729 1090 1756 stratum
1113 1725 1145 1756 in
1166 1726 1370 1758 lectisterniis
1391 1736 1442 1765 22,
1462 1737 1510 1760 10.

879 1768 1040 1806 Minerva,
1055 1768 1137 1799 arcis
1157 1768 1359 1800 Athenarum
1383 1780 1511 1810 praeses

881 1820 932 1851 31,
955 1820 1006 1850 3ο.
1038 1811 1163 1842 Piraeei
1186 1812 1346 1851 templum
1369 1812 1398 1843 ei
1425 1813 1511 1844 dica-

880 1858 950 1884 tum
979 1853 1058 1885 ibid.
1097 1854 1257 1890 Minerva,
1282 1865 1409 1894 praeses
1432 1856 1514 1888 arcis

883 1896 937 1927 Ilii
949 1905 1001 1936 37,
1014 1906 1064 1937 37.
1088 1897 1256 1928 Minervae
1268 1897 1514 1930 Lacedaemone

882 1940 1042 1980 templum
1065 1949 1206 1978 aereum,
1228 1940 1438 1972 Chalcioecos
1461 1949 1515 1981 35,

883 1981 935 2021 36.
962 1983 1089 2014 Itoniae
1105 1983 1265 2023 templum
1282 1983 1314 2014 in
1330 1994 1405 2024 agro
1415 1985 1514 2016 Coro-

883 2036 964 2056 naeo
986 2024 1037 2066 36,
1057 2035 1107 2057 20.
1136 2026 1304 2057 Minervae
1322 2026 1514 2058 sacrificium

883 2069 1004 2099 factum
1024 2069 1077 2099 1111
1094 2070 1134 2099 ab
1155 2069 1313 2100 Romanis
1329 2077 1381 2109 37,
1397 2079 1426 2111 9.
1451 2070 1516 2102 Mi-

883 2122 1011 2149 nervae,
1038 2122 1134 2151 quam
1166 2112 1360 2142 Alcidemon
1388 2117 1516 2151 vocant,

883 2155 1096 2185 sacrificatum
1116 2165 1136 2185 a
1159 2165 1231 2193 rege
1252 2155 1380 2193 Persen,
1395 2165 1448 2194 42,
1464 2164 1516 2195 51.

885 2198 1065 2235 Minervae,
1098 2198 1208 2234 Marti,
1235 2201 1268 2228 et
1297 2198 1387 2229 Luae
1416 2198 1516 2229 Matri

884 2240 988 2280 spolia
1010 2240 1148 2270 hostium
1167 2240 1275 2271 dicata
1290 2251 1309 2271 a
1333 2241 1436 2271 Paulo
1454 2242 1515 2273 Ae-

885 2283 976 2314 milio
995 2292 1047 2322 45,
1068 2292 1119 2321 33.
1142 2283 1312 2314 Minervae
1332 2288 1516 2324 promonto-

886 2326 968 2357 rium
982 2336 1034 2364 40,
1054 2328 1101 2357 18.

842 2369 1053 2407 Minervium,
1068 2367 1225 2409 oppidum
1243 2376 1294 2408 45,
1315 2367 1360 2401 16.

844 2412 961 2448 Minio,
984 2412 1134 2452 princeps
1157 2411 1334 2442 amicorum
1363 2411 1517 2444 Antiochi

887 2464 940 2496 35,
964 2464 1010 2494 15.
1038 2455 1106 2486 eius
1128 2464 1200 2485 cum
1223 2455 1337 2495 legatis
1360 2456 1519 2487 Romanis

887 2498 1084 2538 colloquium
1100 2497 1146 2529 16.
1167 2502 1292 2537 praeest
1301 2498 1428 2529 mediae
1437 2498 1517 2530 aciei

887 2551 939 2582 37.
956 2551 1006 2580 4¹·

846 2585 969 2616 Minius
998 2583 1163 2616 Cerrinius
1192 2594 1212 2614 a
1243 2582 1347 2614 Minin
1384 2583 1520 2614 Paculln

888 2632 990 2658 mntre
1029 2626 1168 2657 Bacchis
1206 2626 1350 2656 initiatus
1385 2635 1437 2667 39,
1473 2635 1518 2665 13.

889 2670 972 2702 inter
993 2669 1153 2701 maximos
1173 2669 1354 2699 ssu-erdotes
1375 2669 1517 2700 condito-

890 2723 1002 2753 resque
1024 2713 1093 2743 eius
1115 2712 1194 2742 imeri
1224 2720 1268 2751 ¹7.
1296 2712 1455 2742 adductus
1477 2712 1518 2742 ad

890 2756 1047 2792 consules,
1071 2756 1189 2785 fatetur
1211 2754 1330 2790 omnin,
1355 2754 1428 2785 ibid.
1462 2755 1518 2784 Ar-

890 2800 982 2830 dcam
1001 2799 1032 2828 in
1051 2797 1178 2828 vincula
1195 2797 1333 2827 mittitur
1354 2806 1397 2836 19.

850 2842 961 2874 Minoo.
990 2841 1151 2872 lleruelcu
1181 2849 1230 2877 24,
1255 2848 1304 2878 35.
1330 2838 1390 2870 vid.
1418 2838 1519 2869 llum-

891 2886 970 2916 clun.

850 2928 1037 2959 Minturnae
1060 2928 1091 2962 8,
1118 2934 1163 2956 11.
1195 2924 1246 2963 36,
1271 2932 1320 2963 37.
1352 2924 1517 2955 Ausonum
