<?xml version="1.0" encoding="UTF-8"?>
<!DOCTYPE html PUBLIC "-//W3C//DTD XHTML 1.0 Transitional//EN"
    "http://www.w3.org/TR/xhtml1/DTD/xhtml1-transitional.dtd">
<html xmlns="http://www.w3.org/1999/xhtml" xml:lang="en" lang="en">
 <head>
  <title>
</title>
<meta http-equiv="Content-Type" content="text/html;charset=utf-8" />
  <meta name='ocr-system' content='tesseract 3.04.00' />
  <meta name='ocr-capabilities' content='ocr_page ocr_carea ocr_par ocr_line ocrx_word'/>
</head>
<body>
  <div class='ocr_page' id='page_1' title='image "./historiarumli04livyuoft/historiarumli04livyuoft_0165.png"; bbox 0 0 1888 3194; ppageno 0'>
   <div class='ocr_carea' id='block_1_1' title="bbox 537 183 1549 229">
    <p class='ocr_par' dir='ltr' id='par_1_1' title="bbox 537 183 1549 229">
     <span class='ocr_line' id='line_1_1' title="bbox 537 183 1549 229; baseline 0.003 -3"><span class='ocrx_word' id='word_1_1' title='bbox 537 183 664 226; x_wconf 94' lang='lat' dir='ltr'><strong>LIB.</strong></span> <span class='ocrx_word' id='word_1_2' title='bbox 698 183 863 226; x_wconf 90' lang='lat' dir='ltr'>XLIV.</span> <span class='ocrx_word' id='word_1_3' title='bbox 911 183 1058 226; x_wconf 86' lang='lat' dir='ltr'><strong>CAP.</strong></span> <span class='ocrx_word' id='word_1_4' title='bbox 1092 188 1159 227; x_wconf 89' lang='lat'><strong>35.</strong></span> <span class='ocrx_word' id='word_1_5' title='bbox 1469 191 1549 229; x_wconf 84' lang='lat'><strong>153</strong></span> 
     </span>
    </p>
   </div>
   <div class='ocr_carea' id='block_1_2' title="bbox 126 271 1770 2554">
    <p class='ocr_par' dir='ltr' id='par_1_2' title="bbox 126 271 1770 2554">
     <span class='ocr_line' id='line_1_2' title="bbox 158 271 1760 329; baseline 0 -14"><span class='ocrx_word' id='word_1_6' title='bbox 158 281 276 315; x_wconf 87' lang='lat' dir='ltr'><strong>scuta</strong></span> <span class='ocrx_word' id='word_1_7' title='bbox 295 272 378 322; x_wconf 85' lang='lat' dir='ltr'><strong>alii,</strong></span> <span class='ocrx_word' id='word_1_8' title='bbox 399 271 469 313; x_wconf 89' lang='lat' dir='ltr'><strong>alii</strong></span> <span class='ocrx_word' id='word_1_9' title='bbox 497 271 645 313; x_wconf 90' lang='lat' dir='ltr'><strong>loricas</strong></span> <span class='ocrx_word' id='word_1_10' title='bbox 666 281 851 328; x_wconf 84' lang='lat' dir='ltr'><strong>tergere:</strong></span> <span class='ocrx_word' id='word_1_11' title='bbox 887 272 957 314; x_wconf 92' lang='lat' dir='ltr'><strong>alii</strong></span> <span class='ocrx_word' id='word_1_12' title='bbox 979 282 1121 329; x_wconf 89' lang='lat' dir='ltr'><strong>aptare</strong></span> <span class='ocrx_word' id='word_1_13' title='bbox 1143 273 1308 329; x_wconf 86' lang='lat' dir='ltr'>corpori</span> <span class='ocrx_word' id='word_1_14' title='bbox 1328 287 1454 323; x_wconf 87' lang='lat' dir='ltr'><strong>arma,</strong></span> <span class='ocrx_word' id='word_1_15' title='bbox 1476 290 1550 316; x_wconf 85' lang='lat' dir='ltr'><strong>ex·</strong></span> <span class='ocrx_word' id='word_1_16' title='bbox 1569 287 1609 319; x_wconf 84' lang='lat' dir='ltr'><strong>U,</strong></span> <span class='ocrx_word' id='word_1_17' title='bbox 1626 287 1665 319; x_wconf 80' lang='lat' dir='ltr'><strong>c.</strong></span> <span class='ocrx_word' id='word_1_18' title='bbox 1686 288 1760 327; x_wconf 78' lang='lat'><strong>584-</strong></span> 
     </span>
     <span class='ocr_line' id='line_1_3' title="bbox 158 329 1762 386; baseline 0 -15"><span class='ocrx_word' id='word_1_19' title='bbox 158 330 368 386; x_wconf 85' lang='lat' dir='ltr'><strong>peririque</strong></span> <span class='ocrx_word' id='word_1_20' title='bbox 388 329 466 370; x_wconf 88' lang='lat' dir='ltr'><strong>sub</strong></span> <span class='ocrx_word' id='word_1_21' title='bbox 486 329 551 370; x_wconf 91' lang='lat' dir='ltr'><strong>his</strong></span> <span class='ocrx_word' id='word_1_22' title='bbox 571 330 855 370; x_wconf 88' lang='lat' dir='ltr'><strong>membrorum</strong></span> <span class='ocrx_word' id='word_1_23' title='bbox 876 329 1130 385; x_wconf 84' lang='lat' dir='ltr'><strong>agilitatem:</strong></span> <span class='ocrx_word' id='word_1_24' title='bbox 1166 338 1339 385; x_wconf 91' lang='lat' dir='ltr'><strong>quatere</strong></span> <span class='ocrx_word' id='word_1_25' title='bbox 1361 329 1429 370; x_wconf 89' lang='lat' dir='ltr'><strong>alii</strong></span> <span class='ocrx_word' id='word_1_26' title='bbox 1451 331 1548 386; x_wconf 87' lang='lat' dir='ltr'><strong>pila,</strong></span> <span class='ocrx_word' id='word_1_27' title='bbox 1565 330 1604 361; x_wconf 82' lang='lat' dir='ltr'><strong>A.</strong></span> <span class='ocrx_word' id='word_1_28' title='bbox 1626 330 1666 362; x_wconf 87' lang='lat' dir='ltr'><strong>C.</strong></span> <span class='ocrx_word' id='word_1_29' title='bbox 1691 329 1762 361; x_wconf 77' lang='lat'><strong>¹⁶3·</strong></span> 
     </span>
     <span class='ocr_line' id='line_1_4' title="bbox 126 385 1551 442; baseline -0.001 -13"><span class='ocrx_word' id='word_1_30' title='bbox 126 387 228 430; x_wconf 77' lang='lat' dir='ltr'><strong>salii</strong></span> <span class='ocrx_word' id='word_1_31' title='bbox 263 386 415 427; x_wconf 88' lang='lat' dir='ltr'><strong>micare</strong></span> <span class='ocrx_word' id='word_1_32' title='bbox 447 385 610 441; x_wconf 86' lang='lat' dir='ltr'>gladiis,</span> <span class='ocrx_word' id='word_1_33' title='bbox 647 401 977 442; x_wconf 87' lang='lat' dir='ltr'><strong>mucronemque</strong></span> <span class='ocrx_word' id='word_1_34' title='bbox 1010 385 1192 427; x_wconf 86' lang='lat' dir='ltr'><strong>intueri:</strong></span> <span class='ocrx_word' id='word_1_35' title='bbox 1231 395 1280 427; x_wconf 91' lang='lat' dir='ltr'><strong>ut</strong></span> <span class='ocrx_word' id='word_1_36' title='bbox 1307 385 1427 427; x_wconf 90' lang='lat' dir='ltr'><strong>facile</strong></span> <span class='ocrx_word' id='word_1_37' title='bbox 1457 388 1551 442; x_wconf 89' lang='lat' dir='ltr'><strong>quis</strong></span> 
     </span>
     <span class='ocr_line' id='line_1_5' title="bbox 157 442 1553 498; baseline -0.001 -13"><span class='ocrx_word' id='word_1_38' title='bbox 157 450 360 492; x_wconf 88' lang='lat' dir='ltr'><strong>cerneret,</strong></span> <span class='ocrx_word' id='word_1_39' title='bbox 389 442 461 483; x_wconf 92' lang='lat' dir='ltr'><strong>ubi</strong></span> <span class='ocrx_word' id='word_1_40' title='bbox 488 442 672 498; x_wconf 90' lang='lat' dir='ltr'><strong>primum</strong></span> <span class='ocrx_word' id='word_1_41' title='bbox 703 443 951 484; x_wconf 88' lang='lat' dir='ltr'><strong>conserendi</strong></span> <span class='ocrx_word' id='word_1_42' title='bbox 979 457 1150 484; x_wconf 90' lang='lat' dir='ltr'><strong>manum</strong></span> <span class='ocrx_word' id='word_1_43' title='bbox 1182 458 1279 484; x_wconf 91' lang='lat' dir='ltr'><strong>cum</strong></span> <span class='ocrx_word' id='word_1_44' title='bbox 1309 442 1429 484; x_wconf 88' lang='lat' dir='ltr'><strong>hoste</strong></span> <span class='ocrx_word' id='word_1_45' title='bbox 1454 443 1553 485; x_wconf 88' lang='lat' dir='ltr'><strong>data</strong></span> 
     </span>
     <span class='ocr_line' id='line_1_6' title="bbox 158 499 1552 556; baseline -0.001 -15"><span class='ocrx_word' id='word_1_46' title='bbox 158 499 320 541; x_wconf 87' lang='lat' dir='ltr'>occasio</span> <span class='ocrx_word' id='word_1_47' title='bbox 353 508 475 549; x_wconf 83' lang='lat' dir='ltr'><strong>esset,</strong></span> <span class='ocrx_word' id='word_1_48' title='bbox 504 508 576 540; x_wconf 89' lang='lat' dir='ltr'><strong>aut</strong></span> <span class='ocrx_word' id='word_1_49' title='bbox 602 500 777 541; x_wconf 88' lang='lat' dir='ltr'><strong>victoria</strong></span> <span class='ocrx_word' id='word_1_50' title='bbox 806 500 986 556; x_wconf 83' lang='lat' dir='ltr'><strong>egregia,</strong></span> <span class='ocrx_word' id='word_1_51' title='bbox 1019 508 1092 541; x_wconf 88' lang='lat' dir='ltr'><strong>aut</strong></span> <span class='ocrx_word' id='word_1_52' title='bbox 1124 509 1256 541; x_wconf 89' lang='lat' dir='ltr'><strong>morte</strong></span> <span class='ocrx_word' id='word_1_53' title='bbox 1289 500 1552 541; x_wconf 87' lang='lat' dir='ltr'><strong>memorabili</strong></span> 
     </span>
     <span class='ocr_line' id='line_1_7' title="bbox 157 555 1553 612; baseline -0.001 -14"><span class='ocrx_word' id='word_1_54' title='bbox 157 557 351 598; x_wconf 88' lang='lat' dir='ltr'><strong>finituros</strong></span> <span class='ocrx_word' id='word_1_55' title='bbox 370 555 540 597; x_wconf 91' lang='lat' dir='ltr'><strong>bellum.</strong></span> <span class='ocrx_word' id='word_1_56' title='bbox 603 556 782 598; x_wconf 88' lang='lat' dir='ltr'><strong>Perseus</strong></span> <span class='ocrx_word' id='word_1_57' title='bbox 803 572 973 612; x_wconf 88' lang='lat' dir='ltr'><strong>quoque</strong></span> <span class='ocrx_word' id='word_1_58' title='bbox 995 571 1141 612; x_wconf 88' lang='lat' dir='ltr'><strong>quum,</strong></span> <span class='ocrx_word' id='word_1_59' title='bbox 1164 556 1349 598; x_wconf 90' lang='lat' dir='ltr'><strong>adventu</strong></span> <span class='ocrx_word' id='word_1_60' title='bbox 1369 556 1553 597; x_wconf 87' lang='lat' dir='ltr'><strong>consulis</strong></span> 
     </span>
     <span class='ocr_line' id='line_1_8' title="bbox 157 612 1551 670; baseline -0.001 -15"><span class='ocrx_word' id='word_1_61' title='bbox 157 612 282 655; x_wconf 87' lang='lat' dir='ltr'><strong>simul</strong></span> <span class='ocrx_word' id='word_1_62' title='bbox 311 622 354 654; x_wconf 91' lang='lat' dir='ltr'><strong>et</strong></span> <span class='ocrx_word' id='word_1_63' title='bbox 383 613 491 654; x_wconf 87' lang='lat' dir='ltr'><strong>veris</strong></span> <span class='ocrx_word' id='word_1_64' title='bbox 523 613 744 670; x_wconf 90' lang='lat' dir='ltr'><strong>principio,</strong></span> <span class='ocrx_word' id='word_1_65' title='bbox 776 623 959 670; x_wconf 88' lang='lat' dir='ltr'><strong>strepere</strong></span> <span class='ocrx_word' id='word_1_66' title='bbox 991 614 1133 655; x_wconf 89' lang='lat' dir='ltr'><strong>omnia</strong></span> <span class='ocrx_word' id='word_1_67' title='bbox 1162 614 1406 669; x_wconf 87' lang='lat' dir='ltr'><strong>moverique</strong></span> <span class='ocrx_word' id='word_1_68' title='bbox 1438 614 1551 669; x_wconf 89' lang='lat' dir='ltr'><strong>apud</strong></span> 
     </span>
     <span class='ocr_line' id='line_1_9' title="bbox 158 669 1552 720; baseline 0 -9"><span class='ocrx_word' id='word_1_69' title='bbox 158 669 311 717; x_wconf 83' lang='lat' dir='ltr'><strong>hostes,</strong></span> <span class='ocrx_word' id='word_1_70' title='bbox 332 669 448 710; x_wconf 85' lang='lat' dir='ltr'><strong>velut</strong></span> <span class='ocrx_word' id='word_1_71' title='bbox 478 685 587 712; x_wconf 90' lang='lat' dir='ltr'><strong>novo</strong></span> <span class='ocrx_word' id='word_1_72' title='bbox 617 670 741 720; x_wconf 93' lang='lat' dir='ltr'><strong>bello,</strong></span> <span class='ocrx_word' id='word_1_73' title='bbox 768 680 971 719; x_wconf 91' lang='lat' dir='ltr'><strong>cerneret,</strong></span> <span class='ocrx_word' id='word_1_74' title='bbox 1003 679 1116 712; x_wconf 90' lang='lat' dir='ltr'><strong>mota</strong></span> <span class='ocrx_word' id='word_1_75' title='bbox 1145 685 1170 711; x_wconf 92' lang='lat' dir='ltr'><strong>a</strong></span> <span class='ocrx_word' id='word_1_76' title='bbox 1189 670 1314 712; x_wconf 91' lang='lat' dir='ltr'><strong>Phila</strong></span> <span class='ocrx_word' id='word_1_77' title='bbox 1343 680 1478 711; x_wconf 89' lang='lat' dir='ltr'><strong>castra</strong></span> <span class='ocrx_word' id='word_1_78' title='bbox 1507 671 1552 711; x_wconf 90' lang='lat' dir='ltr'><strong>in</strong></span> 
     </span>
     <span class='ocr_line' id='line_1_10' title="bbox 157 727 1553 784; baseline -0.001 -15"><span class='ocrx_word' id='word_1_79' title='bbox 157 727 330 769; x_wconf 83' lang='lat' dir='ltr'><strong>adversa</strong></span> <span class='ocrx_word' id='word_1_80' title='bbox 359 727 450 783; x_wconf 86' lang='lat' dir='ltr'><strong>ripa</strong></span> <span class='ocrx_word' id='word_1_81' title='bbox 478 728 626 784; x_wconf 87' lang='lat' dir='ltr'><strong>posita,</strong></span> <span class='ocrx_word' id='word_1_82' title='bbox 649 743 764 769; x_wconf 89' lang='lat' dir='ltr'><strong>nunc</strong></span> <span class='ocrx_word' id='word_1_83' title='bbox 791 728 845 768; x_wconf 91' lang='lat' dir='ltr'><strong>ad</strong></span> <span class='ocrx_word' id='word_1_84' title='bbox 873 727 1198 784; x_wconf 86' lang='lat' dir='ltr'><strong>contemplanda</strong></span> <span class='ocrx_word' id='word_1_85' title='bbox 1217 742 1346 783; x_wconf 87' lang='lat' dir='ltr'><strong>opera</strong></span> <span class='ocrx_word' id='word_1_86' title='bbox 1372 742 1446 768; x_wconf 87' lang='lat' dir='ltr'><strong>sua</strong></span> <span class='ocrx_word' id='word_1_87' title='bbox 1473 728 1553 769; x_wconf 89' lang='lat' dir='ltr'><strong>cir-</strong></span> 
     </span>
     <span class='ocr_line' id='line_1_11' title="bbox 157 784 1553 841; baseline 0 -16"><span class='ocrx_word' id='word_1_88' title='bbox 157 784 317 826; x_wconf 88' lang='lat' dir='ltr'><strong>cumire</strong></span> <span class='ocrx_word' id='word_1_89' title='bbox 338 784 504 834; x_wconf 90' lang='lat' dir='ltr'><strong>ducem,</strong></span> <span class='ocrx_word' id='word_1_90' title='bbox 522 784 637 826; x_wconf 90' lang='lat' dir='ltr'><strong>haud</strong></span> <span class='ocrx_word' id='word_1_91' title='bbox 657 784 784 826; x_wconf 89' lang='lat' dir='ltr'><strong>dubie</strong></span> <span class='ocrx_word' id='word_1_92' title='bbox 807 785 1004 826; x_wconf 81' lang='lat' dir='ltr'><strong>transitus</strong></span> <span class='ocrx_word' id='word_1_93' title='bbox 1024 784 1326 841; x_wconf 85' lang='lat' dir='ltr'><strong>speculantem,</strong></span> <span class='ocrx_word' id='word_1_94' title='bbox 1347 784 1482 840; x_wconf 92' lang='lat' dir='ltr'><strong>[nunc</strong></span> <span class='ocrx_word' id='word_1_95' title='bbox 1504 800 1553 825; x_wconf 88' lang='lat' dir='ltr'><strong>ea</strong></span> 
     </span>
     <span class='ocr_line' id='line_1_12' title="bbox 159 841 1552 898; baseline -0.001 -15"><span class='ocrx_word' id='word_1_96' title='bbox 159 841 301 883; x_wconf 91' lang='lat' dir='ltr'><strong>omnia</strong></span> <span class='ocrx_word' id='word_1_97' title='bbox 324 841 604 883; x_wconf 88' lang='lat' dir='ltr'><strong>intentissima</strong></span> <span class='ocrx_word' id='word_1_98' title='bbox 633 857 734 883; x_wconf 89' lang='lat' dir='ltr'><strong>cura</strong></span> <span class='ocrx_word' id='word_1_99' title='bbox 763 857 976 898; x_wconf 87' lang='lat' dir='ltr'><strong>apparare,</strong></span> <span class='ocrx_word' id='word_1_100' title='bbox 999 856 1107 898; x_wconf 89' lang='lat' dir='ltr'><strong>quae</strong></span> <span class='ocrx_word' id='word_1_101' title='bbox 1135 841 1189 883; x_wconf 91' lang='lat' dir='ltr'><strong>ad</strong></span> <span class='ocrx_word' id='word_1_102' title='bbox 1210 842 1294 882; x_wconf 88' lang='lat' dir='ltr'><strong>vim</strong></span> <span class='ocrx_word' id='word_1_103' title='bbox 1315 841 1552 883; x_wconf 87' lang='lat' dir='ltr'><strong>faciendam</strong></span> 
     </span>
     <span class='ocr_line' id='line_1_13' title="bbox 159 898 1550 955; baseline -0.001 -15"><span class='ocrx_word' id='word_1_104' title='bbox 159 898 529 954; x_wconf 86' lang='lat' dir='ltr'><strong>oppugnandaque</strong></span> <span class='ocrx_word' id='word_1_105' title='bbox 563 907 696 940; x_wconf 84' lang='lat' dir='ltr'><strong>castra</strong></span> <span class='ocrx_word' id='word_1_106' title='bbox 727 900 822 940; x_wconf 91' lang='lat' dir='ltr'><strong>usui</strong></span> <span class='ocrx_word' id='word_1_107' title='bbox 855 914 942 940; x_wconf 87' lang='lat' dir='ltr'><strong>esse</strong></span> <span class='ocrx_word' id='word_1_108' title='bbox 975 907 1169 955; x_wconf 85' lang='lat' dir='ltr'><strong>possent3</strong></span> <span class='ocrx_word' id='word_1_109' title='bbox 1204 898 1312 939; x_wconf 90' lang='lat' dir='ltr'><strong>nihil</strong></span> <span class='ocrx_word' id='word_1_110' title='bbox 1343 898 1550 948; x_wconf 89' lang='lat' dir='ltr'><strong>omittere,</strong></span> 
     </span>
     <span class='ocr_line' id='line_1_14' title="bbox 159 955 1553 1012; baseline 0 -16"><span class='ocrx_word' id='word_1_111' title='bbox 159 955 276 1012; x_wconf 91' lang='lat' dir='ltr'><strong>quod</strong></span> <span class='ocrx_word' id='word_1_112' title='bbox 307 956 393 996; x_wconf 90' lang='lat' dir='ltr'><strong>sive</strong></span> <span class='ocrx_word' id='word_1_113' title='bbox 424 955 621 997; x_wconf 84' lang='lat' dir='ltr'><strong>adversus</strong></span> <span class='ocrx_word' id='word_1_114' title='bbox 660 956 837 1005; x_wconf 87' lang='lat' dir='ltr'><strong>hostem,</strong></span> <span class='ocrx_word' id='word_1_115' title='bbox 869 956 954 997; x_wconf 91' lang='lat' dir='ltr'><strong>sive</strong></span> <span class='ocrx_word' id='word_1_116' title='bbox 991 955 1044 997; x_wconf 90' lang='lat' dir='ltr'><strong>ad</strong></span> <span class='ocrx_word' id='word_1_117' title='bbox 1071 970 1255 997; x_wconf 73' lang='lat' dir='ltr'><strong>,suorum</strong></span> <span class='ocrx_word' id='word_1_118' title='bbox 1295 955 1553 997; x_wconf 82' lang='lat' dir='ltr'><strong>adiuvandas</strong></span> 
     </span>
     <span class='ocr_line' id='line_1_15' title="bbox 158 1012 1552 1069; baseline 0.001 -16"><span class='ocrx_word' id='word_1_119' title='bbox 158 1012 266 1054; x_wconf 88' lang='lat' dir='ltr'><strong>vires</strong></span> <span class='ocrx_word' id='word_1_120' title='bbox 296 1027 449 1068; x_wconf 84' lang='lat' dir='ltr'><strong>magno</strong></span> <span class='ocrx_word' id='word_1_121' title='bbox 477 1012 575 1054; x_wconf 90' lang='lat' dir='ltr'><strong>duci</strong></span> <span class='ocrx_word' id='word_1_122' title='bbox 606 1013 846 1054; x_wconf 87' lang='lat' dir='ltr'><strong>conandum</strong></span> <span class='ocrx_word' id='word_1_123' title='bbox 874 1013 1199 1069; x_wconf 83' lang='lat' dir='ltr'><strong>faciendumque</strong></span> <span class='ocrx_word' id='word_1_124' title='bbox 1221 1022 1352 1055; x_wconf 89' lang='lat' dir='ltr'><strong>esset:</strong></span> <span class='ocrx_word' id='word_1_125' title='bbox 1386 1022 1428 1054; x_wconf 89' lang='lat' dir='ltr'><strong>et</strong></span> <span class='ocrx_word' id='word_1_126' title='bbox 1450 1013 1552 1068; x_wconf 89' lang='lat' dir='ltr'><strong>ipse,</strong></span> 
     </span>
     <span class='ocr_line' id='line_1_16' title="bbox 159 1069 1552 1126; baseline 0 -16"><span class='ocrx_word' id='word_1_127' title='bbox 159 1077 361 1126; x_wconf 88' lang='lat' dir='ltr'><strong>tanquam</strong></span> <span class='ocrx_word' id='word_1_128' title='bbox 397 1069 442 1110; x_wconf 93' lang='lat' dir='ltr'><strong>in</strong></span> <span class='ocrx_word' id='word_1_129' title='bbox 473 1084 660 1110; x_wconf 89' lang='lat' dir='ltr'><strong>summae</strong></span> <span class='ocrx_word' id='word_1_130' title='bbox 691 1070 751 1110; x_wconf 91' lang='lat' dir='ltr'><strong>rei</strong></span> <span class='ocrx_word' id='word_1_131' title='bbox 784 1070 867 1110; x_wconf 87' lang='lat' dir='ltr'><strong>iam</strong></span> <span class='ocrx_word' id='word_1_132' title='bbox 900 1070 1125 1111; x_wconf 88' lang='lat' dir='ltr'><strong>discrimen</strong></span> <span class='ocrx_word' id='word_1_133' title='bbox 1156 1081 1370 1119; x_wconf 89' lang='lat' dir='ltr'><strong>venturus,</strong></span> <span class='ocrx_word' id='word_1_134' title='bbox 1401 1084 1552 1111; x_wconf 85' lang='lat' dir='ltr'><strong>acuere</strong></span> 
     </span>
     <span class='ocr_line' id='line_1_17' title="bbox 158 1125 1553 1182; baseline 0 -15"><span class='ocrx_word' id='word_1_135' title='bbox 158 1125 341 1167; x_wconf 90' lang='lat' dir='ltr'><strong>militum</strong></span> <span class='ocrx_word' id='word_1_136' title='bbox 371 1126 546 1175; x_wconf 84' lang='lat' dir='ltr'><strong>animos,</strong></span> <span class='ocrx_word' id='word_1_137' title='bbox 567 1126 732 1167; x_wconf 87' lang='lat' dir='ltr'><strong>firmare</strong></span> <span class='ocrx_word' id='word_1_138' title='bbox 764 1141 892 1182; x_wconf 90' lang='lat' dir='ltr'><strong>opera</strong></span> <span class='ocrx_word' id='word_1_139' title='bbox 922 1127 1054 1182; x_wconf 84' lang='lat' dir='ltr'><strong>magis</strong></span> <span class='ocrx_word' id='word_1_140' title='bbox 1084 1141 1131 1167; x_wconf 88' lang='lat' dir='ltr'><strong>ac</strong></span> <span class='ocrx_word' id='word_1_141' title='bbox 1162 1126 1306 1181; x_wconf 88' lang='lat' dir='ltr'><strong>magis,</strong></span> <span class='ocrx_word' id='word_1_142' title='bbox 1333 1141 1553 1182; x_wconf 87' lang='lat' dir='ltr'><strong>nunquam</strong></span> 
     </span>
     <span class='ocr_line' id='line_1_18' title="bbox 158 1183 1550 1239; baseline -0.001 -15"><span class='ocrx_word' id='word_1_143' title='bbox 158 1183 258 1224; x_wconf 86' lang='lat' dir='ltr'><strong>satis</strong></span> <span class='ocrx_word' id='word_1_144' title='bbox 276 1183 441 1239; x_wconf 87' lang='lat' dir='ltr'><strong>provisa</strong></span> <span class='ocrx_word' id='word_1_145' title='bbox 460 1183 614 1232; x_wconf 85' lang='lat' dir='ltr'><strong>omnia,</strong></span> <span class='ocrx_word' id='word_1_146' title='bbox 629 1183 726 1224; x_wconf 90' lang='lat' dir='ltr'><strong>satis</strong></span> <span class='ocrx_word' id='word_1_147' title='bbox 747 1192 880 1224; x_wconf 91' lang='lat' dir='ltr'><strong>tutam</strong></span> <span class='ocrx_word' id='word_1_148' title='bbox 902 1183 1194 1239; x_wconf 87' lang='lat' dir='ltr'><strong>munitamque</strong></span> <span class='ocrx_word' id='word_1_149' title='bbox 1214 1183 1347 1238; x_wconf 89' lang='lat' dir='ltr'><strong>ripam</strong></span> <span class='ocrx_word' id='word_1_150' title='bbox 1367 1183 1550 1224; x_wconf 89' lang='lat' dir='ltr'><strong>credere.</strong></span> 
     </span>
     <span class='ocr_line' id='line_1_19' title="bbox 160 1239 1552 1296; baseline -0.001 -15"><span class='ocrx_word' id='word_1_151' title='bbox 160 1239 325 1282; x_wconf 89' lang='lat' dir='ltr'><strong>Tamen</strong></span> <span class='ocrx_word' id='word_1_152' title='bbox 346 1240 391 1280; x_wconf 93' lang='lat' dir='ltr'><strong>in</strong></span> <span class='ocrx_word' id='word_1_153' title='bbox 411 1240 613 1281; x_wconf 90' lang='lat' dir='ltr'><strong>acerrimo</strong></span> <span class='ocrx_word' id='word_1_154' title='bbox 632 1240 844 1296; x_wconf 87' lang='lat' dir='ltr'><strong>utrimque</strong></span> <span class='ocrx_word' id='word_1_155' title='bbox 867 1240 1014 1281; x_wconf 90' lang='lat' dir='ltr'><strong>ardore</strong></span> <span class='ocrx_word' id='word_1_156' title='bbox 1031 1240 1175 1296; x_wconf 90' lang='lat' dir='ltr'><strong>quieta</strong></span> <span class='ocrx_word' id='word_1_157' title='bbox 1195 1254 1270 1295; x_wconf 88' lang='lat' dir='ltr'><strong>per</strong></span> <span class='ocrx_word' id='word_1_158' title='bbox 1289 1239 1552 1295; x_wconf 87' lang='lat' dir='ltr'><strong>aliquantum</strong></span> 
     </span>
     <span class='ocr_line' id='line_1_20' title="bbox 160 1297 1554 1354; baseline -0.001 -16"><span class='ocrx_word' id='word_1_159' title='bbox 160 1297 361 1354; x_wconf 86' lang='lat' dir='ltr'><strong>temporis</strong></span> <span class='ocrx_word' id='word_1_160' title='bbox 391 1297 540 1338; x_wconf 82' lang='lat' dir='ltr'><strong>stativa</strong></span> <span class='ocrx_word' id='word_1_161' title='bbox 568 1297 708 1338; x_wconf 89' lang='lat' dir='ltr'><strong>fuere:</strong></span> <span class='ocrx_word' id='word_1_162' title='bbox 742 1312 821 1339; x_wconf 91' lang='lat' dir='ltr'><strong>nec</strong></span> <span class='ocrx_word' id='word_1_163' title='bbox 847 1312 1035 1354; x_wconf 91' lang='lat' dir='ltr'><strong>unquam</strong></span> <span class='ocrx_word' id='word_1_164' title='bbox 1064 1306 1201 1338; x_wconf 85' lang='lat' dir='ltr'><strong>tantos</strong></span> <span class='ocrx_word' id='word_1_165' title='bbox 1229 1297 1437 1337; x_wconf 84' lang='lat' dir='ltr'><strong>exercitus</strong></span> <span class='ocrx_word' id='word_1_166' title='bbox 1469 1305 1554 1337; x_wconf 86' lang='lat' dir='ltr'><strong>tam</strong></span> 
     </span>
     <span class='ocr_line' id='line_1_21' title="bbox 160 1353 1553 1411; baseline -0.001 -16"><span class='ocrx_word' id='word_1_167' title='bbox 160 1354 205 1396; x_wconf 92' lang='lat' dir='ltr'><strong>in</strong></span> <span class='ocrx_word' id='word_1_168' title='bbox 234 1354 519 1411; x_wconf 89' lang='lat' dir='ltr'><strong>propinquum</strong></span> <span class='ocrx_word' id='word_1_169' title='bbox 552 1354 712 1396; x_wconf 88' lang='lat' dir='ltr'><strong>collatis</strong></span> <span class='ocrx_word' id='word_1_170' title='bbox 744 1354 887 1396; x_wconf 88' lang='lat' dir='ltr'><strong>castris</strong></span> <span class='ocrx_word' id='word_1_171' title='bbox 921 1363 1005 1395; x_wconf 89' lang='lat' dir='ltr'><strong>tam</strong></span> <span class='ocrx_word' id='word_1_172' title='bbox 1039 1353 1285 1410; x_wconf 88' lang='lat' dir='ltr'><strong>tranquillos</strong></span> <span class='ocrx_word' id='word_1_173' title='bbox 1316 1353 1553 1395; x_wconf 85' lang='lat' dir='ltr'><strong>consedisse</strong></span> 
     </span>
     <span class='ocr_line' id='line_1_22' title="bbox 159 1410 1555 1468; baseline -0.001 -16"><span class='ocrx_word' id='word_1_174' title='bbox 159 1412 386 1453; x_wconf 90' lang='lat' dir='ltr'><strong>memoriae</strong></span> <span class='ocrx_word' id='word_1_175' title='bbox 414 1411 629 1468; x_wconf 91' lang='lat' dir='ltr'><strong>proditum</strong></span> <span class='ocrx_word' id='word_1_176' title='bbox 651 1420 724 1452; x_wconf 84' lang='lat' dir='ltr'><strong>est.</strong></span> <span class='ocrx_word' id='word_1_177' title='bbox 787 1411 964 1453; x_wconf 87' lang='lat' dir='ltr'><strong>Interim</strong></span> <span class='ocrx_word' id='word_1_178' title='bbox 985 1411 1096 1452; x_wconf 89' lang='lat' dir='ltr'><strong>fama</strong></span> <span class='ocrx_word' id='word_1_179' title='bbox 1115 1411 1297 1460; x_wconf 89' lang='lat' dir='ltr'><strong>nuntiat,</strong></span> <span class='ocrx_word' id='word_1_180' title='bbox 1319 1411 1477 1452; x_wconf 89' lang='lat' dir='ltr'><strong>victum</strong></span> <span class='ocrx_word' id='word_1_181' title='bbox 1509 1410 1555 1450; x_wconf 89' lang='lat' dir='ltr'><strong>in</strong></span> 
     </span>
     <span class='ocr_line' id='line_1_23' title="bbox 160 1467 1554 1526; baseline -0.002 -15"><span class='ocrx_word' id='word_1_182' title='bbox 160 1467 331 1526; x_wconf 82' lang='lat' dir='ltr'><strong>Dlyrico</strong></span> <span class='ocrx_word' id='word_1_183' title='bbox 369 1467 577 1510; x_wconf 88' lang='lat' dir='ltr'><strong>Gentium</strong></span> <span class='ocrx_word' id='word_1_184' title='bbox 616 1483 759 1525; x_wconf 84' lang='lat' dir='ltr'><strong>regem</strong></span> <span class='ocrx_word' id='word_1_185' title='bbox 800 1469 852 1510; x_wconf 87' lang='lat' dir='ltr'><strong>ab</strong></span> <span class='ocrx_word' id='word_1_186' title='bbox 890 1468 1045 1509; x_wconf 93' lang='lat' dir='ltr'><strong>Anicio</strong></span> <span class='ocrx_word' id='word_1_187' title='bbox 1086 1476 1289 1524; x_wconf 89' lang='lat' dir='ltr'><strong>praetore,</strong></span> <span class='ocrx_word' id='word_1_188' title='bbox 1331 1468 1554 1524; x_wconf 90' lang='lat' dir='ltr'><strong>ipsumque</strong></span> 
     </span>
     <span class='ocr_line' id='line_1_24' title="bbox 160 1523 1553 1581; baseline -0.001 -14"><span class='ocrx_word' id='word_1_189' title='bbox 160 1541 258 1568; x_wconf 91' lang='lat' dir='ltr'><strong>eum</strong></span> <span class='ocrx_word' id='word_1_190' title='bbox 288 1525 415 1567; x_wconf 91' lang='lat' dir='ltr'><strong>domo</strong></span> <span class='ocrx_word' id='word_1_191' title='bbox 451 1534 538 1567; x_wconf 89' lang='lat' dir='ltr'><strong>tota</strong></span> <span class='ocrx_word' id='word_1_192' title='bbox 571 1535 615 1567; x_wconf 92' lang='lat' dir='ltr'><strong>et</strong></span> <span class='ocrx_word' id='word_1_193' title='bbox 650 1526 844 1567; x_wconf 79' lang='lat' dir='ltr'><strong>universa</strong></span> <span class='ocrx_word' id='word_1_194' title='bbox 873 1525 1033 1567; x_wconf 90' lang='lat' dir='ltr'><strong>ditione</strong></span> <span class='ocrx_word' id='word_1_195' title='bbox 1064 1525 1109 1566; x_wconf 92' lang='lat' dir='ltr'><strong>in</strong></span> <span class='ocrx_word' id='word_1_196' title='bbox 1139 1533 1346 1581; x_wconf 87' lang='lat' dir='ltr'><strong>potestate</strong></span> <span class='ocrx_word' id='word_1_197' title='bbox 1375 1523 1553 1580; x_wconf 88' lang='lat' dir='ltr'><strong>Roma-]</strong></span> 
     </span>
     <span class='ocr_line' id='line_1_25' title="bbox 161 1581 1699 1632; baseline -0.001 -8"><span class='ocrx_word' id='word_1_198' title='bbox 161 1597 312 1624; x_wconf 91' lang='lat' dir='ltr'><strong>norum</strong></span> <span class='ocrx_word' id='word_1_199' title='bbox 333 1597 435 1624; x_wconf 88' lang='lat' dir='ltr'><strong>esse.</strong></span> <span class='ocrx_word' id='word_1_200' title='bbox 501 1582 622 1631; x_wconf 85' lang='lat' dir='ltr'><strong>Quae</strong></span> <span class='ocrx_word' id='word_1_201' title='bbox 644 1597 709 1624; x_wconf 89' lang='lat' dir='ltr'><strong>res</strong></span> <span class='ocrx_word' id='word_1_202' title='bbox 732 1583 934 1624; x_wconf 89' lang='lat' dir='ltr'><strong>Romanis</strong></span> <span class='ocrx_word' id='word_1_203' title='bbox 959 1583 1078 1623; x_wconf 80' lang='lat' dir='ltr'><strong>auxit</strong></span> <span class='ocrx_word' id='word_1_204' title='bbox 1107 1582 1282 1632; x_wconf 87' lang='lat' dir='ltr'><strong>animos,</strong></span> <span class='ocrx_word' id='word_1_205' title='bbox 1305 1581 1556 1623; x_wconf 85' lang='lat' dir='ltr'><strong>Macedoni·</strong></span> <span class='ocrx_word' id='word_1_206' title='bbox 1632 1592 1699 1631; x_wconf 77' lang='lat'><strong>35,</strong></span> 
     </span>
     <span class='ocr_line' id='line_1_26' title="bbox 161 1638 1557 1696; baseline -0.002 -14"><span class='ocrx_word' id='word_1_207' title='bbox 161 1641 240 1682; x_wconf 90' lang='lat' dir='ltr'><strong>bus</strong></span> <span class='ocrx_word' id='word_1_208' title='bbox 261 1640 433 1696; x_wconf 88' lang='lat' dir='ltr'><strong>regique</strong></span> <span class='ocrx_word' id='word_1_209' title='bbox 454 1654 600 1681; x_wconf 87' lang='lat' dir='ltr'><strong>eorum</strong></span> <span class='ocrx_word' id='word_1_210' title='bbox 629 1639 743 1681; x_wconf 92' lang='lat' dir='ltr'><strong>haud</strong></span> <span class='ocrx_word' id='word_1_211' title='bbox 770 1639 1026 1681; x_wconf 88' lang='lat' dir='ltr'><strong>mediocrem</strong></span> <span class='ocrx_word' id='word_1_212' title='bbox 1055 1639 1195 1680; x_wconf 88' lang='lat' dir='ltr'><strong>attulit</strong></span> <span class='ocrx_word' id='word_1_213' title='bbox 1222 1649 1435 1680; x_wconf 90' lang='lat' dir='ltr'><strong>terrorem.</strong></span> <span class='ocrx_word' id='word_1_214' title='bbox 1500 1638 1557 1680; x_wconf 91' lang='lat' dir='ltr'><strong>Et</strong></span> 
     </span>
     <span class='ocr_line' id='line_1_27' title="bbox 162 1696 1556 1762; baseline -0.001 -24"><span class='ocrx_word' id='word_1_215' title='bbox 162 1698 298 1754; x_wconf 91' lang='lat' dir='ltr'><strong>primo</strong></span> <span class='ocrx_word' id='word_1_216' title='bbox 325 1697 585 1762; x_wconf 88' lang='lat' dir='ltr'><strong>supprimere</strong></span> <span class='ocrx_word' id='word_1_217' title='bbox 615 1696 659 1737; x_wconf 92' lang='lat' dir='ltr'><strong>in</strong></span> <span class='ocrx_word' id='word_1_218' title='bbox 690 1696 856 1737; x_wconf 92' lang='lat' dir='ltr'><strong>occulto</strong></span> <span class='ocrx_word' id='word_1_219' title='bbox 880 1696 1033 1737; x_wconf 89' lang='lat' dir='ltr'><strong>famam</strong></span> <span class='ocrx_word' id='word_1_220' title='bbox 1064 1696 1154 1737; x_wconf 90' lang='lat' dir='ltr'><strong>eius</strong></span> <span class='ocrx_word' id='word_1_221' title='bbox 1185 1696 1246 1738; x_wconf 93' lang='lat' dir='ltr'><strong>rei</strong></span> <span class='ocrx_word' id='word_1_222' title='bbox 1275 1705 1338 1737; x_wconf 91' lang='lat' dir='ltr'><strong>est</strong></span> <span class='ocrx_word' id='word_1_223' title='bbox 1368 1704 1556 1745; x_wconf 88' lang='lat' dir='ltr'><strong>conatus,</strong></span> 
     </span>
     <span class='ocr_line' id='line_1_28' title="bbox 163 1753 1557 1811; baseline -0.001 -15"><span class='ocrx_word' id='word_1_224' title='bbox 163 1755 309 1804; x_wconf 83' lang='lat' dir='ltr'><strong>missis,</strong></span> <span class='ocrx_word' id='word_1_225' title='bbox 349 1769 423 1811; x_wconf 80' lang='lat' dir='ltr'><strong>qul</strong></span> <span class='ocrx_word' id='word_1_226' title='bbox 464 1753 759 1795; x_wconf 82' lang='lat' dir='ltr'><strong>Pantauchum</strong></span> <span class='ocrx_word' id='word_1_227' title='bbox 800 1753 898 1794; x_wconf 91' lang='lat' dir='ltr'><strong>inde</strong></span> <span class='ocrx_word' id='word_1_228' title='bbox 940 1753 1179 1794; x_wconf 88' lang='lat' dir='ltr'><strong>venientem</strong></span> <span class='ocrx_word' id='word_1_229' title='bbox 1219 1753 1557 1809; x_wconf 89' lang='lat' dir='ltr'><strong>appropinquare</strong></span> 
     </span>
     <span class='ocr_line' id='line_1_29' title="bbox 131 1809 1559 1866; baseline -0.003 -11"><span class='ocrx_word' id='word_1_230' title='bbox 131 1812 306 1856; x_wconf 77' lang='lat' dir='ltr'><strong>4castris</strong></span> <span class='ocrx_word' id='word_1_231' title='bbox 321 1821 523 1852; x_wconf 88' lang='lat' dir='ltr'><strong>vetarent.</strong></span> <span class='ocrx_word' id='word_1_232' title='bbox 572 1810 656 1852; x_wconf 88' lang='lat' dir='ltr'><strong>Sed</strong></span> <span class='ocrx_word' id='word_1_233' title='bbox 678 1810 760 1852; x_wconf 89' lang='lat' dir='ltr'><strong>iam</strong></span> <span class='ocrx_word' id='word_1_234' title='bbox 782 1820 825 1851; x_wconf 92' lang='lat' dir='ltr'><strong>et</strong></span> <span class='ocrx_word' id='word_1_235' title='bbox 846 1810 963 1866; x_wconf 90' lang='lat' dir='ltr'><strong>pueri</strong></span> <span class='ocrx_word' id='word_1_236' title='bbox 978 1810 1150 1866; x_wconf 84' lang='lat' dir='ltr'><strong>quidam</strong></span> <span class='ocrx_word' id='word_1_237' title='bbox 1168 1810 1243 1850; x_wconf 88' lang='lat' dir='ltr'><strong>visi</strong></span> <span class='ocrx_word' id='word_1_238' title='bbox 1264 1810 1316 1851; x_wconf 91' lang='lat' dir='ltr'><strong>ab</strong></span> <span class='ocrx_word' id='word_1_239' title='bbox 1337 1809 1422 1850; x_wconf 88' lang='lat' dir='ltr'><strong>suis</strong></span> <span class='ocrx_word' id='word_1_240' title='bbox 1438 1818 1559 1851; x_wconf 90' lang='lat' dir='ltr'><strong>erant</strong></span> 
     </span>
     <span class='ocr_line' id='line_1_30' title="bbox 162 1867 1559 1924; baseline -0.002 -14"><span class='ocrx_word' id='word_1_241' title='bbox 162 1869 275 1911; x_wconf 88' lang='lat' dir='ltr'><strong>inter</strong></span> <span class='ocrx_word' id='word_1_242' title='bbox 309 1868 475 1910; x_wconf 87' lang='lat' dir='ltr'><strong>obsides</strong></span> <span class='ocrx_word' id='word_1_243' title='bbox 507 1867 672 1924; x_wconf 87' lang='lat' dir='ltr'><strong>Illyrios</strong></span> <span class='ocrx_word' id='word_1_244' title='bbox 707 1867 847 1908; x_wconf 89' lang='lat' dir='ltr'><strong>ducti:</strong></span> <span class='ocrx_word' id='word_1_245' title='bbox 887 1877 941 1916; x_wconf 87' lang='lat' dir='ltr'><strong>et,</strong></span> <span class='ocrx_word' id='word_1_246' title='bbox 975 1883 1060 1923; x_wconf 93' lang='lat' dir='ltr'><strong>quo</strong></span> <span class='ocrx_word' id='word_1_247' title='bbox 1097 1881 1290 1923; x_wconf 89' lang='lat' dir='ltr'><strong>quaeque</strong></span> <span class='ocrx_word' id='word_1_248' title='bbox 1326 1867 1559 1908; x_wconf 86' lang='lat' dir='ltr'><strong>accuratius</strong></span> 
     </span>
     <span class='ocr_line' id='line_1_31' title="bbox 163 1923 1558 1980; baseline -0.003 -12"><span class='ocrx_word' id='word_1_249' title='bbox 163 1925 365 1974; x_wconf 84' lang='lat' dir='ltr'><strong>celantur,</strong></span> <span class='ocrx_word' id='word_1_250' title='bbox 408 1940 459 1966; x_wconf 89' lang='lat' dir='ltr'><strong>co</strong></span> <span class='ocrx_word' id='word_1_251' title='bbox 502 1924 664 1966; x_wconf 88' lang='lat' dir='ltr'><strong>facilius</strong></span> <span class='ocrx_word' id='word_1_252' title='bbox 711 1923 965 1980; x_wconf 83' lang='lat' dir='ltr'><strong>loquacitate</strong></span> <span class='ocrx_word' id='word_1_253' title='bbox 1014 1924 1222 1980; x_wconf 89' lang='lat' dir='ltr'><strong>regiorum</strong></span> <span class='ocrx_word' id='word_1_254' title='bbox 1270 1924 1558 1965; x_wconf 88' lang='lat' dir='ltr'><strong>ministrorum</strong></span> 
     </span>
     <span class='ocr_line' id='line_1_32' title="bbox 163 1991 373 2026; baseline -0.01 0"><span class='ocrx_word' id='word_1_255' title='bbox 163 1991 373 2026; x_wconf 88' lang='lat' dir='ltr'><strong>emanant.</strong></span> 
     </span>
     <span class='ocr_line' id='line_1_33' title="bbox 224 2038 1559 2095; baseline -0.003 -13"><span class='ocrx_word' id='word_1_256' title='bbox 224 2040 312 2082; x_wconf 92' lang='lat' dir='ltr'><strong>Sub</strong></span> <span class='ocrx_word' id='word_1_257' title='bbox 334 2039 446 2081; x_wconf 91' lang='lat' dir='ltr'><strong>idem</strong></span> <span class='ocrx_word' id='word_1_258' title='bbox 468 2048 634 2095; x_wconf 91' lang='lat' dir='ltr'><strong>tempus</strong></span> <span class='ocrx_word' id='word_1_259' title='bbox 656 2038 817 2080; x_wconf 86' lang='lat' dir='ltr'><strong>Rhodii</strong></span> <span class='ocrx_word' id='word_1_260' title='bbox 849 2039 975 2095; x_wconf 82' lang='lat' dir='ltr'><strong>legati</strong></span> <span class='ocrx_word' id='word_1_261' title='bbox 1007 2039 1050 2079; x_wconf 92' lang='lat' dir='ltr'><strong>in</strong></span> <span class='ocrx_word' id='word_1_262' title='bbox 1081 2047 1215 2080; x_wconf 87' lang='lat' dir='ltr'><strong>castra</strong></span> <span class='ocrx_word' id='word_1_263' title='bbox 1235 2046 1441 2079; x_wconf 88' lang='lat' dir='ltr'><strong>venerunt</strong></span> <span class='ocrx_word' id='word_1_264' title='bbox 1462 2053 1559 2079; x_wconf 90' lang='lat' dir='ltr'><strong>cum</strong></span> 
     </span>
     <span class='ocr_line' id='line_1_34' title="bbox 163 2095 1560 2153; baseline -0.003 -14"><span class='ocrx_word' id='word_1_265' title='bbox 163 2097 312 2139; x_wconf 86' lang='lat' dir='ltr'><strong>iisdem</strong></span> <span class='ocrx_word' id='word_1_266' title='bbox 334 2097 387 2138; x_wconf 91' lang='lat' dir='ltr'><strong>de</strong></span> <span class='ocrx_word' id='word_1_267' title='bbox 409 2112 512 2153; x_wconf 90' lang='lat' dir='ltr'><strong>pace</strong></span> <span class='ocrx_word' id='word_1_268' title='bbox 539 2096 757 2146; x_wconf 88' lang='lat' dir='ltr'><strong>mandatis,</strong></span> <span class='ocrx_word' id='word_1_269' title='bbox 780 2111 887 2152; x_wconf 88' lang='lat' dir='ltr'><strong>quae</strong></span> <span class='ocrx_word' id='word_1_270' title='bbox 913 2096 1074 2137; x_wconf 85' lang='lat' dir='ltr'><strong>Romae</strong></span> <span class='ocrx_word' id='word_1_271' title='bbox 1106 2096 1322 2152; x_wconf 84' lang='lat' dir='ltr'><strong>ingentem</strong></span> <span class='ocrx_word' id='word_1_272' title='bbox 1354 2095 1456 2136; x_wconf 87' lang='lat' dir='ltr'><strong>iram</strong></span> <span class='ocrx_word' id='word_1_273' title='bbox 1479 2095 1560 2136; x_wconf 88' lang='lat' dir='ltr'><strong>Pa-</strong></span> 
     </span>
     <span class='ocr_line' id='line_1_35' title="bbox 164 2152 1559 2210; baseline -0.004 -13"><span class='ocrx_word' id='word_1_274' title='bbox 164 2164 275 2197; x_wconf 87' lang='lat' dir='ltr'><strong>trum</strong></span> <span class='ocrx_word' id='word_1_275' title='bbox 310 2154 557 2196; x_wconf 83' lang='lat' dir='ltr'><strong>excitavere.</strong></span> <span class='ocrx_word' id='word_1_276' title='bbox 627 2152 770 2194; x_wconf 91' lang='lat' dir='ltr'><strong>Multo</strong></span> <span class='ocrx_word' id='word_1_277' title='bbox 803 2153 1082 2210; x_wconf 86' lang='lat' dir='ltr'><strong>iniquioribus</strong></span> <span class='ocrx_word' id='word_1_278' title='bbox 1116 2153 1267 2194; x_wconf 89' lang='lat' dir='ltr'><strong>animis</strong></span> <span class='ocrx_word' id='word_1_279' title='bbox 1301 2168 1325 2194; x_wconf 90' lang='lat' dir='ltr'><strong>a</strong></span> <span class='ocrx_word' id='word_1_280' title='bbox 1359 2152 1559 2193; x_wconf 85' lang='lat' dir='ltr'><strong>castrensi</strong></span> 
     </span>
     <span class='ocr_line' id='line_1_36' title="bbox 133 2209 1559 2267; baseline -0.003 -13"><span class='ocrx_word' id='word_1_281' title='bbox 133 2211 338 2260; x_wconf 72' lang='lat' dir='ltr'><strong>sconsilio</strong></span> <span class='ocrx_word' id='word_1_282' title='bbox 374 2211 507 2253; x_wconf 89' lang='lat' dir='ltr'><strong>auditi</strong></span> <span class='ocrx_word' id='word_1_283' title='bbox 540 2220 648 2252; x_wconf 87' lang='lat' dir='ltr'><strong>sunt.</strong></span> <span class='ocrx_word' id='word_1_284' title='bbox 712 2210 861 2267; x_wconf 87' lang='lat' dir='ltr'><strong>Itaque</strong></span> <span class='ocrx_word' id='word_1_285' title='bbox 898 2225 1031 2266; x_wconf 91' lang='lat' dir='ltr'><strong>quum</strong></span> <span class='ocrx_word' id='word_1_286' title='bbox 1071 2210 1141 2251; x_wconf 90' lang='lat' dir='ltr'><strong>alii</strong></span> <span class='ocrx_word' id='word_1_287' title='bbox 1182 2210 1430 2266; x_wconf 90' lang='lat' dir='ltr'><strong>praecipites</strong></span> <span class='ocrx_word' id='word_1_288' title='bbox 1470 2209 1559 2250; x_wconf 86' lang='lat' dir='ltr'><strong>sine</strong></span> 
     </span>
     <span class='ocr_line' id='line_1_37' title="bbox 163 2267 1562 2326; baseline -0.003 -15"><span class='ocrx_word' id='word_1_289' title='bbox 163 2284 362 2326; x_wconf 86' lang='lat' dir='ltr'><strong>responso</strong></span> <span class='ocrx_word' id='word_1_290' title='bbox 394 2269 415 2290; x_wconf 74' lang='lat'><strong>¹*</strong></span> <span class='ocrx_word' id='word_1_291' title='bbox 447 2268 633 2324; x_wconf 84' lang='lat' dir='ltr'><strong>agendos</strong></span> <span class='ocrx_word' id='word_1_292' title='bbox 663 2268 817 2317; x_wconf 85' lang='lat' dir='ltr'><strong>castris,</strong></span> <span class='ocrx_word' id='word_1_293' title='bbox 844 2267 1146 2324; x_wconf 89' lang='lat' dir='ltr'><strong>pronuntiavit,</strong></span> <span class='ocrx_word' id='word_1_294' title='bbox 1183 2276 1263 2308; x_wconf 79' lang='lat' dir='ltr'><strong>)ost</strong></span> <span class='ocrx_word' id='word_1_295' title='bbox 1290 2267 1403 2308; x_wconf 88' lang='lat' dir='ltr'><strong>diem</strong></span> <span class='ocrx_word' id='word_1_296' title='bbox 1436 2267 1562 2322; x_wconf 84' lang='lat' dir='ltr'><strong>quin—</strong></span> 
     </span>
     <span class='ocr_line' id='line_1_38' title="bbox 165 2282 1561 2380; baseline -0.003 -12"><span class='ocrx_word' id='word_1_297' title='bbox 165 2335 254 2368; x_wconf 86' lang='lat' dir='ltr'><strong>tum</strong></span> <span class='ocrx_word' id='word_1_298' title='bbox 284 2326 498 2368; x_wconf 90' lang='lat' dir='ltr'><strong>decimum</strong></span> <span class='ocrx_word' id='word_1_299' title='bbox 527 2340 571 2366; x_wconf 84' lang='lat' dir='ltr'><strong>sc</strong></span> <span class='ocrx_word' id='word_1_300' title='bbox 603 2340 849 2380; x_wconf 85' lang='lat' dir='ltr'><strong>responsum</strong></span> <span class='ocrx_word' id='word_1_301' title='bbox 880 2325 1090 2366; x_wconf 90' lang='lat' dir='ltr'><strong>daturum.</strong></span> <span class='ocrx_word' id='word_1_302' title='bbox 1155 2282 1343 2374; x_wconf 66' lang='lat' dir='ltr'><strong>1111terin1,</strong></span> <span class='ocrx_word' id='word_1_303' title='bbox 1367 2332 1414 2365; x_wconf 93' lang='lat' dir='ltr'><strong>ut</strong></span> <span class='ocrx_word' id='word_1_304' title='bbox 1433 2339 1486 2378; x_wconf 87' lang='lat' dir='ltr'><strong>ap</strong></span> <span class='ocrx_word' id='word_1_305' title='bbox 1518 2339 1561 2364; x_wconf 85' lang='lat' dir='ltr'><strong>a·</strong></span> 
     </span>
     <span class='ocr_line' id='line_1_39' title="bbox 164 2381 1561 2440; baseline -0.003 -15"><span class='ocrx_word' id='word_1_306' title='bbox 164 2392 287 2434; x_wconf 91' lang='lat' dir='ltr'><strong>reret,</strong></span> <span class='ocrx_word' id='word_1_307' title='bbox 309 2392 515 2440; x_wconf 89' lang='lat' dir='ltr'><strong>quantum</strong></span> <span class='ocrx_word' id='word_1_308' title='bbox 547 2382 858 2438; x_wconf 88' lang='lat' dir='ltr'><strong>pacificantium</strong></span> <span class='ocrx_word' id='word_1_309' title='bbox 892 2382 1160 2424; x_wconf 85' lang='lat' dir='ltr'><strong>Rhodiorum</strong></span> <span class='ocrx_word' id='word_1_310' title='bbox 1191 2381 1414 2423; x_wconf 85' lang='lat' dir='ltr'><strong>auctoritas</strong></span> <span class='ocrx_word' id='word_1_311' title='bbox 1445 2396 1495 2422; x_wconf 89' lang='lat' dir='ltr'><strong>va</strong></span> <span class='ocrx_word' id='word_1_312' title='bbox 1515 2397 1561 2421; x_wconf 90' lang='lat' dir='ltr'><strong>u-</strong></span> 
     </span>
     <span class='ocr_line' id='line_1_40' title="bbox 164 2437 1770 2496; baseline -0.002 -14"><span class='ocrx_word' id='word_1_313' title='bbox 164 2441 276 2490; x_wconf 83' lang='lat' dir='ltr'><strong>isset,</strong></span> <span class='ocrx_word' id='word_1_314' title='bbox 298 2439 532 2482; x_wconf 87' lang='lat' dir='ltr'><strong>consultare</strong></span> <span class='ocrx_word' id='word_1_315' title='bbox 554 2439 607 2480; x_wconf 88' lang='lat' dir='ltr'><strong>de</strong></span> <span class='ocrx_word' id='word_1_316' title='bbox 630 2440 789 2481; x_wconf 89' lang='lat' dir='ltr'><strong>ratione</strong></span> <span class='ocrx_word' id='word_1_317' title='bbox 821 2439 918 2481; x_wconf 91' lang='lat' dir='ltr'><strong>bclli</strong></span> <span class='ocrx_word' id='word_1_318' title='bbox 948 2439 1123 2496; x_wconf 85' lang='lat' dir='ltr'><strong>gerendi</strong></span> <span class='ocrx_word' id='word_1_319' title='bbox 1151 2439 1300 2495; x_wconf 84' lang='lat' dir='ltr'><strong>coepit.</strong></span> <span class='ocrx_word' id='word_1_320' title='bbox 1364 2437 1562 2479; x_wconf 84' lang='lat' dir='ltr'><strong>Placebat</strong></span> <span class='ocrx_word' id='word_1_321' title='bbox 1574 2455 1770 2486; x_wconf 60' lang='lat' dir='ltr'><strong>consilimit-</strong></span> 
     </span>
     <span class='ocr_line' id='line_1_41' title="bbox 132 2495 1671 2554; baseline -0.003 -13"><span class='ocrx_word' id='word_1_322' title='bbox 132 2497 430 2554; x_wconf 71' lang='lat' dir='ltr'><strong>aquibusdam,</strong></span> <span class='ocrx_word' id='word_1_323' title='bbox 452 2506 494 2538; x_wconf 91' lang='lat' dir='ltr'><strong>et</strong></span> <span class='ocrx_word' id='word_1_324' title='bbox 527 2496 708 2538; x_wconf 83' lang='lat' dir='ltr'><strong>maxime</strong></span> <span class='ocrx_word' id='word_1_325' title='bbox 740 2497 965 2538; x_wconf 88' lang='lat' dir='ltr'><strong>maioribus</strong></span> <span class='ocrx_word' id='word_1_326' title='bbox 996 2506 1112 2546; x_wconf 86' lang='lat' dir='ltr'><strong>natu,</strong></span> <span class='ocrx_word' id='word_1_327' title='bbox 1135 2511 1210 2552; x_wconf 88' lang='lat' dir='ltr'><strong>per</strong></span> <span class='ocrx_word' id='word_1_328' title='bbox 1243 2495 1396 2552; x_wconf 88' lang='lat' dir='ltr'><strong>Enipei</strong></span> <span class='ocrx_word' id='word_1_329' title='bbox 1428 2495 1560 2551; x_wconf 85' lang='lat' dir='ltr'><strong>ripam</strong></span> <span class='ocrx_word' id='word_1_330' title='bbox 1575 2499 1671 2530; x_wconf 70' lang='lat' dir='ltr'><strong>b01¹0·</strong></span> 
     </span>
    </p>
   </div>
   <div class='ocr_carea' id='block_1_3' title="bbox 165 2618 1563 2949">
    <p class='ocr_par' dir='ltr' id='par_1_3' title="bbox 165 2618 1563 2949">
     <span class='ocr_line' id='line_1_42' title="bbox 209 2618 1076 2661; baseline -0.002 -9"><span class='ocrx_word' id='word_1_331' title='bbox 209 2630 226 2659; x_wconf 82' lang='lat'>3</span> <span class='ocrx_word' id='word_1_332' title='bbox 252 2623 507 2661; x_wconf 65' lang='lat' dir='ltr'><strong>Alucronemque</strong></span> <span class='ocrx_word' id='word_1_333' title='bbox 537 2618 676 2658; x_wconf 72' lang='lat' dir='ltr'><strong>intueri]</strong></span> <span class='ocrx_word' id='word_1_334' title='bbox 718 2619 839 2658; x_wconf 80' lang='lat' dir='ltr'><strong>Explo-</strong></span> <span class='ocrx_word' id='word_1_335' title='bbox 885 2619 1076 2650; x_wconf 76' lang='lat' dir='ltr'><strong>Crevierius.</strong></span> 
     </span>
     <span class='ocr_line' id='line_1_43' title="bbox 165 2660 1561 2701; baseline -0.002 -7"><span class='ocrx_word' id='word_1_336' title='bbox 165 2664 280 2694; x_wconf 75' lang='lat' dir='ltr'><strong>rabant</strong></span> <span class='ocrx_word' id='word_1_337' title='bbox 301 2663 422 2694; x_wconf 76' lang='lat' dir='ltr'><strong>milites</strong></span> <span class='ocrx_word' id='word_1_338' title='bbox 441 2663 543 2693; x_wconf 82' lang='lat' dir='ltr'><strong>aciem</strong></span> <span class='ocrx_word' id='word_1_339' title='bbox 565 2661 738 2698; x_wconf 78' lang='lat' dir='ltr'><strong>mucronis,</strong></span> <span class='ocrx_word' id='word_1_340' title='bbox 753 2662 839 2700; x_wconf 87' lang='lat' dir='ltr'><strong>quod</strong></span> <span class='ocrx_word' id='word_1_341' title='bbox 930 2671 945 2699; x_wconf 78' lang='lat'><strong>5</strong></span> <span class='ocrx_word' id='word_1_342' title='bbox 970 2663 1048 2692; x_wconf 65' lang='lat' dir='ltr'><strong>Sine</strong></span> <span class='ocrx_word' id='word_1_343' title='bbox 1065 2660 1230 2701; x_wconf 67' lang='lat' dir='ltr'><strong>responso]</strong></span> <span class='ocrx_word' id='word_1_344' title='bbox 1258 2661 1381 2691; x_wconf 81' lang='lat' dir='ltr'><strong>Vocem</strong></span> <span class='ocrx_word' id='word_1_345' title='bbox 1398 2666 1561 2692; x_wconf 71' lang='lat' dir='ltr'><strong>censerent</strong></span> 
     </span>
     <span class='ocr_line' id='line_1_44' title="bbox 167 2703 1562 2745; baseline -0.004 -8"><span class='ocrx_word' id='word_1_346' title='bbox 167 2705 309 2737; x_wconf 75' lang='lat' dir='ltr'><strong>Romani</strong></span> <span class='ocrx_word' id='word_1_347' title='bbox 326 2705 427 2745; x_wconf 68' lang='lat' dir='ltr'><strong>magia</strong></span> <span class='ocrx_word' id='word_1_348' title='bbox 444 2704 589 2745; x_wconf 79' lang='lat' dir='ltr'><strong>punctim</strong></span> <span class='ocrx_word' id='word_1_349' title='bbox 607 2714 703 2743; x_wconf 85' lang='lat' dir='ltr'><strong>quam</strong></span> <span class='ocrx_word' id='word_1_350' title='bbox 721 2703 839 2734; x_wconf 75' lang='lat' dir='ltr'><strong>caesim</strong></span> <span class='ocrx_word' id='word_1_351' title='bbox 886 2703 1004 2734; x_wconf 73' lang='lat' dir='ltr'><strong>librarii</strong></span> <span class='ocrx_word' id='word_1_352' title='bbox 1030 2703 1153 2734; x_wconf 75' lang='lat' dir='ltr'><strong>incuria</strong></span> <span class='ocrx_word' id='word_1_353' title='bbox 1179 2704 1240 2734; x_wconf 87' lang='lat' dir='ltr'><strong>hoc</strong></span> <span class='ocrx_word' id='word_1_354' title='bbox 1267 2704 1337 2733; x_wconf 86' lang='lat' dir='ltr'><strong>loco</strong></span> <span class='ocrx_word' id='word_1_355' title='bbox 1365 2703 1562 2733; x_wconf 65' lang='lat' dir='ltr'><strong>intercidisse</strong></span> 
     </span>
     <span class='ocr_line' id='line_1_45' title="bbox 167 2745 1561 2788; baseline -0.003 -10"><span class='ocrx_word' id='word_1_356' title='bbox 167 2749 365 2788; x_wconf 76' lang='lat' dir='ltr'><strong>pugnabant.</strong></span> <span class='ocrx_word' id='word_1_357' title='bbox 390 2748 506 2779; x_wconf 59' lang='grc' dir='ltr'><strong>ΒΗΚ.</strong></span> <span class='ocrx_word' id='word_1_358' title='bbox 885 2751 1017 2776; x_wconf 72' lang='lat' dir='ltr'><strong>censent</strong></span> <span class='ocrx_word' id='word_1_359' title='bbox 1063 2746 1205 2777; x_wconf 76' lang='lat' dir='ltr'><strong>Gronov.</strong></span> <span class='ocrx_word' id='word_1_360' title='bbox 1244 2750 1277 2775; x_wconf 87' lang='lat' dir='ltr'><strong>et</strong></span> <span class='ocrx_word' id='word_1_361' title='bbox 1318 2745 1561 2776; x_wconf 73' lang='lat' dir='ltr'><strong>Drakenborch.</strong></span> 
     </span>
     <span class='ocr_line' id='line_1_46' title="bbox 211 2787 1560 2831; baseline -0.004 -10"><span class='ocrx_word' id='word_1_362' title='bbox 211 2801 230 2828; x_wconf 77' lang='grc'><strong>4</strong></span> <span class='ocrx_word' id='word_1_363' title='bbox 254 2791 357 2821; x_wconf 72' lang='lat' dir='ltr'><strong>Pueri</strong></span> <span class='ocrx_word' id='word_1_364' title='bbox 381 2789 529 2831; x_wconf 71' lang='lat' dir='ltr'><strong>quidam]</strong></span> <span class='ocrx_word' id='word_1_365' title='bbox 562 2789 656 2825; x_wconf 77' lang='lat' dir='ltr'><strong>Quos</strong></span> <span class='ocrx_word' id='word_1_366' title='bbox 680 2788 765 2818; x_wconf 87' lang='lat' dir='ltr'><strong>inter</strong></span> <span class='ocrx_word' id='word_1_367' title='bbox 789 2789 842 2817; x_wconf 84' lang='lat' dir='ltr'><strong>ob-</strong></span> <span class='ocrx_word' id='word_1_368' title='bbox 890 2798 998 2818; x_wconf 77' lang='lat' dir='ltr'><strong>verum</strong></span> <span class='ocrx_word' id='word_1_369' title='bbox 1026 2788 1133 2827; x_wconf 81' lang='lat' dir='ltr'><strong>Sigon.</strong></span> <span class='ocrx_word' id='word_1_370' title='bbox 1159 2793 1191 2818; x_wconf 82' lang='lat' dir='ltr'><strong>et</strong></span> <span class='ocrx_word' id='word_1_371' title='bbox 1215 2787 1355 2818; x_wconf 73' lang='lat' dir='ltr'><strong>Crevier.</strong></span> <span class='ocrx_word' id='word_1_372' title='bbox 1381 2788 1560 2818; x_wconf 76' lang='lat' dir='ltr'><strong>membrum</strong></span> 
     </span>
     <span class='ocr_line' id='line_1_47' title="bbox 167 2829 1563 2871; baseline -0.004 -8"><span class='ocrx_word' id='word_1_373' title='bbox 167 2831 252 2862; x_wconf 71' lang='lat' dir='ltr'><strong>uiden</strong></span> <span class='ocrx_word' id='word_1_374' title='bbox 267 2833 362 2863; x_wconf 63' lang='lat' dir='ltr'><strong>fuine</strong></span> <span class='ocrx_word' id='word_1_375' title='bbox 382 2843 403 2862; x_wconf 81' lang='lat' dir='ltr'><strong>a</strong></span> <span class='ocrx_word' id='word_1_376' title='bbox 425 2832 545 2862; x_wconf 69' lang='lat' dir='ltr'><strong>Perseo</strong></span> <span class='ocrx_word' id='word_1_377' title='bbox 569 2831 633 2871; x_wconf 76' lang='lat' dir='ltr'><strong>regi</strong></span> <span class='ocrx_word' id='word_1_378' title='bbox 651 2830 774 2861; x_wconf 87' lang='lat' dir='ltr'><strong>Gentio</strong></span> <span class='ocrx_word' id='word_1_379' title='bbox 790 2831 843 2861; x_wconf 78' lang='lat' dir='ltr'><strong>du-</strong></span> <span class='ocrx_word' id='word_1_380' title='bbox 890 2830 1053 2867; x_wconf 68' lang='lat' dir='ltr'><strong>orationis,</strong></span> <span class='ocrx_word' id='word_1_381' title='bbox 1083 2831 1168 2869; x_wconf 81' lang='lat' dir='ltr'><strong>quod</strong></span> <span class='ocrx_word' id='word_1_382' title='bbox 1201 2830 1392 2869; x_wconf 77' lang='lat' dir='ltr'><strong>respondeat</strong></span> <span class='ocrx_word' id='word_1_383' title='bbox 1423 2830 1467 2867; x_wconf 73' lang='grc' dir='ltr'><strong>τῷ</strong></span> <span class='ocrx_word' id='word_1_384' title='bbox 1493 2829 1563 2864; x_wconf 67' lang='lat' dir='ltr'><strong>alii,</strong></span> 
     </span>
     <span class='ocr_line' id='line_1_48' title="bbox 169 2872 1228 2912; baseline -0.001 -8"><span class='ocrx_word' id='word_1_385' title='bbox 169 2876 229 2910; x_wconf 60' lang='grc' dir='ltr'><strong>ἴοι,</strong></span> <span class='ocrx_word' id='word_1_386' title='bbox 245 2879 278 2904; x_wconf 81' lang='lat' dir='ltr'><strong>et</strong></span> <span class='ocrx_word' id='word_1_387' title='bbox 293 2885 313 2905; x_wconf 74' lang='lat' dir='ltr'><strong>a</strong></span> <span class='ocrx_word' id='word_1_388' title='bbox 331 2874 522 2906; x_wconf 74' lang='lat' dir='ltr'><strong>Pantaucho</strong></span> <span class='ocrx_word' id='word_1_389' title='bbox 538 2874 713 2904; x_wconf 70' lang='lat' dir='ltr'><strong>subductos</strong></span> <span class='ocrx_word' id='word_1_390' title='bbox 728 2872 758 2903; x_wconf 92' lang='lat' dir='ltr'><strong>in</strong></span> <span class='ocrx_word' id='word_1_391' title='bbox 778 2873 843 2903; x_wconf 82' lang='lat' dir='ltr'><strong>Ro-</strong></span> <span class='ocrx_word' id='word_1_392' title='bbox 889 2873 998 2903; x_wconf 75' lang='lat' dir='ltr'><strong>deesse</strong></span> <span class='ocrx_word' id='word_1_393' title='bbox 1014 2873 1228 2912; x_wconf 72' lang='lat' dir='ltr'><strong>suspicantur.</strong></span> 
     </span>
     <span class='ocr_line' id='line_1_49' title="bbox 170 2911 1561 2949; baseline -0.003 -5"><span class='ocrx_word' id='word_1_394' title='bbox 170 2924 337 2946; x_wconf 78' lang='lat' dir='ltr'><strong>manorum</strong></span> <span class='ocrx_word' id='word_1_395' title='bbox 362 2926 476 2946; x_wconf 67' lang='lat' dir='ltr'><strong>manus</strong></span> <span class='ocrx_word' id='word_1_396' title='bbox 502 2916 650 2946; x_wconf 71' lang='lat' dir='ltr'><strong>incidisse</strong></span> <span class='ocrx_word' id='word_1_397' title='bbox 681 2915 844 2945; x_wconf 73' lang='lat' dir='ltr'><strong>existimat</strong></span> <span class='ocrx_word' id='word_1_398' title='bbox 931 2914 951 2944; x_wconf 82' lang='lat'><strong>6</strong></span> <span class='ocrx_word' id='word_1_399' title='bbox 974 2916 1018 2945; x_wconf 76' lang='lat' dir='ltr'><strong>Et</strong></span> <span class='ocrx_word' id='word_1_400' title='bbox 1034 2916 1169 2945; x_wconf 64' lang='lat' dir='ltr'><strong>maa-ime</strong></span> <span class='ocrx_word' id='word_1_401' title='bbox 1186 2914 1358 2944; x_wconf 62' lang='lat' dir='ltr'><strong>maioribus</strong></span> <span class='ocrx_word' id='word_1_402' title='bbox 1375 2914 1471 2949; x_wconf 77' lang='lat' dir='ltr'><strong>natu]</strong></span> <span class='ocrx_word' id='word_1_403' title='bbox 1498 2911 1561 2941; x_wconf 82' lang='lat' dir='ltr'><strong>Ex-</strong></span> 
     </span>
    </p>
   </div>
  </div>
 </body>
</html>
