1888 3194
284 130 364 168 184
801 125 950 170 ΤΙΤΙ
987 125 1169 168 LIVII

78 227 122 259 U.
139 227 176 259 C.
200 228 271 267 584.
284 232 327 258 se
363 215 737 267 consideraturum,
771 216 968 258 adhibitis
998 216 1155 266 amicis,
1188 214 1293 271 quid
1322 212 1561 256 faciendum
1597 212 1677 254 sibi

76 271 117 342 ἰξ-
142 269 274 342 (jsrx68.
287 282 406 324 esset,
423 273 597 316 dixisset
608 290 619 324 3
653 273 871 331 Popillius,
888 289 964 330 pro
985 282 1124 315 cetera
1143 272 1365 329 asperitate
1387 270 1530 321 animi,
1546 269 1676 326 virga,
1689 276 1711 310 6

78 322 165 395 vi‘r'gzi
181 322 238 385 0¹3⁵
289 346 417 388 quam
446 331 492 372 in
521 347 651 373 manu
669 332 854 388 gerebat,
876 330 1200 387 circumscripsit
1226 344 1390 386 regem:
1423 344 1484 378 ac,
1508 333 1520 352 ‘
1534 326 1679 369 Prius-

80 397 265 429 cumscribit
291 395 446 445 ‘quam
485 388 565 431 hoc
605 388 761 430 circulo
801 388 1006 438 excedas]
1035 388 1187 443 inquit,
1221 392 1233 411 ‘
1248 386 1377 428 redde
1417 399 1678 442 responsum,

80 449 198 480 regem.
292 446 482 487 ‘senatui
507 446 623 502 quod
650 446 851 487 referam.’
914 445 1239 501 Obstupefactus
1271 454 1354 485 tam
1386 442 1571 484 violento
1600 441 1680 482 im-

289 503 406 560 perio
437 519 660 560 parumper
685 518 817 559 quum
844 502 1098 552 haesitasset,
1122 508 1134 526 ‘
1150 501 1343 551 Faciam,’
1363 500 1515 556 inquit,
1540 498 1681 554 ‘quod

292 567 463 602 ‘censet
502 562 696 602 senatus.'
756 560 869 600 Tum
905 559 1077 600 demum
1113 558 1318 615 Popillius
1350 558 1540 599 dextram
1576 555 1678 611 regi,

290 626 492 674 tanquam
522 618 634 658 socio
665 626 791 673 atque
823 616 970 666 amico,
999 616 1196 671 porrexit.
1260 615 1343 656 Die
1375 614 1529 655 deinde
1561 613 1682 654 finita

290 690 421 731 quum
436 674 678 716 excessisset
692 675 891 730 Aegypto
907 672 1156 721 Antiochus,
1165 672 1304 727 legati,
1319 671 1542 712 concordia
1554 670 1681 712 etiam

290 732 536 773 auctoritate
576 747 650 772 sua
689 730 799 771 inter
832 729 978 771 fratres
1013 729 1189 778 firmata,
1222 729 1334 769 inter
1365 742 1470 782 quos
1504 727 1680 768 vixdum

290 797 543 830 convenerat
569 803 665 844 pax,
691 787 884 843 Cyprum
915 786 1136 841 navigant:
1172 794 1214 826 et
1235 784 1348 834 inde,
1371 799 1479 840 quae
1510 785 1592 825 iam
1619 784 1714 825 vi-7

290 855 403 887 cerat
432 845 592 901 proelio
613 843 846 901 Aegyptias
867 858 1006 892 naves,
1027 842 1200 884 classem
1223 841 1427 883 Antiochi
1448 841 1680 882 dimittunt.

293 902 420 944 Clara
439 917 490 943 ea
509 917 584 958 per
603 910 750 958 gentes
770 901 923 956 legatio
943 900 1036 950 fuit,
1059 899 1174 955 quod
1203 898 1318 940 haud
1338 898 1464 940 dubie
1487 898 1684 954 adempta

292 959 506 1001 Antiocho
548 961 770 1015 Aegyptus
809 958 982 999 habenti
1022 957 1118 1007 iam,
1160 956 1459 1012 redditumque
1499 956 1682 1012 patrium

291 1032 469 1073 regnum
490 1016 609 1072 stirpi
630 1015 863 1057 Ptolemaei
883 1015 1029 1056 fuerat.

353 1074 589 1116 Consulum
629 1074 719 1115 eius
759 1073 871 1122 anni,
913 1073 1021 1113 sicut
1061 1071 1229 1113 alterius
1269 1071 1403 1113 clarus
1443 1070 1683 1113 consulatus

290 1132 446 1188 insigni
475 1131 660 1181 victoria,
692 1131 750 1172 ita
782 1130 951 1171 alterius
983 1130 1158 1171 obscura
1188 1129 1310 1179 fama,
1337 1129 1437 1185 quia
1466 1127 1683 1170 materiam

290 1204 356 1230 res
377 1189 553 1245 gerendi
573 1204 660 1230 non
681 1188 839 1229 habuit.
902 1187 993 1228 Iam
1014 1187 1195 1243 primum
1218 1202 1348 1242 quum
1371 1186 1606 1242 legionibus
1629 1184 1684 1227 ad

291 1246 631 1287 conveniendum
652 1245 766 1286 diem
787 1245 908 1294 dixit,
930 1260 1017 1285 non
1038 1244 1251 1300 auspicato
1274 1243 1478 1300 templum
1498 1243 1680 1285 intravit.
1695 1250 1715 1281 8

291 1303 409 1345 Vitio
431 1304 544 1344 diem
564 1303 721 1344 dictam
749 1317 837 1344 esse
866 1317 1056 1358 augures,
1079 1317 1211 1357 quum
1240 1301 1293 1342 ad
1318 1316 1388 1342 eos
1408 1300 1583 1342 relatum
1607 1308 1682 1351 est,

292 1361 579 1402 decreverunt.
641 1360 860 1402 Profectus
890 1359 936 1400 in
969 1358 1151 1400 Galliam
1182 1358 1292 1399 circa
1316 1358 1484 1399 Macros
1515 1372 1684 1414 campos

292 1418 346 1460 ad
373 1427 537 1460 montes
565 1418 810 1459 Siciminam
838 1426 880 1458 et
900 1416 1112 1473 Papinum
1143 1415 1292 1457 stativa
1321 1415 1493 1457 habuit:
1526 1414 1682 1456 deinde

292 1475 403 1517 circa
435 1476 583 1517 eadem
614 1475 706 1516 loca
737 1490 834 1516 cum
866 1474 987 1515 sociis
1019 1473 1201 1514 nominis
1231 1472 1377 1513 Latini
1407 1472 1680 1514 hibernabat:

291 1532 479 1589 legiones
516 1533 747 1582 Romanae,
782 1531 896 1587 quod
932 1531 1033 1572 vitio
1069 1530 1158 1571 dies
1193 1529 1399 1571 exercitui
1438 1529 1493 1570 ad
1532 1544 1685 1571 conve-

291 1590 498 1631 niendum
516 1590 628 1632 dicta
643 1598 744 1639 erat,
764 1588 926 1630 Romae
946 1595 1194 1629 manserant.
1256 1586 1313 1628 Et
1327 1595 1551 1643 praetores,
1563 1602 1686 1643 prae-

293 1656 356 1688 ter
380 1647 429 1688 C.
449 1647 666 1704 Papirium
690 1646 943 1695 Carbonem,
967 1645 1035 1686 cui
1066 1644 1260 1686 Sardinia
1286 1652 1496 1694 evenerat,
1517 1644 1562 1685 in
1588 1660 1686 1701 pro-

292 1704 449 1746 vincias
462 1705 558 1746 iere.
623 1704 735 1745 Eum
753 1713 843 1745 tum
859 1703 923 1744 ius
937 1702 1076 1744 dicere
1096 1701 1258 1743 Romae
1272 1702 1391 1756 (nam
1405 1717 1497 1743 eam
1514 1717 1683 1759 quoque
1695 1714 1716 1746 9

293 1771 447 1803 sortem
464 1761 665 1818 habebat)
681 1762 790 1803 inter
806 1760 916 1802 cives
932 1769 975 1801 et
995 1759 1238 1816 peregrinos
1258 1759 1405 1801 Patres
1421 1768 1682 1801 censuerant.

352 1819 409 1861 Et
424 1819 630 1876 Popillius
646 1828 689 1861 et
708 1834 758 1860 ea
777 1818 944 1874 legatio,
962 1832 1069 1873 quae
1091 1816 1215 1858 missa
1230 1816 1284 1858 ad
1301 1816 1564 1858 Antiochum
1581 1825 1683 1867 erat,

294 1876 475 1918 Romam
498 1877 633 1918 rediit.
697 1876 875 1925 Retulit,
898 1874 1197 1916 controversias
1224 1874 1336 1915 inter
1359 1889 1478 1930 reges
1501 1873 1684 1915 sublatas
1699 1887 1713 1909 1

293 1949 395 1983 esse,
413 1934 730 1989 exercitumque
753 1948 806 1974 ex
824 1933 1022 1988 Aegypto
1043 1931 1088 1971 in
1113 1930 1276 1987 Syriam
1296 1931 1529 1972 reductum.
1581 1930 1685 1972 Post

294 1991 479 2046 ipsorum
500 2006 646 2046 regum
668 1990 793 2045 legati
810 1996 1038 2030 venerunt:
1065 1987 1269 2028 Antiochi
1285 1987 1424 2043 legati,
1441 1988 1682 2038 referentes,

295 2054 305 2071 ⁶
325 2047 456 2089 Omni
487 2047 661 2088 victoria
695 2047 901 2103 potiorem
935 2060 1082 2102 pacem
1118 2045 1219 2100 regi,
1253 2060 1361 2100 quae
1397 2045 1560 2086 senatui
1594 2045 1685 2101 pla-

294 2110 307 2128 ‘
322 2104 486 2155 cuisset,
501 2105 653 2146 visam:
678 2119 860 2160 eumque
876 2102 991 2144 haud
1007 2117 1137 2152 secus,
1156 2116 1283 2157 quam
1300 2101 1474 2143 deorum
1491 2102 1682 2158 imperio,

294 2161 554 2218 ‘legatorum
576 2161 864 2203 Romanorum
886 2160 1005 2201 iussis
1025 2159 1235 2215 paruisse.’
1297 2158 1507 2201 Gratulati
1528 2159 1682 2202 deinde

292 2219 508 2261 victoriam
547 2228 658 2269 sunt,
704 2225 857 2275 ‘quam
896 2232 1058 2258 summa
1093 2232 1186 2273 ope,
1223 2216 1257 2257 si
1293 2216 1398 2272 quid
1432 2217 1684 2274 imperatum

295 2277 439 2328 ‘foret,
471 2277 714 2318 adiuturum
746 2290 889 2332 regem
920 2274 1073 2316 fuisse.’
1136 2273 1369 2315 Ptolemaei
1400 2274 1541 2330 legati,
1569 2288 1715 2316 com-2

80 1091 197 1122 Licinii
205 1092 279 1125 Cos,

80 1144 130 1165 res
144 1139 262 1175 gestae.

150 1881 213 1919 13.

83 2001 197 2040 Legati
213 2002 279 2032 An-

81 2043 190 2075 tiochi.

84 2286 275 2319 Ptolemaei.

334 2399 354 2430 6
386 2400 499 2439 Vir-qa]
534 2400 573 2431 cf.
605 2400 738 2430 Diodor.
774 2399 856 2430 Exc.
889 2397 965 2429 Vat.

293 2452 382 2473 xxm.
401 2451 428 2480 3.

339 2493 354 2522 7
379 2485 579 2515 Convenerat
587 2486 674 2525 pam]
700 2483 885 2515 Perizonius
896 2494 966 2523 pam

294 2537 352 2566 pro
382 2527 466 2566 vulg.
494 2538 574 2566 pars
610 2526 804 2558 emendavit.
865 2526 965 2556 Hunc

294 2569 496 2600 librariorum
512 2569 637 2608 lapsum
655 2568 839 2608 saepissime
861 2568 895 2598 in
911 2578 965 2597 an-

294 2612 391 2650 tiquis
427 2611 644 2642 monumentis
683 2610 842 2642 observari
880 2610 966 2640 idem

294 2654 532 2685 animadvertit.

337 2698 356 2726 8
384 2697 546 2735 Templum
583 2696 735 2732 intravit]
787 2694 964 2733 Templum

294 2739 346 2770 hic
367 2739 576 2777 intelligimus
601 2739 708 2768 locum
731 2736 871 2776 auguriis
891 2746 964 2765 con-

292 2789 462 2819 secratum,
484 2782 569 2811 unde
593 2780 679 2810 diem
700 2779 763 2810 dici
786 2779 827 2808 ad
851 2787 963 2808 conve-

292 2825 445 2856 niendum
473 2823 627 2854 exercitui
648 2833 718 2853 mos
739 2824 832 2858 esset,
848 2825 884 2850 ut
907 2819 963 2849 sci-

292 2867 368 2899 licet
392 2866 482 2898 initia
506 2866 550 2896 rei
572 2866 729 2905 gerendae
752 2865 810 2894 sub
831 2864 963 2895 deorum

1010 2396 1143 2428 numine
1159 2400 1370 2429 sumerentur.
1394 2398 1500 2429 ΟΜΝ.

1053 2449 1072 2480 9
1087 2441 1175 2470 Nam
1187 2451 1256 2471 eam
1269 2450 1393 2481 quoque
1403 2444 1517 2472 sortem
1526 2441 1679 2480 habebat]

1011 2481 1176 2513 Nimirum
1211 2482 1458 2523 intelligendum
1495 2486 1554 2520 est,
1586 2483 1683 2515 misso

1010 2525 1162 2555 adversus
1190 2524 1348 2555 Gentium
1374 2524 1502 2563 Anicio,
1528 2525 1619 2556 cuius
1644 2536 1684 2557 ea

1011 2577 1077 2597 sors
1092 2566 1207 2603 fuerat,
1222 2567 1263 2596 ad
1280 2567 1462 2598 Carbonem
1481 2571 1598 2599 sortem
1615 2568 1684 2600 eius

1013 2609 1201 2639 translatam
1218 2608 1324 2639 fuisse.
1349 2609 1455 2640 CuEv.

1058 2661 1069 2680 1
1095 2651 1228 2680 Romam
1265 2652 1376 2688 rediit]
1425 2651 1549 2682 Vocem
1586 2654 1683 2684 rediit

1011 2693 1183 2722 delendam
1221 2696 1330 2722 censet
1359 2693 1498 2724 Crevier.
1530 2697 1565 2724 ut
1600 2705 1683 2734 quae

1008 2736 1106 2774 plane
1122 2734 1285 2773 superflua
1300 2733 1349 2765 sit.

1053 2786 1069 2807 2
1094 2777 1271 2807 Ptolemaei
1291 2777 1406 2816 leyati]
1440 2788 1482 2809 sc.
1501 2778 1682 2810 Ptolemaei

1009 2818 1150 2849 minoris.
1196 2818 1230 2848 Is
1246 2818 1331 2848 enim
1349 2820 1435 2851 solus
1449 2821 1608 2852 auxilium
1624 2821 1682 2852 im-

1010 2862 1191 2901 ploraverat
1223 2861 1458 2901 Romanorum,
1487 2868 1519 2896 et
1552 2868 1684 2905 propter
