1888 3194
536 196 662 238 LIB.
696 195 840 236 XLII.
887 194 1034 236 CAP.
1073 197 1134 237 17.
1467 196 1520 235 53

138 298 234 331 tem.
295 286 368 328 Ad
399 301 549 343 corpus
580 287 689 343 regis
720 286 856 343 primo
888 285 1024 334 amici,
1057 283 1211 326 deinde
1245 283 1442 325 satellites
1474 300 1521 325 ac
1537 296 1580 328 U.
1596 296 1636 328 C.
1657 296 1729 336 580·

136 344 243 388 servi
271 355 586 394 concurrerunt,
613 343 806 385 tollentes
836 343 1018 400 sopitum
1039 341 1211 383 vulnere
1233 356 1280 382 ac
1301 340 1407 381 nihil
1427 356 1521 382 sen·
1537 340 1574 370 A.
1598 340 1636 371 C,
1662 346 1731 378 17²·

137 403 324 444 tientem.
386 401 540 444 Vivere
562 411 704 443 tamen
724 416 777 443 ex
798 401 932 442 calore
960 409 1003 442 et
1029 399 1176 456 spiritu
1209 407 1451 440 remanente
1477 398 1665 447 insopitus

135 459 388 516 praecordiis
403 468 647 508 senserunt3
673 459 882 500 victurum
903 458 1055 514 exigua
1075 472 1122 499 ac
1142 472 1272 513 prope
1294 455 1409 497 nulla
1429 470 1521 512 spes
1534 451 1666 523 ζΉΙῙΙῬξΓΘ

135 525 234 559 erat.
307 516 492 565 Quidam
533 532 585 558 ex
626 516 885 566 satellitibus,
919 515 1051 557 secuti
1089 514 1299 556 latronum
1334 513 1521 569 vestigia,
1549 504 1567 523 ⁰
1596 504 1668 524 ΗΠ·

134 589 267 631 quum
297 589 430 631 usque
461 574 514 616 ad
545 574 690 630 iugum
712 574 897 625 Parnasi,
914 573 1203 629 ‚nequicquam
1233 571 1406 627 fatigati,
1428 586 1523 627 per-

133 632 359 682 venissent,
393 647 436 674 re
473 631 627 674 infecta
661 631 887 673 redierunt.
951 630 1151 687 Aggressi
1184 629 1344 671 facinus
1377 628 1523 670 Mace-

135 689 280 740 dones,
303 699 350 731 ut
370 689 619 740 inconsulte,
641 689 700 730 ita
720 689 930 739 audacter,
952 698 1150 745 coeptum
1171 702 1250 729 nec
1270 686 1459 729 consulte
1481 695 1523 727 et

135 747 283 790 timide
314 747 588 804 reliquerunt.
654 746 908 804 Compotem
936 747 1019 788 iam
1046 746 1109 788 sui
1134 760 1276 801 regem
1302 744 1424 786 amici
1448 759 1524 801 po—

135 814 247 848 stero
266 805 335 847 die
357 805 553 847 deferunt
579 805 634 846 ad
654 820 826 846 navem:
860 804 959 846 inde
984 803 1262 846 Corinthum:
1296 803 1347 845 ab
1371 801 1524 844 Corin-

137 863 223 913 tho,
250 878 327 920 per
358 862 508 905 Isthmi
544 864 689 920 iugum
720 863 894 905 navibus
925 862 1137 911 traductis,
1167 861 1378 917 Aeginam
1409 860 1524 901 traii-

137 921 266 963 ciunt.
330 920 396 962 Ibi
429 920 535 962 adeo
570 930 730 962 secreta
764 921 853 962 eius
888 920 1046 962 curatio
1081 919 1172 969 fuit,
1206 918 1524 960 admittentibus

136 979 364 1028 neminem,
386 988 434 1020 ut
460 979 570 1020 fama
599 989 811 1020 mortuum
836 979 880 1019 in
903 978 1055 1019 Asiam
1080 977 1290 1034 perferret.
1354 975 1524 1018 Attalus
1537 990 1661 1023 Conva-

133 1088 137 1093 .
167 1051 307 1092 uoque
328 1036 516 1086 celerius,
535 1051 660 1092 quam
682 1036 858 1092 dignum
879 1035 1103 1077 eoncordia
1120 1035 1302 1076 fraterna
1317 1043 1417 1084 erat,
1436 1048 1525 1075 cre·
1538 1033 1638 1065 lescit.

135 1052 256 1136 didit.
319 1093 433 1134 Nam
461 1103 503 1135 et
527 1108 623 1135 cum
652 1109 783 1135 uxore
813 1094 962 1142 fratris,
988 1102 1031 1134 et
1059 1092 1270 1149 praefecto
1303 1092 1400 1141 arci,
1433 1102 1525 1132 tan-

136 1166 263 1209 quam
298 1151 382 1193 iam
417 1151 531 1192 haud
562 1151 715 1192 dubius
749 1151 866 1208 regni
901 1150 1034 1200 heres,
1067 1159 1129 1191 est
1156 1150 1330 1191 locutus.
1403 1149 1524 1198 Quae

135 1218 279 1267 postea
309 1224 395 1250 non
424 1208 607 1250 fefellere
631 1208 890 1250 Eumenem:
925 1218 979 1258 et,
1002 1222 1244 1264 quanquam
1265 1206 1524 1250 dissimulare

103 1276 179 1317 9et
199 1267 323 1309 tacite
346 1267 498 1308 habere
530 1267 574 1308 id
604 1267 775 1323 patique
807 1275 1018 1315 statuerat,
1042 1275 1183 1307 tamen
1204 1265 1247 1306 in
1270 1265 1404 1321 primo
1426 1280 1526 1306 con-

136 1339 278 1382 gressu
306 1340 392 1366 non
421 1325 681 1381 temperavit,
704 1325 808 1381 quin
830 1324 971 1365 uxoris
991 1323 1198 1380 petendae
1219 1332 1525 1379 praematuram

136 1382 597 1439 festinationemtfratri
630 1383 840 1424 obiiceret.
904 1381 1083 1423 Romam
1118 1396 1288 1437 quoque
1327 1380 1438 1422 fama
1472 1380 1525 1422 de

138 1450 270 1482 morte
295 1440 498 1482 Eumenis
519 1440 678 1497 perlata
698 1449 770 1482 est.

199 1498 287 1540 Sub
308 1498 421 1540 idem
443 1509 608 1555 tempus
627 1499 677 1540 C.
695 1498 889 1540 Valerius
910 1513 963 1540 ex
982 1497 1173 1547 Graecia,
1197 1497 1270 1553 qui
1291 1496 1452 1553 legatus
1473 1496 1526 1537 ad
1608 1497 1670 1538 17.

138 1556 359 1598 visendum
380 1565 533 1598 statum
561 1556 743 1612 regionis
763 1557 852 1598 eius
872 1555 1209 1612 speculandaque
1231 1555 1404 1596 consilia
1425 1554 1526 1595 Per-

140 1614 200 1655 sei
228 1614 336 1670 regis
366 1614 514 1655 missus
541 1624 640 1664 erat,
663 1614 810 1663 rediit3
845 1614 1204 1669 congruentiaque
1227 1613 1367 1654 omnia
1388 1612 1526 1653 crimi-
1542 1623 1645 1654 Index
1663 1633 1726 1652 sce-

141 1671 266 1713 nibus
298 1671 349 1712 ab
378 1670 570 1713 Eumene
606 1671 739 1712 allatis
771 1672 986 1713 referebat.
1052 1670 1186 1713 Simul
1218 1680 1259 1712 ct
1296 1670 1527 1711 adduxerat
1541 1666 1613 1696 ¹⁰¹ss
1629 1666 1693 1696 ΒΟ·

142 1744 283 1771 secum
306 1728 443 1770 Praxo
472 1745 495 1770 a
524 1728 716 1785 Delphis,
739 1729 856 1770 cuius
884 1729 1032 1769 domus
1063 1727 1371 1784 receptaculum
1404 1727 1528 1768 latro·
1540 1709 1696 1782 3¹11¹32u¹rd

143 1802 245 1828 num
267 1787 414 1836 fuerat,
436 1797 478 1828 et
500 1786 548 1828 L.
570 1786 811 1828 Rammium
837 1786 1152 1835 Brundisinum,
1176 1786 1248 1842 qui
1272 1785 1362 1826 talis
1383 1785 1528 1826 indicii

143 1843 304 1886 delator
333 1854 431 1885 erat.
495 1844 696 1900 Princeps
726 1844 938 1885 Brundisii
964 1844 1181 1884 Rammius
1211 1843 1315 1893 fuit3
1350 1843 1530 1899 hospitio
1545 1862 1680 1892 Perseus

143 1917 314 1958 quoque
350 1911 392 1942 et
424 1901 552 1943 duces
588 1902 800 1943 Romanos
836 1917 992 1951 omnes,
1027 1912 1067 1942 ct
1104 1901 1260 1957 legatos
1292 1910 1528 1942 exterarum
1544 1915 1600 1954 ἰξυῖ
1617 1915 1707 1935 vem>

115 1977 126 1998 ι
143 1974 312 2016 quoquc
334 1960 525 2015 gentium
548 1959 743 2015 insignes,
761 1959 983 2016 praecipue
1006 1959 1152 2013 regios,
1175 1959 1416 2014 achpiebat.
1464 1957 1529 1999 Ex
1544 1951 1615 2020 ”¹⁹:5²²
1630 1958 1712 2020 ζῇ

143 2032 193 2059 eo
223 2017 371 2058 notitia
401 2017 440 2058 ei
465 2032 561 2058 cum
593 2018 763 2058 absente
794 2017 946 2058 Perseo
976 2012 1134 2058 fuerat:
1169 2016 1382 2071 literisque
1414 2031 1530 2072 spem
1543 2003 1641 2063 furth
1702 2009 1712 2013 ”

143 2074 348 2116 amicitiae
385 2075 592 2116 interioris
626 2090 885 2132 magnaeque
919 2074 1016 2115 inde
1048 2075 1237 2115 fortunae
1268 2074 1529 2123 facientibus,
1546 2076 1641 2107 Rom.

143 2132 196 2174 ad
229 2147 371 2189 regem
404 2134 627 2189 profectus,
657 2133 772 2174 brevi
809 2132 1093 2190 perfamiliaris
1128 2131 1284 2178 haberi,
1324 2131 1530 2187 trahique,

143 2191 275 2247 magis
296 2206 422 2247 quam
446 2191 581 2240 vellet,
605 2191 649 2231 in
670 2206 841 2232 arcanos
867 2206 1078 2232 sermones
1099 2200 1161 2232 est
1181 2199 1365 2246 coeptus„
1429 2189 1533 2231 Pro—

145 2248 279 2290 missis
308 2249 420 2290 enim
454 2249 694 2306 ingentibus
725 2249 918 2305 praemiis
949 2260 1091 2305 petere
1124 2248 1273 2289 institit
1300 2248 1351 2289 ab
1372 2263 1422 2289 eo
1444 2263 1530 2297 rex,

147 2306 391 2355 ‘Quoniam
427 2306 556 2348 duces
589 2322 735 2348 omnes
767 2307 976 2363 legatique
1013 2306 1194 2347 Romani
1231 2305 1411 2361 hospitio
1444 2305 1533 2346 cius

113 2385 131 2406 α
147 2369 159 2389 ‘
175 2364 235 2406 uti
257 2374 502 2413 assuessent‚
525 2364 677 2421 quibus
703 2380 846 2406 corum
878 2365 964 2421 ipse
993 2364 1233 2420 scripsisset,
1256 2373 1302 2404 ut
1323 2378 1532 2405 venenum

147 2421 361 2464 ‘dandum
394 2433 569 2464 curaret.
632 2423 765 2464 Cuius
800 2423 903 2464 scire
937 2438 979 2464 se
1016 2422 1368 2478 comparationem
1405 2421 1535 2477 pluri-

148 2486 292 2521 ‘mum
323 2480 578 2522 difficultatis
613 2490 655 2522 et
690 2480 864 2537 periculi
906 2480 1069 2522 habere.
1133 2479 1329 2520 Pluribus
1359 2479 1535 2520 consciis

115 2557 134 2588 3
149 2544 160 2563 ‘
176 2538 430 2594 comparari:
464 2549 618 2580 eventu
645 2547 861 2595 practerea
893 2539 1051 2580 incerto
1075 2553 1176 2586 esse,
1201 2547 1246 2578 ut
1267 2547 1338 2578 aut
1359 2537 1456 2578 satis
1477 2537 1536 2577 ef-

150 2596 320 2638 ‘ficacia
352 2595 405 2637 ad
439 2611 526 2638 rem
563 2597 857 2654 peragendam,
889 2606 960 2638 aut
995 2605 1084 2637 tuta
1116 2595 1167 2637 ad
1201 2610 1288 2637 rem
1319 2594 1535 2636 celandam

192 2766 212 2797 9
238 2757 344 2787 'I'atcile
366 2756 498 2794 habere]
541 2757 683 2786 Tacitum
707 2756 824 2787 haltere
913 2765 928 2785 2
953 2756 1075 2792 Quibus
1098 2757 1223 2795 cortun]
1263 2767 1304 2786 sc.
1327 2756 1371 2785 l't
1395 2755 1431 2785 iis
1449 2766 1536 2784 wuc-

151 2799 322 2838 legendum
339 2798 467 2829 coniicit
486 2798 781 2829 Drakenborchins.
870 2808 944 2828 num
969 2799 1110 2829 dandum
1136 2803 1272 2834 cumiret,
1291 2799 1407 2837 quibus
1429 2808 1536 2828 curun·

203 2851 212 2872 ι
241 2843 295 2872 ΕΛ·
323 2852 358 2872 eo
388 2843 501 2872 nolitia
531 2843 577 2879 ci]
630 2842 709 2871 {nde
739 2852 823 2871 coin·
869 2841 935 2871 ‹luri
953 2841 1020 2880 ipse
1037 2841 1221 2880 scripsisset.

152 2883 305 2914 mercium
327 2895 399 2914 cuin
421 2884 536 2914 Pom-0
552 2885 664 2915 suemt.
692 2884 731 2914 cf.
749 2883 824 2914 Ter.
911 2893 929 2922 3
951 2885 1036 2914 Satis
1051 2885 1210 2921 alic-acin]
1237 2896 1280 2914 sc.
1297 2884 1442 2913 Venena.
1480 2884 1538 2911 ('e-

156 2925 274 2957 llenut.
295 2927 320 2957 1.
341 2926 359 2957 i.
383 2936 406 2958 ι.
430 2938 614 2967 qrurnqtmm
638 2927 716 2957 haec
739 2928 824 2958 inter
868 2932 971 2958 terum
988 2927 1122 2958 alteram
1141 2938 1203 2958 rem
1221 2927 1306 2957 delet
1324 2925 1516 2957 Gronovius.

154 2979 209 3001 ηω
225 2979 350 3009 nupera
366 2971 479 3000 ’notitia
495 2970 660 3000 admodum
677 2974 732 3001 cst.
