1888 3194
722 183 1014 223 INDEX.

216 257 346 289 tertium
363 268 426 290 cos.
443 257 493 288 28.
516 259 666 297 quartum
686 267 749 288 cos.
766 267 839 288 con-

215 300 383 331 iurationis
398 300 547 330 militaris
561 299 644 331 vires
662 302 732 330 arte
753 309 840 340 spar-

214 342 261 383 git
275 347 308 374 et
323 343 456 383 dissipat
472 343 512 382 38
527 346 560 373 et
576 351 627 384 39.

173 384 212 417 C.
228 385 382 423 Marcius,
397 385 470 416 trib.
486 385 531 425 pl.
547 395 579 426 9,
595 394 645 424 30.

172 427 211 458 C.
228 427 382 466 Marcius,
397 438 497 468 augur
512 431 637 459 creatus
655 437 704 466 10,
719 437 749 469 9.

171 469 210 501 C.
227 470 370 501 Marcius
390 471 535 509 Rutilus,
551 480 613 502 cos.
633 480 664 512 9,
681 479 730 511 33.
754 470 841 511 capit

213 512 332 544 Allifas
357 513 398 544 de
424 513 623 545 Samnitibus
647 513 697 552 38.
730 514 841 545 vulne-

212 558 302 586 ratur
323 555 358 586 in
382 556 505 596 proelio
531 567 605 587 cum
632 556 841 595 Samnitibus,

212 596 290 629 ibid.
313 598 460 639 pontifex
476 603 602 630 creatur
617 609 665 639 10,
677 609 707 641 9.
731 610 842 631 censor

213 640 350 672 lustrum
366 642 475 673 condit
491 649 542 682 47.

170 683 210 716 C.
226 684 371 716 Marcius
394 685 541 725 Figulus,
565 691 691 717 creatur
714 689 842 726 praetor

213 736 266 766 43,
285 736 331 766 13.
355 728 485 759 sortitur
499 728 633 760 classem
656 736 699 768 17.
723 729 840 760 traiicit

211 768 246 800 in
267 770 438 802 Graeciam
460 782 512 810 44,
532 781 557 802 1.
585 781 659 802 cum
683 772 783 803 classe
806 772 839 803 in

211 812 442 844 Macedoniam
476 814 642 845 contendit
673 824 700 846 2.
739 814 839 846 Thes-

211 855 388 887 salonicam
403 857 520 888 frustra
535 861 701 897 oppugnat
722 867 768 889 ιο.

170 897 209 929 L.
226 898 380 936 Marcius,
398 910 496 940 eques
519 900 615 932 Rom.
635 899 840 940 Scipionibus

212 941 335 979 occisis,
349 943 415 973 dux
434 953 454 973 a
471 942 629 974 militibus
644 943 772 983 eligitur
788 951 838 982 25,

212 991 262 1023 37.
292 984 439 1016 hortatur
460 995 533 1016 suos
555 986 597 1016 ad
621 986 839 1026 oppugnanda

211 1026 353 1058 hostium
390 1032 493 1059 castra
530 1028 579 1068 38.
623 1028 700 1059 bina
737 1033 840 1059 castm

209 1069 352 1100 hostium
375 1071 462 1110 capit
478 1080 528 1112 39.
559 1071 690 1102 flamma
713 1071 741 1102 ei
765 1082 839 1102 con-

210 1112 353 1143 cionanti
367 1113 440 1144 fusa
457 1113 574 1144 dicitur
591 1124 609 1145 e
628 1114 745 1154 capite,
760 1114 838 1145 ibid.

209 1155 351 1186 scribens
375 1156 513 1194 senatui,
537 1166 571 1187 se
597 1161 838 1196 propraetorem

209 1202 389 1238 nuncupat,
418 1199 504 1229 unde
536 1199 711 1230 multorum
739 1199 837 1230 offen-

209 1240 330 1271 duntur
357 1240 458 1272 animi
490 1240 540 1280 26,
572 1251 599 1273 2.
637 1252 657 1272 a
687 1241 839 1281 Scipione

208 1292 327 1324 magno
351 1283 385 1314 in
408 1284 530 1315 honore
553 1284 690 1316 habetur
717 1294 764 1327 19.
795 1285 838 1316 ad

209 1327 464 1367 oppugnandum
477 1327 688 1359 Castulonem
700 1327 839 1358 mittitur

210 1370 262 1408 28,
281 1379 329 1411 19.
356 1370 444 1410 capit
466 1372 624 1410 Astapam
648 1371 761 1402 urbem
787 1380 837 1403 22.

210 1412 250 1443 cf.
266 1417 298 1443 et
315 1421 356 1451 34
371 1417 403 1444 et
419 1420 469 1452 35.
494 1417 526 1444 et
542 1422 596 1452 32,
613 1423 641 1445 2.

167 1453 206 1486 L.
223 1455 368 1486 Marcius
383 1455 548 1496 Septimus
563 1464 615 1494 32,
631 1466 659 1488 2.

167 1497 217 1529 Μ.
233 1497 388 1572 Μεὲτοίιιε,
417 1508 473 1529 rex
502 1508 675 1539 sacrorum,
704 1499 839 1531 moritur

211 1548 262 1580 27,
299 1565 307 1572 .

166 1583 216 1616 Μ.
233 1583 389 1623 Marcius,
404 1585 476 1616 trib.
495 1584 590 1616 milit.
611 1586 771 1616 secundae
793 1586 836 1617 le-

208 1626 322 1666 gionis,
345 1627 535 1658 interficitur
557 1627 591 1659 in
615 1628 738 1668 proelio
762 1639 836 1660 cum

209 1669 300 1700 Boiis
316 1678 368 1709 35,
384 1678 412 1710 5.

165 1711 216 1744 M.
237 1713 382 1744 Marcius
411 1714 522 1751 Ralla,
553 1717 678 1745 creatur
709 1718 838 1754 praetor

211 1764 262 1797 29,
287 1766 334 1788 11.
360 1756 490 1787 sortitur
512 1756 764 1788 iurisdictionem
788 1768 837 1788 ur-

207 1798 326 1830 banam
347 1808 393 1838 13.
418 1810 490 1830 cum
508 1800 620 1838 legatis
636 1800 838 1840 Carthagini-

208 1841 338 1872 ensibus
352 1842 491 1873 mittitur
501 1853 521 1873 a
533 1843 684 1883 Scipione
697 1843 838 1875 Romam

209 1893 262 1923 30,
278 1886 328 1923 33·

166 1926 216 1958 Μ.
233 1927 376 1959 Marcius
392 1929 516 1966 Sermo,
531 1928 602 1960 trib.
621 1929 665 1969 pl.
683 1938 735 1967 42,
753 1938 801 1961 21.

166 1969 269 2002 Num.
290 1971 443 2008 Marcius,
467 1972 571 2002 Marci
594 1972 630 2004 F.
654 1972 799 2012 pontifex
819 1982 839 2003 a

208 2013 242 2044 N
246 2023 323 2044 uma
336 2013 500 2054 Pompilio
516 2025 555 2045 ex
570 2015 721 2046 Patribus
736 2015 839 2047 lectus

211 2066 240 2093 1,
257 2066 306 2088 20.

167 2098 205 2130 Ρ.
222 2099 365 2131 Marcius
380 2100 466 2138 Rex,
482 2100 607 2140 legatus
622 2111 673 2141 43,
694 2111 718 2133 1.

165 2142 211 2178 Q.
224 2142 369 2174 Marcius
384 2143 568 2180 Tremulus,
585 2154 648 2175 cos.
665 2148 791 2174 creatur
805 2154 836 2185 9,

208 2195 258 2224 42.
282 2186 352 2217 eius
371 2196 420 2217 res
440 2186 563 2227 egregie
581 2191 690 2225 gestae
709 2196 760 2225 43.
784 2187 836 2218 tri-

208 2229 356 2269 umphat,
384 2229 462 2261 ibid.
503 2229 532 2260 ei
561 2234 669 2260 statua
698 2230 837 2269 decreta,

207 2270 285 2303 ibid.

167 2314 212 2351 Q.
230 2313 384 2352 Marcius,
403 2315 474 2347 trib.
494 2314 587 2347 milit.
608 2316 769 2347 secundae
792 2316 835 2347 le-

207 2357 321 2395 gionis,
345 2357 535 2389 interficitur
557 2358 591 2389 in
614 2359 736 2399 proelio
761 2369 835 2390 cum

210 2400 300 2431 Boiis
316 2408 366 2439 35,
384 2408 412 2440 5.

167 2442 211 2479 Q.
228 2443 373 2474 Marcius
393 2443 578 2483 Philippus,
599 2448 725 2475 creatur
745 2455 834 2485 prae-

208 2490 269 2524 tor,
281 2491 313 2517 et
328 2487 458 2517 sortitur
473 2486 616 2518 Siciliam
635 2488 686 2527 38,
699 2495 749 2525 35.
771 2498 835 2519 cos.

208 2538 262 2570 39,
291 2528 320 2561 6.
364 2529 393 2560 ei
424 2534 456 2560 ct
489 2530 632 2569 collegae
665 2531 837 2561 mandatur

208 2572 354 2612 quaestio
376 2573 416 2603 dc
442 2573 700 2603 Bacchanalibus
728 2583 772 2611 14.
803 2573 835 2604 in

211 2615 344 2655 Ligures
368 2615 523 2656 Apuanos
550 2615 759 2656 proficiscitur
786 2625 835 2648 20.

209 2657 459 2690 circumvenitur
469 2670 488 2689 a
504 2659 683 2699 Liguribus,
696 2659 772 2690 ibid.
796 2660 836 2689 ab

210 2700 278 2732 eius
298 2701 428 2733 nomine
447 2703 548 2732 saltus
564 2702 707 2733 Marcius
725 2702 836 2742 appel-

213 2743 308 2781 latus,
330 2745 407 2776 ibid.
438 2745 562 2784 legatus
586 2746 626 2776 ad
655 2756 703 2776 res
729 2746 836 2776 Mace-

211 2786 326 2817 doniae
356 2787 577 2827 Graeciaeque
608 2787 754 2818 visendas
785 2797 837 2828 39,

212 2831 263 2866 48.
288 2839 339 2867 4ο,
355 2839 372 2859 2
392 2834 424 2860 et
443 2839 471 2868 3.
495 2831 657 2861 decemvir
676 2841 836 2861 sacrorum

212 2881 264 2909 4ο,
285 2881 335 2911 42.
364 2873 487 2911 legatus
512 2873 543 2903 in
568 2874 739 2904 Graeciam
766 2873 836 2904 mit-

212 2915 290 2945 titur
306 2924 358 2952 42,
373 2924 423 2954 37.
446 2915 514 2946 cius
535 2916 732 2955 adloquium
758 2917 838 2956 petit

215 2958 350 2989 Perseus
375 2960 423 2997 38.
456 2959 715 2997 congrediuntur,
739 2964 837 2990 traus-

925 269 1031 298 gresso
1056 270 1187 291 amnem
1213 258 1343 298 Perseo,
1365 259 1419 301 qui
1445 264 1478 292 et
1501 262 1556 292 ob-

926 301 1009 332 sides
1038 303 1127 334 dedit
1157 311 1207 344 39.
1239 302 1357 334 Marcii
1386 304 1487 334 oratio
1511 305 1553 335 ad

925 353 1032 383 regem
1063 355 1112 383 40.
1158 345 1329 385 persuadet
1360 345 1488 384 Perseo,
1517 350 1554 377 ut

926 386 1036 417 mittat
1065 387 1187 427 legatos
1216 388 1358 418 Romam
1384 397 1435 426 43.
1470 389 1554 420 redit

927 429 1069 459 Romam
1087 441 1136 468 44.
1159 429 1322 470 gloriatur,
1337 430 1474 470 decepto
1497 441 1555 471 per

925 470 1069 503 indutias
1087 475 1121 503 et
1139 482 1228 512 spem
1248 472 1336 512 pacis
1350 482 1443 512 rege:
1468 475 1555 512 quod

927 514 1056 554 quidem
1077 515 1216 546 seniores
1232 515 1367 546 Patrum
1384 515 1553 546 vehemen-

927 560 977 588 ter
997 557 1181 597 improbant
1199 565 1250 597 47.
1278 567 1341 589 cos.
1363 557 1481 588 iterum
1500 568 1554 597 43,

931 609 979 639 13.
1001 600 1118 631 traiicit
1133 600 1166 631 in
1182 600 1354 631 Graeciam
1369 611 1422 639 44,
1438 610 1464 632 1.
1486 601 1554 632 eius

925 644 968 674 ad
983 643 1103 674 milites
1114 643 1226 681 oratio,
1237 643 1315 675 ibid.
1338 643 1505 674 contendit
1519 643 1554 675 in

926 686 1155 718 Macedoniam
1175 695 1192 716 2
1208 690 1240 717 et
1255 696 1322 726 sqq.
1346 685 1449 717 Dium
1466 686 1554 717 venit

929 736 956 769 7.
980 729 1104 760 laborat
1118 729 1240 768 inopia,
1255 728 1333 760 ibid.
1356 728 1424 760 eius
1440 728 1554 760 literae

926 782 966 804 ex
982 771 1177 803 Macedonia
1193 772 1334 802 Romam
1348 771 1464 802 missae
1482 770 1529 803 16.

885 814 928 851 Q.
945 815 1100 853 Marcius,
1115 815 1232 846 Marcii
1249 814 1397 855 Phihppi
1412 814 1552 846 consulis

927 858 1013 889 filius
1028 869 1080 896 44,
1097 867 1125 898 3.

883 900 926 937 Q.
944 900 1087 932 Marcius
1111 900 1221 938 Ralla,
1245 899 1396 932 duunm'r
1418 900 1553 932 aedibus

925 943 1111 974 dedicandis
1127 952 1178 982 34,
1195 952 1244 984 53.
1269 952 1320 983 35,
1336 953 1387 982 41.

883 986 927 1022 Q.
943 986 1086 1020 Marcius
1103 987 1188 1024 Rex,
1203 986 1274 1017 trib.
1293 986 1336 1026 pl.
1354 994 1406 1025 33,
1423 994 1474 1027 25.

883 1029 927 1064 Q.
944 1029 1087 1060 Marcius
1102 1029 1222 1069 Scylla,
1238 1029 1309 1060 trib.
1326 1030 1372 1069 pl.
1389 1038 1440 1067 42,
1459 1038 1509 1060 21.

882 1072 924 1102 ad
940 1072 1113 1109 Marcium,
1129 1072 1229 1110 locus,
1244 1082 1308 1103 non
1324 1072 1437 1112 procul
1452 1082 1472 1103 a
1487 1071 1549 1103 La-

924 1114 1021 1145 nuvio
1037 1113 1068 1153 6,
1086 1124 1114 1146 2.

881 1157 1071 1196 Marcolica,
1100 1157 1218 1188 nobilis
1253 1158 1328 1188 urbs
1358 1157 1551 1198 Hispaniae,

925 1200 1050 1240 capitur
1065 1210 1084 1230 a
1099 1200 1148 1232 M.
1164 1201 1324 1231 Marcello
1340 1209 1393 1240 45,
1409 1211 1438 1239 4.

882 1242 1029 1281 Marene,
1044 1242 1129 1282 regio
1146 1252 1198 1281 42,
1213 1241 1263 1282 67.

882 1285 1028 1317 Maricae
1043 1286 1136 1316 lucus
1154 1293 1204 1325 27,
1221 1293 1271 1325 37.

881 1327 1006 1359 Marius
1039 1328 1156 1366 Alfius,
1191 1328 1428 1359 Medixtuticus
1463 1329 1553 1368 apud

924 1371 1111 1411 Campanos
1135 1379 1186 1410 23,
1205 1380 1256 1412 35.
1282 1371 1316 1402 in
1339 1381 1448 1412 pugna
1469 1371 1553 1402 occi-

925 1414 1022 1453 ditur,
1038 1414 1115 1445 ibid.

882 1457 1007 1488 Marius
1034 1457 1173 1495 Blosius,
1199 1460 1327 1497 praetor
1353 1457 1552 1498 Campanus,

925 1500 1078 1531 concione
1102 1501 1270 1538 advocata,
1294 1499 1402 1539 edicit,
1430 1505 1467 1531 ut
1491 1501 1552 1532 fre-

923 1547 1058 1582 quentes
1080 1553 1153 1574 cum
1177 1542 1362 1583 coniugibus
1384 1554 1422 1574 ac
1445 1543 1553 1575 liberis

923 1585 1049 1617 obviam
1065 1585 1146 1616 irent
1164 1586 1343 1616 Hannibali
1361 1595 1412 1625 23,
1430 1594 1457 1626 7.

881 1628 1006 1659 Marius
1049 1628 1206 1666 Statilius,
1249 1628 1441 1668 praefectus,
1477 1639 1552 1660 cum

922 1675 1030 1702 turma
1049 1672 1181 1702 Lucana
1201 1672 1404 1711 exploratum
1426 1672 1553 1711 missus,

923 1714 1043 1754 detegit
1059 1714 1188 1745 insidias
1205 1714 1403 1745 Hannibalis
1419 1724 1470 1754 22,
1485 1725 1536 1754 42.

881 1757 1050 1795 Maronea,
1066 1758 1141 1788 urbs
1156 1757 1188 1787 in
1205 1757 1336 1788 Samnio
1354 1765 1404 1797 27,
1424 1767 1450 1790 1.

882 1800 1050 1837 Maronea,
1065 1801 1140 1831 urbs
1161 1800 1331 1838 Thraciae,
1349 1804 1552 1840 expugnatur

924 1854 944 1874 a
966 1843 1120 1883 Philippo
1142 1853 1193 1882 31,
1213 1841 1260 1874 16.
1287 1843 1440 1874 Antiochi
1461 1854 1550 1884 prae-

924 1886 1039 1917 sidium
1056 1887 1131 1917 inde
1147 1886 1316 1917 deducitur
1332 1894 1383 1926 37,
1395 1885 1446 1918 60.
1463 1886 1502 1918 cf.
1518 1890 1551 1918 et

925 1938 977 1970 39⁹
995 1939 1043 1968 ²4·
1067 1939 1119 1968 437
1135 1940 1164 1971 ‘)·
1530 1972 1536 1978 ¹

883 1972 1065 2004 Maronitac
1091 1982 1141 2012 31,
1168 1982 1217 2012 31.
1248 1980 1300 2012 37,
1325 1980 1375 2011 33.
1407 1972 1551 2003 Maroni-

924 2020 1029 2046 tarum
1047 2015 1134 2046 vicus
1149 2016 1226 2046 Sare
1241 2015 1426 2055 appellatus
1438 2016 1490 2054 38,
1500 2025 1550 2054 41.

924 2058 1160 2089 Maronitarum
1183 2058 1310 2089 exsules
1333 2058 1474 2089 Romam
1498 2069 1549 2090 vc*

923 2101 1017 2132 niunt
1033 2111 1084 2144 39,
1101 2111 1150 2139 24.
1174 2111 1284 2132 eorum
1302 2101 1396 2140 legati
1413 2111 1550 2140 querun-

922 2149 975 2174 tur
990 2145 1030 2175 de
1048 2144 1203 2184 Philippo
1221 2152 1269 2183 27.
1293 2144 1466 2175 crudeliter
1481 2155 1550 2176 cae-

923 2188 1043 2218 duntur
1057 2198 1076 2218 a
1094 2187 1248 2227 Philippo
1265 2196 1314 2226 34.

881 2230 1069 2268 Marrucini,
1086 2230 1197 2270 populi
1216 2232 1247 2267 8,
1268 2239 1318 2271 29.
1342 2230 1393 2268 26,
1413 2239 1458 2262 11.
1483 2240 1550 2262 ora-

923 2277 1006 2304 tores
1026 2274 1166 2304 Romam
1191 2273 1336 2311 mittunt,
1357 2283 1470 2313 pacem
1495 2283 1550 2313 pe-

922 2321 1027 2347 tentes
1042 2326 1073 2358 9,
1089 2324 1138 2355 45.
1163 2315 1200 2346 iis
1220 2316 1332 2346 foedus
1351 2316 1457 2354 datur,
1471 2316 1549 2347 ibid.

922 2360 1129 2390 devastantur
1156 2359 1197 2390 ab
1225 2358 1412 2390 Hannibale
1443 2368 1494 2397 22,
1519 2369 1549 2400 9.

922 2403 1043 2433 multos
1072 2401 1268 2433 voluntarios
1297 2402 1376 2433 dant
1406 2401 1549 2442 Scipioni

923 2445 954 2476 in
972 2446 1104 2476 classem
1122 2446 1173 2483 28,
1190 2453 1242 2484 45.

879 2488 1083 2519 Marrucinus
1097 2499 1173 2529 ager
1189 2496 1240 2527 27,
1255 2497 1308 2528 43.

880 2531 980 2569 Mars,
992 2531 1138 2562 conditor
1149 2535 1181 2562 et
1198 2541 1311 2571 parcns
1327 2530 1438 2571 populi
1452 2531 1548 2562 Rom.

924 2575 1028 2605 l’mcf.
1055 2574 1216 2605 Gradivus
1247 2584 1273 2611 1,
1299 2583 1346 2605 20.
1381 2583 1410 2607 2.
1437 2583 1487 2613 45.
1519 2574 1548 2604 ei

922 2617 1093 2648 duodecim
1116 2617 1194 2649 Salii
1215 2627 1235 2647 a
1257 2617 1369 2647 Numa.
1386 2616 1548 2656 Pompilio

924 2660 998 2691 lecti
1033 2670 1059 2697 1,
1091 2669 1139 2692 20.
1180 2661 1276 2691 l’atcr
1305 2662 1337 2698 8,
1367 2669 1396 2701 9.
1435 2659 1549 2690 Martis

923 2704 1019 2734 aedes
1044 2703 1193 2734 dedicata
1219 2701 1250 2740 6,
1275 2711 1304 2742 5.
1338 2703 1433 2732 aedes
1459 2707 1550 2732 extra

924 2750 1046 2786 portam
1065 2747 1245 2786 Capenam,
1260 2746 1301 2776 ad
1322 2756 1417 2784 quam
1439 2754 1550 2774 omncs

922 2789 1036 2819 armati
1053 2789 1223 2819 convenire
1239 2788 1312 2818 iussi
1332 2797 1361 2826 7,
1376 2797 1423 2826 23.
1450 2796 1497 2822 ¹0,
1511 2795 1547 2825 23

923 2836 955 2862 ct
973 2840 1021 2871 27.
1045 2842 1099 2862 aru
1116 2840 1167 2870 35,
1185 2841 1229 2861 ιο.
1253 2832 1292 2861 ad
1310 2840 1380 2860 cam
1394 2839 1549 2865 censores,

923 2875 1030 2904 statim
1061 2874 1140 2904 inito
1167 2873 1363 2913 iiiagistratu.
1387 2871 1473 2902 sellis
1495 2882 1547 2902 cn-

924 2917 1046 2947 rnlibus
1065 2915 1240 2951 considere,
1256 2926 1324 2945 mos
1343 2918 1410 2945 crat
1430 2923 1482 2953 4ο,
1497 2923 1548 2953 45.

927 2960 1016 2990 basta
1035 2968 1084 2996 24,
1105 2967 1148 2990 ιο.
1175 2958 1261 2989 lacus
1280 2957 1310 2988 in
1327 2967 1401 2997 agro
1417 2959 1548 2989 Crustu-
