1888 3194
381 190 465 230 510
664 184 1015 228 VARIETAS
1061 184 1495 229 LECTIONUM

374 279 644 335 proditorem
673 279 913 320 liberorum.
976 278 1114 333 Legis
1143 278 1251 319 177766
1274 278 1499 320 Romanae
1527 277 1638 332 esse]
1665 292 1774 334 pro-

381 337 560 378 ditorem
600 336 824 377 liberorum
864 335 996 390 regis.
1060 335 1188 376 Haec
1222 335 1421 376 Romana
1461 350 1565 376 6336.
1588 335 1771 390 ——Cap.

381 393 450 434 48.
474 393 539 434 M.
558 392 806 445 Lucretius]
836 392 1077 433 Lucretius.
1096 416 1152 420 ——
1171 391 1281 432 Ibid.
1312 391 1619 446 quinqueremi]
1653 392 1774 447 quin-

383 464 591 504 quereme.
608 449 787 503 ——Cap.
811 449 878 488 49.
909 449 952 489 in
986 447 1263 502 Capitolium]
1299 448 1569 503 Capitolium.
1586 448 1771 490 —Ibid.

381 505 739 561 Apolloniatium]
758 504 1042 560 Apolloniati.
1057 505 1232 558 —Cap.
1253 506 1318 544 50.
1337 505 1530 559 emotum]
1554 511 1771 546 remotum.

382 563 564 604 —lbid.
598 577 666 603 res
703 562 819 616 [sint‚
853 560 1059 614 statuere]
1093 560 1230 615 apud]
1262 576 1331 601 763
1353 560 1409 582 *³³
1441 563 1571 616 apud.
1588 561 1771 603 ——Ibid.

382 626 470 668 aut,
508 619 570 672 ut]
608 620 672 659 ita
705 625 762 658 ut.
781 618 960 670 —Cap
995 618 1061 656 51.
1093 618 1357 666 Alcidemon,
1384 618 1536 671 sacto]
1578 618 1774 659 Alcidem

382 677 588 730 confecto.
607 699 663 703 -——
680 675 788 715 Ibid.
814 674 1109 728 quadraginta
1131 672 1237 725 tria]
1262 675 1570 737 97777717·αοὶ77777.
1587 699 1644 703 —-
1660 675 1772 716 Ibid.

382 721 464 773 dub
495 732 633 772 millia
665 736 818 771 erant:
861 745 1014 784 agema
1045 730 1155 769 1777776
1186 730 1274 783 ipsi
1306 730 1512 784 legionem
1544 731 1772 785 vocabant]

382 790 464 828 duo
505 793 629 828 etant
668 792 901 841 agemata:
951 786 1062 826 1777776
1102 786 1188 839 ipsi
1229 786 1437 840 legionem
1477 788 1699 828 vocabant.
1717 811 1775 817 —-

382 845 491 884 Ibid.
527 842 809 896 Leonnatum]
849 842 1097 882 Leonatum.
1118 866 1173 869 —
1195 842 1308 882 Ibid.
1346 843 1500 896 Sintis]
1538 843 1776 884 Sintiis.—

382 901 491 941 Ibid.
516 901 590 941 Ita
620 899 797 952 summa]
834 899 1016 939 Summa.
1034 897 1214 951 —Cap.
1243 899 1308 938 54.
1338 899 1500 953 scalae]
1536 906 1577 940 et
1608 901 1771 942 scalae.

381 957 565 998 —Ibid.
590 972 675 1011 qua
705 956 859 1010 Tempe
884 955 1059 1008 adeunt]
1086 970 1195 1009 quae
1224 956 1379 1010 Tempe
1403 957 1573 997 adeunt.
1590 981 1648 985 —
1665 957 1771 1011 Cap.

383 1015 449 1054 55.
474 1013 675 1066 Scaeam]
701 1014 864 1053 Sceam.
883 1036 938 1040 —
957 1012 1067 1052 Ibid.
1092 1012 1147 1052 ab
1169 1018 1260 1052 tota
1278 1012 1425 1067 gente]
1456 1013 1500 1053 7’7“7
1521 1019 1611 1054 70777
1629 1020 1772 1069 gente.

380 1071 565 1112 —lbid.
602 1071 662 1110 ad
686 1070 802 1110 mille
835 1067 1105 1124 quingentos]
1139 1070 1199 1108 ad
1228 1070 1354 1110 mille.
1371 1070 1552 1136 -Cap.
1577 1071 1642 1111 56.
1672 1071 1776 1112 Has

372 1128 575 1183 yar-aeta]
608 1127 808 1168 Praetor.
826 1125 1009 1166 -Ibich
1040 1141 1067 1166 a
1099 1126 1274 1179 castris]
1308 1127 1363 1166 ab
1395 1128 1566 1168 castris.
1587 1151 1645 1156 -—
1666 1127 1772 1182 Cap

381 1186 447 1226 58.
484 1184 711 1240 plurimus]
753 1184 957 1238 plurium.
975 1183 1159 1222 —Ibid.
1204 1182 1384 1235 Medon]
1429 1184 1557 1224 Milo.
1582 1183 1772 1226 —Ibid.

381 1242 603 1307 explebat]
627 1241 830 1296 explenei
832 1246 890 1281 at
908 1240 1091 1280 -Ibid.
1119 1245 1158 1279 et
1188 1240 1373 1280 67773716777
1395 1240 1557 1294 mentis]
1587 1241 1774 1282 eiusdem

378 1299 539 1353 gentis.
557 1297 737 1351 —Cap.
762 1298 828 1337 59.
853 1298 923 1337 ira
951 1295 1172 1349 concitati]
1204 1297 1419 1337 60776777777.
1438 1297 1624 1338 --Ι1)ἱ(1.
1647 1296 1774 1352 *-gla

380 1356 462 1396 diis
484 1357 634 1396 hastas
647 1360 800 1408 petere
818 1354 1002 1408 pedites,
1025 1352 1047 1373 ’ᾗ
1062 1352 1084 1373 ³⁶
1107 1352 1282 1407 nunc]e>
1264 1354 1423 1394 (7717771773
1449 1354 1598 1394 leastas
1624 1360 1774 1409 petere

373 1412 556 1466 pedites,
580 1426 698 1452 nunc.
717 1435 774 1439 —
792 1410 902 1451 Ibid.
931 1409 1068 1455 Quum
1100 1409 1235 1449 victor
1264 1411 1454 1464 equestri
1480 1411 1650 1465 proelio
1678 1425 1772 1461 7677,

380 1469 527 1509 Parvo
549 1473 752 1508 momento
768 1468 806 1507 si
828 1467 1103 1514 adiuvissent,
1123 1466 1377 1506 debellatum.
1394 1481 1513 1507 esse·
1499 1498 1508 1513 ,
1535 1473 1775 1522 opportune

379 1524 645 1577 adhortanti]
674 1524 826 1572 Quum,
852 1523 986 1563 victor
1013 1523 1199 1576 equestri
1225 1523 1396 1577 proelio
1425 1538 1505 1564 rex
1524 1538 1668 1578 parvo
1689 1539 1774 1565 mo-

379 1587 516 1622 mento
548 1582 586 1621 si
619 1581 868 1626 adiuvisset,
904 1580 1159 1619 debellatum
1191 1585 1316 1628 esset,
1350 1586 1588 1635 opportune
1619 1581 1774 1621 adhor-

378 1638 501 1678 tanti.
520 1661 577 1665 —
597 1636 708 1678 Ibid.
742 1636 1008 1688 Leonnatus]
1046 1636 1275 1676 Leonatus.
1294 1660 1351 1664 —
1373 1637 1483 1677 Ibid.
1518 1651 1670 1692 agmen
1693 1652 1773 1692 pe-

378 1693 529 1747 ditum]
555 1708 707 1748 agmen
729 1693 974 1747 inpeditum.
993 1717 1050 1721 —
1068 1692 1173 1746 Cap.
1196 1693 1264 1733 60.
1289 1693 1408 1747 capti
1428 1694 1621 1734 sexcenti
1625 1694 1774 1748 ferme

377 1750 558 1805 equites]
598 1751 717 1805 capti
741 1750 888 1803 ferme
920 1750 1087 1789 ducenti
1121 1749 1503 1804 equites.—Ibid.
1540 1750 1771 1805 traductis]

377 1807 654 1848 transductis.
671 1831 727 1835 ——
747 1806 854 1846 Ibid.
880 1806 952 1860 qui
966 1805 1119 1860 primi]
1140 1806 1287 1859 primi.
1301 1806 1481 1846 -Ibid.
1505 1807 1772 1857 dicebantur,

377 1864 557 1904 Romam
593 1863 730 1916 missi]
765 1863 1028 1903 dicebantur.
1046 1862 1226 1916 -Cap.
1263 1864 1329 1904 61.
1368 1862 1540 1917 Donat]
1577 1864 1702 1904 dona.
1716 1887 1775 1893 ——-

378 1920 489 1961 Ibid.
517 1920 734 1974 facinora
773 1920 870 1971 sua]
912 1925 1011 1959 ante
1051 1933 1128 1959 ora
1169 1934 1258 1959 sua.
1282 1943 1338 1948 -—
1360 1919 1469 1960 Ibid.
1508 1919 1771 1984 Mopselum]

378 1977 608 2032 111οΡ3777777.
627 2001 684 2005 -
700 1976 810 2017 Ibid.
843 1976 1042 2016 Tumulus
1064 1976 1133 2016 hic
1155 1981 1254 2016 ante
1282 1976 1438 2031 Tempe
1464 1983 1527 2017 est
1555 1983 1596 2017 et
1621 1977 1772 2017 eminet

377 2034 589 2074 Larissae
610 2034 770 2073 medius
791 2032 812 2054 *ἐ
828 2031 868 2086 Ἴ
893 2039 1005 2072 tumn
997 2033 1073 2072 1773
1094 2032 1164 2072 liic
1183 2032 1295 2072 inter
1319 2033 1473 2087 Tempe
1489 2039 1530 2073 et
1546 2033 1656 2072 Lm
1642 2047 1772 2074 issam

377 2091 538 2130 medius
577 2096 651 2130 est.
668 2089 848 2143 *Cap
884 2090 951 2129 62.
990 2090 1042 2128 de
1082 2103 1242 2129 summa
1284 2089 1399 2142 belli]
1442 2090 1494 2129 de
1527 2104 1698 2129 summa.
1714 2113 1772 2118 ——

377 2145 486 2186 Ibid.
503 2147 546 2186 777
563 2145 894 2198 conditionem]
880 2160 923 2185 777
940 2145 1194 2185 conditione.
1211 2168 1265 2173 -—
1281 2145 1390 2185 Ibid.
1409 2146 1464 2185 ab
1489 2145 1534 2184 T.
1551 2145 1769 2200 Quinctio]

377 2217 403 2242 a
434 2203 480 2242 T.
502 2202 718 2247 Quinctio.
737 2226 795 2230 —-
813 2201 921 2241 Ibid.
952 2202 1007 2241 ab
1032 2207 1117 2240 tam
1143 2201 1406 2241 memorabili
1427 2201 1600 2256 pugna]
1631 2217 1658 2242 a
1683 2208 1771 2243 tam

376 2259 640 2300 memorabili
653 2273 821 2313 pugna.
838 2281 895 2285 ——
912 2256 1024 2296 Ibid
1050 2257 1207 2297 Pacem
1223 2257 1408 2310 petiere]
1429 2258 1587 2299 Pacem
1601 2264 1767 2313 petere.

374 2314 553 2369 -—Cap.
580 2315 649 2354 63.
684 2312 986 2377 oppugnabat]
1020 2313 1308 2377 obpugUnatat.
1327 2313 1512 2355 *Ibid.
1543 2329 1630 2369 qua
1660 2315 1771 2356 duae

376 2377 531 2419 turres,
564 2371 761 2426 quodque
792 2371 904 2410 inter
935 2383 1009 2409 eas
1039 2370 1147 2409 muri
1177 2375 1284 2418 erat,
1314 2385 1414 2411 ruer
1417 2369 1509 2424 ant]
1544 2386 1628 2425 qua
1657 2372 1770 2412 duae

376 2434 530 2474 turi-‚es
561 2428 757 2481 quodque
787 2426 898 2466 inter
918 2440 993 2466 eas
1020 2426 1129 2465 muri
1153 2433 1379 2479 prorutum
1395 2427 1564 2480 fuerat.
1583 2427 1765 2481 —Cap.

375 2484 442 2524 64.
463 2482 779 2535 excitaverunt]
807 2482 1067 2522 exciverunt.
1085 2505 1142 2510 —
1159 2481 1268 2523 Ibid.
1293 2484 1371 2523 sub
1392 2482 1502 2534 luce]
1526 2484 1603 2524 sub
1621 2484 1766 2525 lacem.

374 2540 554 2594 *Cap
579 2541 645 2580 65.
677 2538 939 2604 [Mopselum]
967 2538 1200 2593 Mopsium.
1221 2562 1277 2567 —
1300 2539 1411 2579 Ibid.
1438 2540 1580 2603 effuso·
1596 2540 1768 2594 agmine

375 2596 495 2649 isset]
529 2597 664 2651 effuso
693 2595 867 2649 agmine
897 2595 1041 2635 issent.
1059 2594 1242 2635 —Ibid.
1270 2596 1326 2635 ab
1350 2595 1456 2648 ictu]
1485 2596 1540 2636 ab
1564 2596 1694 2636 iactu.
1711 2620 1769 2625 -—

375 2653 485 2693 Ibid.
501 2650 779 2707 sagittisque]
798 2651 1036 2705 sagittis-ve.
1051 2673 1107 2678 —
1121 2650 1231 2691 Ibid.
1250 2650 1372 2692 Huic
1388 2652 1600 2706 abiegnae
1621 2653 1768 2694 breves

367 2709 533 2774 pinnae
553 2708 659 2761 tres]
683 2708 781 2748 177776
801 2709 861 2747 7771
879 2707 1099 2748 libramem
1111 2707 1279 2760 pinnae
1299 2713 1398 2747 tres.
1407 2731 1464 2736 -—
1477 2707 1589 2748 Ibid.
1612 2709 1768 2749 maiori

374 2765 488 2819 nisu]
519 2765 674 2805 maiori
702 2764 808 2804 sinu.
826 2763 1006 2815 ——Cap.
1030 2764 1099 2803 66.
1128 2768 1170 2802 ut
1198 2763 1425 2818 utcunque]
1459 2770 1692 2819 utcumque.
1709 2788 1767 2794 —-

375 2822 482 2876 Cap.
505 2822 572 2862 67.
597 2819 858 2876 Mopselum]
883 2819 1115 2873 BIopsium.
1133 2818 1224 2859 --Ι
1233 2820 1317 2860 b1d
1350 2835 1400 2861 eoe
1423 2821 1691 2876 propinquo]
1724 2827 1767 2862 et

367 2878 648 2936 propinquos
665 2901 721 2906 -
736 2875 983 2929 restitisset]
1006 2890 1075 2916 res
1096 2881 1217 2915 esset.
