1888 3194
580 155 1010 200 KREYSSIGII.

104 263 328 315 Strothio⁴,
357 263 546 320 Iungio⁵,
568 263 892 314 Wernsdorfi06,
918 262 1152 306 Osiandro⁷
1179 270 1221 304 et
1254 262 1500 312 Seebodioss,

101 332 176 388 qui
205 332 350 382 varias,
380 347 484 387 quas
510 341 675 383 vocant,
703 332 906 374 lectiones
936 347 990 373 ex
1020 330 1236 373 codicibus
1256 329 1500 379 Veithiano,

101 399 339 450 Hafniensi,
367 399 792 451 Helmstadiensibus,
826 399 1135 457 Stutgardiensi
1163 407 1207 440 et
1230 397 1502 440 Cracoviensi

99 471 437 524 excerpserunt9,
475 484 523 510 ac
557 484 657 525 prae
697 469 848 511 ceteris
885 468 1102 518 Goellero,
1136 467 1211 524 qui
1245 482 1331 508 non
1367 465 1502 507 solum

101 535 215 578 Livii
263 535 419 577 librum
459 537 716 578 tricesimum
758 537 928 578 tertium
970 535 1117 586 multo,
1159 550 1286 592 quam
1332 533 1434 575 olim
1479 548 1504 575 a

101 603 336 646 Carbachio
381 619 434 646 ex
480 604 625 646 codice
668 604 929 661 Moguntino
979 603 1201 660 evulgatus
1251 611 1352 652 erat,
1394 601 1504 642 inte-

99 671 279 728 griorem
324 680 451 728 atque
493 672 824 714 emendatiorem
866 687 920 713 ex
960 670 1317 728 praestantissimo
1357 669 1502 711 codice

101 737 404 797 Bambergensi
439 740 585 790 edidit,
623 741 698 782 sed
733 741 859 782 etiam
895 755 1065 782 omnem
1101 739 1330 781 lectionum
1366 737 1504 779 diver-

100 807 267 849 sitatem
295 808 340 850 in
369 809 531 859 ceteris,
554 825 660 865 quos
684 809 754 851 ille
777 809 980 860 continet,
1005 808 1118 849 Livii
1148 807 1264 849 libris
1294 815 1504 863 repertam

100 889 155 916 ex
176 875 326 917 eodem
347 877 583 918 enotavit¹⁰.
636 876 766 925 Quod
787 892 920 933 quum
944 875 1182 925 Goellerus,
1205 875 1290 916 sive
1313 883 1502 931 tempore

101 942 308 994 exclusus,
332 944 417 986 sive
441 945 688 986 necessitate
711 954 892 994 coactus,
916 945 1069 1001 raptim
1091 959 1169 985 nec
1191 944 1289 985 satis
1310 951 1503 985 accurate

99 1010 246 1053 fecisse
276 1011 502 1062 videretur,
536 1021 582 1053 ut
615 1013 731 1062 mihi,
764 1013 938 1069 epistola
971 1013 1024 1054 de
1057 1012 1273 1053 nonnullis
1305 1011 1401 1053 libri
1432 1011 1506 1052 tri-

100 1079 246 1121 cesimi
276 1079 389 1120 tertii
420 1079 522 1120 loeis
553 1079 608 1120 ad
634 1080 882 1121 Goellerum
913 1080 1158 1136 perscripta,
1189 1080 1345 1121 codicis
1377 1078 1506 1120 Bam-

100 1147 314 1204 bergensis
359 1147 502 1188 denuo
552 1147 807 1204 inspiciendi
857 1148 979 1204 copia
1029 1147 1213 1197 daretur,
1255 1162 1280 1188 a
1320 1146 1504 1198 Iaeckio,

100 1214 381 1258 bibliothecae
433 1215 757 1272 Bambergensis
805 1215 1029 1272 praefecto,
1077 1215 1164 1271 qui,
1211 1230 1296 1271 qua
1343 1215 1505 1257 ratione

102 1282 317 1325 codicibus
357 1284 436 1340 ipsi
477 1284 522 1324 in
562 1284 796 1325 custodiam
837 1283 1090 1325 concreditis
1131 1282 1194 1324 uti
1235 1282 1320 1323 sive
1366 1282 1507 1338 potius

102 1350 219 1393 abuti
258 1352 536 1402 consueverit,
578 1352 703 1393 editis
743 1367 881 1408 nuper
922 1351 1091 1393 Horatii
1131 1358 1174 1392 et
1209 1349 1378 1407 Virgilii
1418 1364 1508 1391 car-

102 1419 287 1461 minibus
317 1419 486 1476 publice
515 1419 755 1470 declaravit,
778 1419 1015 1461 verecunde
1041 1418 1227 1475 quidem,
1251 1418 1326 1459 sed
1355 1418 1509 1459 frustra

104 1486 317 1529 contendi.
384 1487 533 1529 Nihilo
579 1488 718 1529 minus
763 1497 918 1537 tamen,
960 1502 1094 1543 quum
1139 1486 1337 1528 editionis
1379 1486 1506 1536 Livii,

105 1569 233 1612 quam
269 1555 321 1596 ab
358 1555 554 1597 Ernestio
590 1555 835 1597 adornatam
872 1570 960 1596 esse
1001 1569 1128 1611 supra
1163 1554 1266 1604 dixi,
1303 1569 1508 1610 recogno-

105 1622 285 1665 scendae
311 1623 526 1679 provincia
554 1623 664 1664 ultro
692 1623 796 1664 mihi
818 1622 1064 1672 deferretur,
1087 1622 1168 1663 frui
1189 1622 1343 1678 paratis
1363 1621 1506 1672 malui,

106 1708 234 1750 quam
270 1692 452 1734 oblatam
486 1692 539 1733 de
575 1692 688 1734 Livii
724 1691 839 1732 libris
876 1691 982 1732 bene
1020 1690 1210 1732 merendi
1245 1690 1509 1732 occasionem

106 1761 318 1804 dimittere
336 1776 346 1811 ;
379 1760 625 1818 praesertim
647 1775 779 1816 quum
803 1759 1059 1801 Bliimnerus
1081 1759 1330 1800 diuturnum
1352 1758 1509 1800 codicis

1412 159 1498 200 479

151 1907 171 1934 4
194 1895 395 1926 Varietatem
429 1894 575 1926 lectionis
606 1904 645 1924 ex
674 1894 786 1924 codice

109 1937 298 1976 Veithiano,
315 1938 369 1977 riui
396 1938 532 1977 primam
558 1937 641 1967 Livii
663 1937 787 1966 decada

108 1981 264 2018 continet,
294 1992 314 2011 a
351 1980 495 2011 Strothio
532 1984 731 2018 excerptam,
768 1989 787 2009 a

109 2022 286 2063 Doeringio
312 2028 421 2053 autem
450 2023 482 2052 in
508 2022 650 2052 editione
679 2032 785 2051 recen-

107 2065 232 2096 tissima
256 2065 419 2102 omissam,
448 2064 625 2095 Klaiberus
652 2063 785 2094 editioni

109 2108 344 2148 Stutgardiensi
361 2107 505 2138 inseruit.

153 2159 170 2191 5
197 2150 308 2182 Ioacb.
336 2150 443 2190 Iungii
475 2149 647 2189 Specimen
675 2148 786 2179 lectio-

109 2203 187 2224 num
202 2193 393 2224 variantium
411 2192 532 2224 codicis
548 2190 785 2222 membranacei

110 2235 236 2267 Liviani
256 2235 366 2267 seculo
388 2235 562 2265 undecimo
581 2234 716 2270 exarati,
732 2233 787 2273 qui

109 2278 143 2309 in
162 2278 361 2309 bibliotheca
381 2277 518 2315 collegii
543 2276 665 2307 Medici
689 2286 787 2306 asser-

111 2325 212 2352 vatur.
254 2321 340 2351 Part.
358 2321 384 2351 1.
404 2320 452 2351 11.
469 2319 621 2355 llasniae,
639 2320 785 2358 1783-84.

113 2363 213 2394 Hunc
240 2363 384 2393 codicem
418 2367 529 2402 postea
557 2362 587 2391 in
616 2361 786 2391 bibliothe-

111 2415 183 2437 mm
223 2405 420 2437 Academiae
461 2403 650 2434 llafniensis
689 2408 787 2434 trans-

111 2448 213 2479 latum
231 2459 311 2485 esse,
327 2452 528 2487 compertum
546 2446 660 2476 haben.

154 2489 174 2522 6
197 2491 274 2523 Chr.
313 2489 468 2529 Tlieopli.
511 2488 708 2519 wernsdorf
749 2489 790 2519 de

114 2532 196 2565 Livii
228 2533 354 2573 aliquot
389 2531 553 2563 codicibus
588 2530 788 2562 llelmstadi-

112 2575 252 2613 ensibus,
287 2576 318 2606 in
356 2574 460 2606 Novis
495 2574 585 2604 Actis
619 2573 790 2604 Societatis

114 2617 251 2649 Latinae
274 2617 431 2654 lenensis,
450 2617 527 2647 Vol.
547 2616 574 2648 Ι.
598 2626 627 2655 p.
648 2625 699 2656 99.
719 2626 787 2654 sqq.

117 2659 293 2700 Utriusque
310 2659 429 2690 codicis
446 2659 599 2690 lectiones
615 2657 789 2688 Kluiberus

113 2702 246 2733 editioni
264 2701 496 2739 Stutgardiensi
513 2701 648 2731 addidit.

160 2752 176 2783 7
202 2743 321 2775 Variae
345 2744 499 2774 lectiones
523 2754 541 2774 c
566 2743 677 2774 codice
704 2742 788 2773 Livii

115 2786 359 2817 membranaceo
373 2785 605 2824 Stutgardienui
619 2786 660 2816 ab
675 2785 787 2815 (nian-

115 2828 173 2859 dro
194 2832 356 2864 enotatne,
371 2828 403 2858 in
423 2827 649 2859 Friedemanni
667 2832 697 2857 et
715 2828 788 2857 See-

117 2870 203 2901 bodii
225 2869 443 2902 miscellaneis
465 2870 640 2901 maximam
666 2874 789 2908 partem

831 1893 960 1931 criticis,
978 1894 1053 1924 vol.
1074 1894 1100 1925 I.
1122 1894 1208 1924 Part.
1225 1893 1251 1925 Ι.
1270 1903 1300 1933 p.
1322 1892 1390 1925 168.
1408 1903 1475 1933 sqq.

875 1938 893 1967 8
922 1936 1039 1966 Variae
1067 1937 1221 1966 lectiones
1245 1946 1262 1966 e
1289 1936 1398 1966 codice
1424 1936 1508 1967 Livii

832 1978 1037 2009 Cracoxiensi
1060 1990 1078 2009 a
1096 1978 1254 2009 Sec-bodio
1277 1983 1460 2018 excerptae,
1476 1979 1509 2009 in

832 2021 944 2051 iisdem
972 2021 1193 2051 Miscellaneis
1217 2020 1346 2058 criticis,
1365 2021 1440 2052 vol.
1460 2021 1508 2053 11.

833 2064 921 2094 Part.
942 2063 1004 2094 IV.
1024 2073 1053 2103 p.
1075 2063 1148 2101 634.
1165 2074 1232 2102 sqq.

874 2115 894 2147 9
919 2107 1013 2136 Adde
1041 2111 1181 2136 nostram
1212 2105 1297 2136 Diss.
1324 2106 1364 2136 de
1392 2105 1510 2137 codicis

831 2149 1070 2179 membranacei
1095 2149 1134 2179 T.
1150 2147 1234 2179 Livii
1260 2148 1408 2179 Patavini
1434 2148 1509 2179 Ilis-

831 2191 984 2221 toriarum
1016 2191 1113 2221 libros
1140 2191 1218 2221 olim
1241 2191 1403 2230 complexi
1430 2191 1510 2230 frag-

832 2239 955 2271 mento,
987 2233 1220 2273 Norimbergae
1252 2233 1284 2263 in
1313 2233 1511 2264 bibliotheca

834 2276 1002 2307 Murriana
1019 2282 1155 2316 reperto.
1204 2275 1292 2315 Lips.
1315 2276 1404 2306 1812.
1421 2280 1453 2306 et
1469 2275 1510 2307 cf.

833 2319 917 2349 Acta
951 2318 1121 2350 Seminarii
1156 2318 1249 2357 Regii
1277 2322 1307 2348 ct
1340 2318 1512 2349 Societatis

835 2361 1056 2401 Philologicae
1070 2360 1256 2400 Lipsiensis,
1268 2360 1343 2391 vol.
1357 2360 1408 2391 ll.
1424 2361 1511 2391 Part.

836 2404 884 2434 ΙΙ.
904 2414 933 2443 p.
951 2413 1023 2442 440.
1041 2414 1108 2442 sqq.
1157 2404 1208 2434 Ex
1234 2403 1294 2433 hac
1322 2402 1442 2434 codicis
1467 2404 1511 2434 la-

834 2445 919 2476 cinia
944 2447 1034 2476 locus
1058 2446 1127 2477 Liv.
1151 2445 1316 2477 XXVII.
1337 2444 1383 2476 16.
1404 2455 1511 2476 emcn-

835 2489 929 2518 datus
945 2494 1003 2519 est.

882 2540 919 2562 10
942 2530 981 2561 T.
1002 2530 1084 2561 Livii
1114 2529 1264 2561 Patavini
1293 2529 1511 2560 Historiarum

835 2573 933 2603 Liber
945 2573 1057 2603 tertius
1071 2573 1261 2612 trigesimus,
1272 2572 1400 2603 auctius
1415 2577 1513 2611 utque

834 2615 1036 2646 emendatius
1057 2626 1129 2645 cum
1155 2616 1206 2646 Fr.
1228 2614 1366 2645 Iacobsii
1385 2614 1514 2654 suisque

834 2658 918 2688 notis
946 2668 985 2688 ex
1015 2657 1126 2688 codice
1156 2657 1383 2696 anbergensi
1412 2657 1512 2687 edidit

835 2700 950 2730 Franc.
976 2700 1120 2730 Goeller.
1139 2700 1282 2730 Accessit
1311 2699 1459 2738 Epistola
1485 2699 1512 2729 Ι.

834 2743 896 2773 Th.
929 2742 1107 2782 Kreyssigii
1135 2743 1176 2772 ad
1207 2742 1362 2772 editorem
1395 2746 1427 2771 ct
1462 2751 1513 2770 va-

835 2785 930 2815 rietas
959 2785 1134 2814 lectionum
1162 2784 1193 2814 in
1221 2783 1307 2814 libris
1337 2784 1515 2814 xxxl—

837 2827 1061 2858 xxxvul.
1094 2836 1133 2856 cx
1166 2827 1279 2856 eodem
1313 2825 1424 2855 codice
1461 2835 1514 2855 ex-

835 2874 955 2909 cerpta.
1002 2868 1206 2900 ancosurti
1223 2869 1264 2898 ud
1282 2868 1392 2899 Moen.
1415 2867 1505 2898 182².
