1888 3194
428 193 948 239 ARGUMENTUM
992 194 1121 236 LIB.
1169 194 1292 236 XCI.
1478 199 1556 237 321

442 367 1264 429 ARGUMENTUM

187 529 200 546 .
305 488 899 543 FRAGMENTI
975 488 1396 544 LIVIANI.

749 616 944 640 *⁴*—

326 701 694 752 SERTORIUS‚
734 702 967 745 Contrebia
998 703 1039 744 vi
1073 713 1116 745 et
1147 704 1345 760 operibus
1381 703 1553 745 tandem

157 708 292 829 Q0
361 770 605 817 expugnata
636 760 866 816 relictoque
900 761 958 801 ibi
993 760 1042 802 L.
1066 760 1239 811 Insteio,
1262 761 1315 803 ad
1342 761 1553 803 Hiberum

151 833 394 875 progressus
414 818 555 875 copias
576 818 621 859 in
642 817 914 859 hibernacula
941 818 1175 859 secundum
1197 819 1416 875 oppidum,
1439 818 1555 875 quod

154 855 305 917 Castra
325 875 451 917 Aelia
470 884 655 925 vocatur,
678 875 898 916 aedificata
918 875 1110 916 deduxit.
1173 874 1253 926 Ibi,
1280 876 1398 917 novis
1429 877 1555 917 armis

151 933 499 989 vestimentisque
530 933 736 974 exercitui
766 932 909 974 divisis
941 943 984 974 et
1016 933 1227 989 stipendio
1258 933 1372 983 dato,
1399 933 1555 975 instru-

151 1000 296 1032 menta
340 990 440 1032 belli
485 990 621 1046 parari
666 990 798 1039 iussit,
840 1005 947 1031 conv
951 999 1172 1046 ocatasque
1216 990 1470 1047 populorum
1511 999 1554 1032 et

151 1048 368 1089 civitatum
400 1047 644 1103 legationes,
677 1047 821 1102 gratiis
843 1062 929 1111 ‘pro
963 1062 1091 1103 opela
1123 1048 1201 1089 sibi
1233 1048 1422 1104 praebita
1452 1048 1555 1089 actis

151 1104 438 1161 expositisque
470 1105 593 1145 rebus
625 1119 649 1145 a
675 1119 718 1145 se
746 1104 885 1160 gestis,
910 1104 963 1145 ad
991 1104 1154 1160 reliqua
1185 1105 1286 1146 belli
1311 1105 1554 1146 cohortatus

151 1173 225 1203 est.
289 1161 476 1202 Dimisso
497 1160 652 1202 deinde
679 1171 905 1210 conventu,
928 1161 1136 1217 principio
1158 1162 1265 1203 veris
1291 1161 1353 1203 M.
1374 1162 1554 1218 Perper-

150 1233 249 1260 nam
282 1218 327 1259 in
364 1217 633 1259 Ilercaonum
668 1227 839 1274 gentem
877 1219 1002 1268 misit,
1040 1218 1093 1259 ad
1129 1219 1332 1260 tuendam
1370 1219 1554 1275 reglonis

150 1276 241 1318 eius
258 1275 511 1317 maritimam
527 1290 656 1325 oram,
675 1285 801 1332 atque
827 1274 878 1317 C.
896 1275 1190 1318 Herennuleio
1207 1286 1250 1317 et
1271 1276 1320 1317 L.
1339 1254 1554 1317 Hirtuleio

150 1333 204 1375 de
240 1333 351 1375 bello
387 1332 720 1374 administrando
757 1342 981 1390 praecepta
1017 1332 1150 1374 dedit.
1212 1333 1308 1390 Ipse
1345 1349 1443 1375 cum
1479 1349 1555 1375 suo

150 1391 341 1433 exercitu
371 1390 415 1431 in
437 1390 626 1432 Berones
656 1399 699 1432 et
722 1391 981 1447 Autrigones
1011 1390 1209 1447 progredi
1240 1391 1400 1441 statuit,
1424 1400 1551 1448 atque

151 1457 318 1505 praeter
340 1447 549 1489 Hiberum
581 1448 625 1488 in
656 1447 935 1498 Bursaonum,
968 1447 1319 1490 Cascantinorum
1351 1457 1394 1490 et
1419 1448 1556 1490 Grac-

152 1506 437 1548 curitanorum
461 1505 565 1546 fines
588 1505 813 1561 profectus,
836 1506 890 1546 ad
915 1505 963 1547 C·
956 1505 1158 1562 ilagurim
1186 1505 1399 1556 Nasicam,
1422 1506 1556 1548 socio-

153 1578 247 1604 rum
279 1563 438 1611 urbem,
470 1563 612 1604 venit:
661 1541 1047 1619 transgressusqueD
1061 1578 1230 1604 amnem
1265 1564 1555 1620 propinquum

154 1620 249 1661 urbi
277 1628 411 1660 castra
438 1620 588 1675 posuit.
652 1620 766 1661 Tum
799 1620 861 1661 M.
882 1620 1067 1661 Marium
1091 1629 1357 1676 quaestorem
1379 1621 1423 1661 in
1446 1622 1556 1662 Are-

154 1692 276 1719 vacos
298 1686 340 1718 et
360 1676 626 1718 Cerindones
649 1677 773 1727 misit,
792 1677 844 1718 ad
865 1677 1188 1719 conscribendos
1210 1693 1263 1719 ex
1286 1678 1335 1718 iis
1386 1678 1554 1719 entibus

155 1734 323 1784 milites,
360 1734 705 1790 frumentumque
748 1734 846 1776 inde
886 1734 1174 1784 Contrebiam,
1209 1750 1317 1791 quae
1355 1693 1556 1776 Leucada

155 1792 402 1849 appellatur,
444 1791 820 1847 comportandum:
867 1800 910 1832 et
953 1792 1002 1832 C.
1032 1791 1254 1842 Insteium,
1295 1792 1555 1848 praefectum

154 1850 360 1906 equitum,
386 1848 606 1905 Segoviam
638 1858 680 1889 et
711 1849 754 1889 in
778 1848 1065 1890 Vaccaeorum
1097 1858 1282 1904 gentem,
1305 1849 1359 1890 ad
1390 1850 1555 1906 equites

155 1906 478 1962 conquirendos.
545 1906 712 1954 Quibus
745 1906 925 1947 dimissis
959 1907 1047 1962 ipse
1081 1907 1305 1962 profectus,
1339 1922 1416 1963 per
1449 1907 1555 1948 Vas-

154 1978 309 2005 conum
343 1978 490 2019 agrum
519 1963 646 2004 ducto
680 1964 882 2012 exercitu,
917 1964 961 2004 in
994 1963 1179 2004 confinio
1210 1964 1423 2005 Beronum
1453 1980 1555 2006 con-

154 2020 290 2062 sedit:
335 2029 503 2076 postero
536 2029 676 2061 autem
711 2021 779 2062 die
813 2020 866 2061 ad
903 2021 1117 2070 Vareiam‚
1154 2020 1370 2062 Beronum
1407 2023 1554 2063 urbem

154 2078 451 2120 validissimam
480 2086 521 2119 et
544 2078 855 2134 Autrigonibus
876 2078 1070 2128 vicinam,
1094 2078 1209 2119 haud
1238 2079 1555 2135 inopinantibus

155 2135 378 2193 oppidanis
398 2135 602 2192 pervenit.

594 2216 704 2254 Haec
724 2224 834 2266 gesta
854 2223 944 2253 sunt
964 2215 1122 2254 biennio

158 2280 205 2318 U.
216 2280 260 2319 C.
271 2280 355 2318 Cat.
367 2280 642 2319 IOCLXXVI.
659 2280 786 2330 Capit.
799 2278 1096 2317 IOCLXXVII.
1108 2280 1220 2318 Varr.
1233 2280 1555 2319 IOCLXXVIII.

445 2334 515 2372 Cn.
535 2334 710 2379 Octavio,
733 2334 776 2371 C.
797 2333 999 2371 Scribonio
1021 2334 1193 2372 Curione
1214 2335 1321 2373 Coss.

156 2387 204 2425 U.
215 2387 259 2426 C.
270 2387 354 2425 Cat.
368 2387 664 2426 IOCLXXVII.
681 2387 807 2438 Capit.
820 2386 1141 2425 IOCLXXVIII.
1154 2388 1265 2426 Varr.
1278 2388 1554 2427 IOCLXXIX.

483 2441 525 2478 L.
542 2441 718 2485 Octavio,
743 2441 786 2478 C.
803 2441 965 2479 Aurelio
986 2441 1101 2479 Cotta
1124 2441 1232 2479 Coss.

553 2495 601 2531 A.
620 2495 663 2532 C.
688 2495 870 2531 LXXVI.
893 2503 930 2532 et
954 2494 1154 2532 Lxxv⁴⁵.

202 2606 241 2636 45
269 2596 307 2627 In
324 2597 478 2637 temporis
494 2596 672 2633 notatione,
686 2597 731 2627 uti
747 2597 836 2633 olim,
882 2597 912 2627 in
940 2597 1150 2637 Ephemerid.
1176 2598 1294 2630 literar.
1312 2599 1516 2640 Gottingens.
1541 2610 1560 2630 ιι

162 2638 207 2669 im
227 2649 312 2670 nunc
329 2650 458 2679 quoque
476 2640 637 2670 Brotierio
658 2645 689 2670 et
708 2639 836 2670 Brossio
885 2649 975 2679 1774.
1003 2641 1079 2670 Vol.
1105 2641 1131 2672 1.
1159 2641 1224 2671 No.
1258 2651 1285 2673 2.
1314 2652 1344 2681 p.
1378 2652 1422 2673 12.
1456 2653 1504 2673 res
1527 2643 1559 2672 in

160 2681 301 2718 accesai;
325 2692 461 2720 quorum
485 2682 578 2712 illum
601 2693 639 2712 cx
659 2682 837 2713 rationibus
881 2683 1060 2720 fragmento
1086 2683 1221 2713 Liviuno
1243 2684 1418 2723 expositas,
1438 2685 1559 2715 Freins-

163 2722 382 2761 Vennonianis,
410 2725 496 2755 hunc
523 2735 561 2755 ex
589 2725 680 2755 fastis
705 2725 837 2764 Capito-
884 2725 1026 2755 bmnium
1046 2736 1118 2756 cum
1135 2726 1209 2756 aliis
1225 2731 1346 2757 temere
1363 2739 1414 2757 se«
1420 2733 1505 2762 utus,
1523 2728 1563 2757 nd

163 2764 236 2795 linis
250 2776 351 2796 annon
373 2771 458 2797 recte
480 2772 697 2806 computasse,
715 2767 838 2806 liquido
883 2778 984 2797 minos
1016 2768 1057 2799 U.
1084 2769 1120 2799 Γ.
1149 2769 1222 2799 Cat.
1250 2768 1322 2808 675.
1351 2770 1459 2809 Capit.
1488 2752 1527 2808 67
1531 2770 1560 2801 6.

161 2812 297 2846 apparet
340 2819 379 2838 ex
419 2809 467 2844 iia,
505 2820 588 2848 quue
629 2809 1070 2849 Niel›ul1rius,Varr.677.
1093 2816 1125 2841 et
1152 2812 1194 2842 U.
1211 2813 1249 2843 C.
1268 2813 1340 2843 Cat.
1358 2812 1398 2851 67
1402 2812 1430 2843 6.
1451 2794 1559 2852 Cuffiit.

162 2849 250 2879 aliud
275 2860 383 2887 agenn,
399 2851 558 2881 subtiliter
579 2855 610 2881 et
633 2852 761 2891 copiose
777 2852 837 2882 dis·
883 2851 955 2892 677
976 2853 1067 2884 Vnrr.
1091 2852 1163 2892 678.
1186 2854 1251 2884 nive
1274 2855 1314 2885 A.
1327 2855 1364 2886 C.
1385 2863 1433 2894 77.
1456 2861 1488 2885 et
1513 2855 1560 2894 76

162 2891 260 2920 nerui!
279 2901 311 2930 p.
326 2903 376 2929 4⁴·
389 2903 434 2931 oq.
452 2893 526 2923 coll.
544 2893 687 2924 eiusdem
707 2898 782 2924 nota
798 2895 838 2924 nd
884 2895 991 2925 minus
1006 2906 1062 2925 ace
1067 2900 1157 2925 umte
1174 2896 1294 2927 retulit.

164 2934 333 2972 fragmenti
360 2933 414 2964 lin.
437 2934 504 2965 «60.
528 2934 594 2965 161.
643 2935 702 2964 Vir
725 2936 840 2966 doctus·

223 2988 321 3015 vol..
349 2988 407 3015 IV.
1360 2993 1385 3018 Y
