1888 3194
367 174 393 211 4
885 167 1033 209 TITI
1071 165 1250 208 LIVII

164 266 211 300 U.
226 267 265 299 O.
288 261 532 308 574.vinctos
562 260 764 303 liberavit.
829 259 909 301 His
936 259 1060 300 rebus
1085 273 1214 314 quum
1247 256 1474 299 multorum
1505 258 1664 300 animos
1694 273 1758 300 ar-

163 310 206 342 A·
228 310 268 343 C·
292 311 559 369 1⁷8·rexisset,
590 318 808 365 Graeciam
840 318 883 357 in
913 332 955 358 se
987 316 1192 357 convertit
1223 330 1404 366 omnem,
1434 326 1476 357 et
1506 332 1656 373 magna
1685 331 1758 373 spe

373 376 572 433 implevit.
638 376 755 424 Quin
781 375 905 416 etiam
937 374 981 414 in
1013 383 1100 414 toto
1128 373 1313 429 reliquae
1334 373 1442 415 vitae
1464 374 1580 415 cultu
1600 374 1758 431 regiam

374 435 622 490 dignitatem
645 435 849 474 tuebatur.
911 431 1022 471 Nam
1045 440 1087 472 et
1108 431 1267 486 species
1288 440 1376 472 erat
1397 431 1582 482 honesta,
1605 440 1648 473 et
1667 446 1759 473 cor-

374 487 452 548 pus
482 491 532 532 ad
565 491 705 532 omnia
738 490 835 531 belli
870 489 1066 545 pacisque
1100 488 1245 529 munia
1276 489 1470 530 obeunda
1501 489 1684 530 validum
1715 497 1760 530 et.

374 548 524 598 habile,
551 557 593 590 et
622 548 767 589 frontis
800 563 846 588 ac
878 546 1089 602 supercilii
1119 546 1270 587 decora
1302 556 1487 588 maturae
1521 547 1601 588 iam
1633 547 1759 588 aetati

374 607 574 648 maiestas.
646 605 765 646 Nihil
803 606 845 645 in
881 619 930 645 eo
965 612 1163 659 paternae
1199 603 1402 654 lasciviae,
1440 605 1677 661 effusaeque
1713 604 1760 645 in

374 664 585 705 Venerem
622 673 664 704 et
700 663 796 703 vina
828 662 1023 702 libidinis.
1087 661 1167 702 His
1199 661 1392 703 laudibus
1427 662 1604 703 Perseus
1639 662 1761 703 initia

373 722 630 778 principatus
669 719 1002 769 commendabat,
1038 719 1152 760 haud
1191 735 1311 776 pares
1351 720 1527 776 inceptis
1567 719 1760 761 habitura

374 779 523 821 exitus.

435 836 516 893 [3.]
552 837 793 892 Antequam
810 844 1021 892 praetores
1037 835 1078 885 ii,
1097 835 1170 891 qui
1189 834 1413 891 Hispanias
1430 835 1564 876 sortiti
1580 834 1758 884 fuerant,

373 895 417 936 in
446 894 678 950 provincias
699 894 901 942 venirent,
925 908 1100 949 magnae
1122 908 1186 934 res
1207 893 1264 933 ibi
1285 901 1425 948 gestae
1447 902 1542 934 sunt
1565 908 1589 933 a
1609 892 1760 934 Postu-

373 952 457 993 mio
493 960 535 992 et
570 951 774 992 Graccho.
839 950 923 992 Sed
961 950 1142 992 Gracchi
1178 951 1403 1007 praecipua
1437 950 1526 991 laus
1559 950 1652 1000 fuit,
1686 949 1792 1005 qui6

373 1019 506 1051 aetate
537 1010 700 1058 florens,
733 1024 863 1065 quum
895 1009 1047 1049 virtute
1079 1008 1207 1049 animi
1236 1017 1278 1049 et
1309 1008 1534 1064 prudentia
1564 1007 1760 1063 aequales

373 1082 517 1108 omnes
547 1066 726 1107 multum
758 1066 945 1115 anteiret,
968 1075 1010 1106 et
1038 1066 1198 1122 ingenti
1226 1066 1307 1107 iam
1337 1074 1422 1107 tum
1446 1065 1556 1106 fama
1575 1065 1759 1106 celebra-

372 1125 506 1174 batur,
529 1133 571 1165 et
591 1125 790 1165 maiorem
812 1125 855 1164 in
877 1123 1064 1164 futurum
1087 1124 1138 1165 de
1161 1139 1202 1164 se
1225 1139 1340 1180 spem
1362 1123 1608 1164 concitabat.
1675 1121 1758 1164 Ca·
1773 1137 1790 1168 7

372 1183 506 1232 rabin,
528 1183 672 1223 urbem
695 1181 845 1222 sociam
871 1180 1173 1231 Romanorum,
1196 1181 1344 1237 viginti
1372 1181 1502 1222 millia
1525 1180 1759 1222 Celtibero-

371 1255 465 1282 rum
501 1240 811 1296 oppugnabant.
888 1238 1105 1280 Gracchus
1141 1239 1192 1280 ad
1229 1254 1351 1295 opem
1388 1239 1509 1280 sociis
1543 1238 1758 1280 ferendam

371 1297 619 1354 properavit.
688 1296 767 1338 Illa
796 1296 1031 1338 sollicitudo
1063 1297 1254 1353 angebat,
1287 1312 1468 1353 quonam
1503 1296 1629 1338 modo
1659 1311 1759 1337 con-

371 1355 510 1396 silium
541 1369 661 1396 suum
694 1354 868 1396 obsessis
897 1354 1163 1411 significaret,
1190 1364 1274 1396 tam
1303 1364 1390 1396 arta
1418 1354 1633 1396 obsidione
1663 1369 1758 1411 pre-

371 1413 581 1454 mentibus
621 1412 767 1454 urbem
805 1412 1006 1462 hostibus,
1043 1422 1090 1454 ut
1124 1413 1195 1453 vix
1230 1428 1280 1454 eo
1315 1413 1489 1453 nuntius
1524 1427 1757 1454 commeare

370 1485 489 1527 posse
510 1470 731 1512 videretur.
785 1470 980 1511 Arduum
1002 1470 1217 1526 negotium
1240 1470 1453 1526 expedivit
1477 1469 1664 1511 Cominii
1685 1485 1759 1511 au-

372 1528 500 1569 dacia.
563 1527 604 1569 Is
639 1528 827 1584 equitum
866 1537 1026 1568 turmae
1061 1528 1305 1584 praefectus,
1338 1543 1382 1569 re
1417 1528 1531 1584 prius
1567 1527 1679 1584 apud
1714 1542 1758 1569 se

371 1601 586 1642 perpensa,
618 1594 660 1627 et
693 1585 899 1636 Graccho,
929 1585 1032 1641 quid
1062 1595 1238 1642 pararet,
1267 1586 1495 1635 admonito,
1526 1584 1758 1641 Hispanico

370 1643 543 1685 indutus
573 1659 683 1699 sago,
714 1643 1025 1699 pabulatoribus
1052 1643 1235 1684 hostium
1268 1659 1310 1684 se
1343 1642 1578 1684 immiscuit.
1644 1641 1758 1684 Cum

370 1701 435 1742 his
463 1710 595 1742 castra
622 1702 840 1757 ingressus,
864 1701 962 1741 hinc
991 1716 1114 1742 cursu
1145 1701 1197 1741 ad
1229 1701 1374 1741 urbem
1396 1700 1626 1750 contendit,
1647 1715 1758 1741 nun-

370 1758 529 1814 tiatque
551 1758 774 1800 adventare
797 1758 1025 1799 Tiberium.
1086 1757 1302 1814 Oppidani
1323 1773 1376 1799 ex
1397 1758 1544 1814 ultima
1564 1758 1757 1815 despera-

370 1816 483 1857 tione
512 1815 565 1857 ad
592 1815 844 1857 alacritatem
877 1824 1002 1870 atque
1034 1816 1250 1856 audaciam
1281 1816 1360 1857 hoc
1390 1816 1541 1856 nuntio
1571 1816 1755 1866 excitati,

370 1873 598 1915 obfirmatis
628 1873 682 1913 ad
711 1873 872 1913 fortiter
901 1872 1223 1927 repugnandum
1253 1872 1412 1922 animis,
1435 1872 1504 1913 die
1526 1873 1661 1922 tertio,
1683 1873 1757 1914 ad-

369 1939 498 1971 ventu
528 1929 709 1970 Gracchi
730 1929 922 1985 digressis
953 1929 1153 1978 hostibus,
1180 1929 1395 1970 obsidione
1427 1930 1614 1986 exempti
1644 1940 1753 1972 sunt.

370 1986 466 2043 Ipse
497 1995 640 2043 postea
664 1985 891 2036 Gracchus,
920 1986 1065 2027 fraude
1096 1986 1364 2027 barbarorum
1395 1987 1617 2043 appetitus,
1645 1988 1756 2044 peri-

370 2044 511 2085 culum
534 2044 688 2084 viribus
709 2052 796 2084 arte
819 2043 970 2084 adiutis
991 2044 1049 2084 ita
1069 2044 1274 2094 discussit,
1292 2053 1340 2085 ut
1359 2044 1479 2085 dolus
1500 2044 1545 2085 in
1565 2054 1755 2088 auctores

370 2110 559 2143 verteret.
625 2100 857 2157 Complega
878 2109 965 2141 erat
986 2101 1084 2142 urbs
1107 2101 1268 2157 aliquot
1299 2111 1394 2143 ante
1426 2102 1545 2143 annis
1573 2102 1753 2154 condita,

370 2159 444 2200 sed
476 2159 610 2200 valida
641 2158 768 2199 muris
798 2167 837 2199 et
870 2157 1073 2200 celeribus
1103 2159 1371 2201 incrementis
1399 2168 1530 2210 aucta,
1557 2160 1601 2201 in
1627 2176 1755 2218 quam

371 2216 491 2257 multi
528 2216 814 2272 Hispanorum
849 2225 1157 2266 concurrerant,
1192 2217 1264 2273 qui
1299 2217 1413 2274 prius
1448 2227 1620 2274 egentes
1654 2234 1754 2276 agro

371 2274 453 2315 huc
484 2273 583 2315 illuc
609 2274 750 2328 vagari
780 2273 1045 2329 cogebantur.
1108 2273 1175 2314 Ex
1203 2289 1252 2315 ea
1282 2275 1382 2316 urbe
1413 2275 1670 2331 prodeuntes
1699 2276 1754 2318 ad

370 2331 519 2388 viginti
546 2331 764 2372 hominum
795 2330 936 2381 millia,
959 2330 1192 2387 supplicum
1215 2332 1372 2382 habitu,
1394 2347 1614 2389 ramosque
1635 2333 1752 2376 oleae

370 2389 642 2445 porrigentes,
669 2389 711 2428 in
743 2396 965 2444 conspectu
999 2398 1227 2430 castrorum
1258 2398 1456 2446 tanquam
1484 2406 1630 2447 pacem
1661 2407 1753 2434 ora-

371 2446 453 2488 turi
488 2446 775 2487 constiterunt.
844 2445 963 2495 Mox,
1000 2446 1169 2488 abiectis
1204 2448 1464 2503 precantium
1505 2449 1751 2505 insignibus,

370 2519 423 2545 ex
454 2503 675 2560 improviso
697 2503 874 2559 aggressi
898 2503 1111 2545 Romanos
1141 2519 1291 2560 pavore
1322 2521 1369 2547 ac
1400 2506 1584 2547 tumultu
1611 2507 1753 2548 omnia

370 2561 694 2617 compleverunt.
750 2560 965 2602 Gracchus
986 2561 1161 2617 sapienti
1183 2562 1356 2604 consilio
1377 2572 1509 2604 castra
1528 2579 1603 2620 per
1623 2564 1751 2604 simu-

369 2618 565 2659 lationem
587 2618 708 2673 fugae
730 2618 937 2659 deseruit:
972 2633 1077 2674 quae
1100 2619 1160 2659 illi
1181 2619 1281 2660 dum
1310 2619 1429 2662 solita
1455 2621 1638 2662 barbaris
1665 2621 1750 2662 avi-

369 2676 498 2717 ditate
522 2675 738 2731 diripiunt,
760 2690 933 2732 seseque
960 2676 1115 2732 praeda
1136 2677 1424 2733 praepediunt,
1447 2693 1633 2720 reversus
1653 2680 1750 2720 sub-

410 2830 430 2862 6
452 2833 638 2871 Praecipua
649 2832 720 2862 Ictus
728 2830 818 2871 fuit]
846 2832 884 2863 ef.
903 2832 1035 2864 Diodor.
1128 2840 1142 2871 7
1168 2833 1321 2869 (Vm-abin,
1334 2833 1443 2863 urbem
1458 2831 1590 2872 sociam]
1625 2832 1664 2864 cf.
1683 2834 1747 2874 Ap-

366 2875 455 2914 apud
474 2875 650 2905 valesium.
1082 2875 1166 2914 pian.
1186 2876 1278 2906 Alctx'.
1297 2876 1336 2906 de
1355 2875 1438 2906 Bell.
1458 2876 1551 2916 Hisp.
1569 2876 1639 2915 378.
