1888 3194
377 190 461 227 320
895 186 1042 228 ΤΙΤΙ
1086 187 1264 228 LIVII

383 275 570 318 clamatis
591 275 843 332 deieliquit·
878 291 1017 333 neque
1047 277 1090 318 id
1118 277 1207 317 sine.
1232 276 1381 317 fr.uctu
1448 275 1574 326 Nam,
1596 276 1629 317 si
1656 276 1739 317 ab
1731 276 1779 317 lis

386 333 636 383 diseessmis,
655 349 763 390 quae
785 342 944 375 resecta
964 344 1075 384 sunt,
1093 343 1258 390 praeter
1274 343 1356 375 tres
1373 343 1620 389 quattuorve
1637 348 1779 374 versus

379 391 434 433 ad
475 391 763 447 integritatem
803 391 1009 432 luculenti
1049 392 1312 432 monumenti
1352 391 1434 432 iam
1485 390 1591 431 nihil
1631 390 1776 432 deest:

380 449 509 490 etiam
542 448 585 488 in
615 448 665 489 iis
686 464 794 504 quae
825 449 1030 505 integrius
1060 448 1174 489 edita
1203 457 1335 498 erant,
1358 448 1519 504 aliquot
1549 447 1650 489 locis
1670 463 1778 504 quae

381 506 597 555 adderem,
620 505 710 546 aliis
731 521 839 562 quae
861 521 1127 562 corngerem,
1150 506 1304 547 inveni.

441 563 564 604 Duae
586 562 806 604 columnae
822 578 929 618 quae
946 578 1099 618 magna
1114 564 1349 604 accessione
1366 562 1644 619 locupletatae
1666 570 1777 611 sunt,

382 620 595 676 quadratis
616 619 746 661 literis
766 620 835 660 hic
857 619 1138 661 exhibentur:
1172 628 1220 661 ut
1247 620 1489 662 emendatas
1513 619 1715 661 lectiones
1735 627 1779 661 et

381 677 616 718 minuscula
651 677 939 717 additamenta
974 676 1237 717 commodius
1269 677 1532 727 subiicerem,
1565 677 1777 734 integrum

379 735 676 799 fragmentum,
699 748 814 774 more
836 742 1039 774 consueto
1065 748 1309 789 expressum
1337 742 1380 774 et
1400 734 1660 784 distinctum,
1681 749 1778 791 pro-

380 792 527 847 posui:
561 791 607 830 in
629 805 714 846 quo
735 789 779 831 id
800 805 970 846 quoque
993 790 1098 830 mihi
1100 791 1286 855 sumpsi,
1305 799 1353 831 ut
1367 790 1535 832 illorum
1556 791 1648 832 loco
1669 806 1777 847 quae

380 857 454 889 aut
493 847 710 904 perierunt
751 855 824 888 aut
868 847 951 903 legi
996 847 1170 889 omnino
1210 856 1444 913 nequeunt,
1473 847 1779 913 *supplementa

380 905 536 946 dai-,em
601 905 913 946 Annotationes
948 904 1163 946 cumulare
1200 914 1295 961 post
1329 905 1559 961 insignium
1593 905 1778 947 virorum

379 963 541 1004 labores
574 961 798 1003 molestum
829 970 949 1012 esset,
971 977 1111 1018 neque
1143 971 1317 1019 propter
1348 962 1448 1003 alias
1480 962 1778 1019 occupationes

380 1020 479 1061 satis
511 1019 586 1061 otii
617 1027 680 1060 est
712 1019 766 1061 ad
792 1019 1094 1076 disputandum
1121 1020 1174 1061 de
1204 1035 1248 1060 re
1274 1021 1495 1061 observatu
1515 1035 1613 1061 sane
1635 1020 1776 1076 digna,

382 1092 509 1133 quam
530 1077 607 1118 viri
629 1077 672 1118 in
695 1077 760 1118 his
780 1077 1012 1133 disciplinis
1033 1077 1328 1134 sapientissimi
1349 1077 1453 1118 mihi
1472 1092 1618 1134 parum
1642 1085 1779 1119 atten-

381 1135 489 1177 disse
510 1135 719 1176 videntur.
777 1134 1034 1190 Quicunque
1057 1134 1227 1176 Livium
1249 1150 1336 1176 non
1357 1135 1638 1191 perfunctorie
1660 1134 1775 1200 legit,

379 1207 467 1233 non
492 1192 742 1233 infitiabitur
766 1191 994 1233 notabilem
1023 1207 1111 1233 esse
1140 1192 1423 1233 divelsitatem
1456 1192 1704 1233 narrationis
1734 1202 1777 1234 et

378 1249 550 1291 dicendi
585 1250 764 1305 generis,
796 1249 908 1290 inter
940 1249 1120 1305 primam
1158 1250 1410 1305 tertiamque
1444 1249 1673 1291 decadem:
1711 1249 1776 1290 di-

378 1322 516 1348 versas
537 1307 705 1363 utrique
727 1306 871 1348 laudes
892 1306 1122 1362 peculiares
1143 1322 1254 1348 esse:
1278 1307 1323 1347 in
1344 1306 1426 1348 alio
1442 1306 1598 1348 deinde
1619 1321 1774 1363 genere

379 1364 454 1405 has
482 1364 623 1405 ambas
651 1379 676 1405 a
702 1364 975 1420 sequentibus
1005 1364 1119 1405 libris
1150 1364 1330 1405 multum
1352 1364 1566 1413 differre,
1556 1379 1600 1405 1n
1622 1364 1775 1419 quibus

379 1421 606 1479 Polybium
637 1421 887 1486 plerumque
921 1429 1017 1462 ante
1051 1421 1193 1462 oculos
1228 1421 1376 1462 habuit
1405 1421 1563 1462 Livius.
1627 1421 1774 1478 Longe

379 1487 520 1520 autem
549 1478 688 1520 adhuc
714 1494 846 1520 maior
866 1478 1082 1520 diversitas
1109 1479 1220 1519 inter
1245 1478 1338 1520 illos
1367 1493 1512 1518 omnes
1540 1485 1669 1534 atque
1694 1457 1774 1520 hoc

378 1536 660 1593 fragmentum
682 1536 917 1585 inteicedit,
935 1536 978 1576 in
997 1551 1082 1591 quo
1098 1550 1162 1576 res
1178 1544 1318 1592 gestae
1336 1543 1578 1585 tractantur,
1596 1550 1775 1591 quarum

377 1570 569 1635 notitiam
590 1592 811 1634 Sallustius
827 1601 869 1634 et
885 1593 1076 1634 Licinius
1094 1592 1243 1634 Macer
1258 1592 1607 1658 suppeditabant:
1631 1601 1773 1649 atque,

377 1659 426 1692 ut
453 1650 585 1691 multo
613 1651 781 1691 uberior
807 1650 988 1692 narratio
1014 1658 1089 1700 est,
1112 1650 1170 1691 sic
1198 1650 1430 1706 negligens,
1453 1649 1774 1706 repetitionibus

377 1716 540 1758 onusta,
562 1707 707 1763 (quale
739 1707 845 1748 illud
866 1716 941 1757 est,
964 1708 1079 1764 quod
1109 1708 1173 1749 bis
1193 1708 1348 1749 dicitur
1368 1707 1420 1749 de
1443 1707 1651 1749 mandatis
1671 1707 1775 1749 Per-

375 1780 531 1821 pernae
565 1765 707 1821 datis,)
739 1774 866 1821 atque
898 1765 943 1806 in
976 1765 1298 1807 commiscendis
1330 1765 1381 1806 iis
1414 1780 1522 1821 quae
1555 1764 1687 1807 literis
1719 1765 1774 1807 ad

375 1823 534 1888 legatos
574 1822 683 1864 datis
723 1823 1062 1873 continebantur,
1105 1838 1298 1879 quaeque
1340 1838 1364 1864 a
1407 1822 1590 1864 Sertorio
1630 1837 1773 1864 secum

372 1881 646 1937 agitarentur,
675 1880 931 1922 inconcinna
960 1888 1003 1921 et
1035 1880 1210 1922 mirifice
1242 1880 1552 1937 pertuibata⁴4z
1596 1888 1657 1930 ut,
1693 1880 1773 1921 nisi

376 1946 639 1994 compertum
661 1947 771 1979 esset
791 1938 895 1979 haec
917 1953 1004 1979 esse
1022 1937 1213 1988 Liviana,
1231 1938 1284 1978 de
1306 1946 1474 1979 auctore
1491 1936 1772 1979 dubitandum

375 1995 493 2036 foret.
545 1995 667 2043 Quae
689 2010 754 2035 res
773 2003 996 2050 propterea
1015 1995 1189 2035 minime
1210 1994 1463 2059 negligenda
1479 2002 1553 2044 est,
1571 1994 1771 2049 quoniam

374 2051 507 2093 inde
496 2051 724 2107 imaginem
746 2051 1024 2107 posteiiorum
1040 2051 1168 2092 libror
1172 2066 1255 2101 um,
1274 2066 1347 2115 qui
1364 2051 1593 2106 perierunt,
1611 2051 1771 2116 fingere

375 2109 497 2150 licet:
522 2108 692 2158 scilicet,
710 2108 937 2164 prudentia
957 2108 1163 2164 prioribus
1184 2108 1449 2164 praestitisse,
1468 2108 1592 2165 longe
1609 2108 1771 2150 minore

376 2181 502 2221 quam
530 2165 623 2207 illos
655 2174 742 2206 arte
776 2173 818 2207 et
850 2165 1094 2230 eloquentia
1125 2165 1382 2221 conscriptos
1402 2165 1540 2231 fuisse,
1564 2181 1611 2207 ac
1631 2166 1772 2222 potius

374 2223 566 2279 proxime
588 2222 642 2263 ad
663 2223 707 2263 id
727 2237 861 2279 genus
877 2223 1094 2264 accessisse
1113 2238 1197 2279 quo
1213 2223 1467 2264 recentiores
1487 2223 1532 2264 in
1552 2223 1771 2265 narrandis

375 2281 499 2321 rebus
530 2295 604 2320 sua
633 2288 768 2320 aetate
798 2280 925 2335 gestis
956 2288 1144 2322 utuntur.
1208 2280 1394 2336 Itaque
1383 2295 1425 2321 111
1453 2295 1524 2321 eos
1544 2281 1770 2337 praecipue

375 2337 524 2378 cadere
555 2336 831 2393 macrologiae
853 2337 1206 2403 vituperationem
1234 2338 1422 2388 arbitror,
1445 2353 1529 2394 qua
1552 2337 1771 2379 Charisius

375 2403 417 2436 et
438 2393 684 2443 Diomedes,
707 2394 1000 2450 prudentiores
1021 2410 1147 2451 quam
1177 2395 1256 2451 ipsi
1284 2403 1382 2436 sunt
1409 2404 1599 2436 auctores
1623 2395 1769 2444 secuti,

375 2452 426 2493 T.
451 2451 622 2492 Livium
653 2460 854 2501 onerant3
890 2467 997 2508 quae
1030 2454 1200 2494 fortasse
1234 2468 1258 2494 a
1290 2453 1513 2494 decantata
1543 2452 1617 2493 illa
1645 2452 1770 2494 Pata-

375 2509 549 2550 vinitate
572 2508 686 2549 haud
707 2484 886 2550 multuin
909 2510 1044 2551 distat.
1109 2510 1231 2552 Nihil
1259 2511 1373 2551 enim
1402 2510 1541 2551 minus
1562 2509 1768 2551 urbanum

374 2575 436 2608 est
458 2581 583 2622 quam
606 2566 865 2622 macrologia.

418 2726 459 2754 44
478 2716 553 2747 Vid.
570 2720 663 2746 notas
680 2718 720 2747 ad
737 2718 764 2747 11
766 2718 906 2757 ignienti
924 2719 979 2750 lin.
998 2727 1173 2762 135—139.
1191 2723 1221 2750 et
1239 2717 1413 2758 150—156.
1430 2719 1485 2749 ubi
1501 2719 1593 2756 haee,
1609 2722 1767 2758 quantum

375 2758 443 2787 fieri
462 2759 579 2797 potuit
595 2759 747 2798 expedire
763 2761 952 2792 studuimu..
