1888 3194
560 146 688 188 LIB.
721 144 886 186 XLIV.
929 144 1076 186 CAP.
1111 149 1178 187 30.
1490 147 1568 188 147

139 237 290 287 4mari,
317 235 457 278 fractis
488 235 677 284 navibus,
707 234 942 290 absumpti3
985 234 1094 290 parti
1121 248 1270 275 nervos
1297 234 1566 276 succiderunt
1583 240 1627 272 U.
1643 239 1683 272 C.
1705 240 1780 280 584·

171 295 215 335 in
237 294 356 336 litore
379 291 650 334 Macedones.
713 290 879 346 Viginti
909 291 1089 332 eximiae
1121 305 1253 347 equos
1282 290 1439 331 formae
1468 306 1563 332 cum
1579 284 1619 315 A.
1643 283 1682 316 C·
1709 282 1776 314 ¹⁶8·

170 350 344 408 captivis
364 349 535 391 eosdem
556 348 703 390 decem
724 347 897 397 lemboe,
920 363 1026 404 quos
1046 358 1144 388 ante
1167 347 1348 396 miserat,
1370 347 1566 389 Antenor

169 407 376 450 devehere
405 405 749 448 Thessalonicam
778 405 909 455 iussit,
931 414 975 446 et
1007 405 1142 461 primo
1173 419 1344 460 quoque
1376 412 1564 459 tempore

168 464 223 506 ad
258 463 430 506 classem
461 463 636 504 reverti:
675 462 834 503 Phanis
869 477 913 503 se
947 477 1017 503 eos
1053 470 1404 517 exspectaturum.
1468 461 1508 501 T
1510 461 1565 501 ri-

168 521 301 563 duum
333 521 463 562 ferme
495 520 635 561 classis
670 519 723 560 ad
759 519 905 560 urbem
942 520 1069 560 stetit.
1133 518 1300 560 Phanas
1333 517 1432 558 inde
1467 532 1564 573 pro-

167 579 297 635 gressi
327 587 437 627 sunt,
463 586 518 626 et,
550 592 623 633 spe
652 576 829 618 celerius
859 577 1033 617 reversis
1063 576 1213 617 decem
1244 575 1405 624 lembis,
1428 575 1563 616 evecti

167 635 236 677 Ae
267 651 342 677 aeo
363 635 467 676 mari
489 634 646 676 Delum
669 634 935 674 traiecerunt.

226 651 344 734 gum
374 692 478 734 haec
508 702 724 747 geruntur,
754 690 880 747 legati
914 690 1110 739 Romani,
1137 689 1187 731 C.
1204 689 1410 746 Popillius
1441 697 1483 730 et
1511 690 1560 731 C.
1638 697 1707 735 29,

167 749 401 799 Decimius,
424 759 465 791 et
490 748 540 791 C.
559 748 779 797 Hostilius,
802 764 826 789 a
845 747 1049 789 Chalcide
1072 747 1260 803 profecti,
1285 747 1416 788 tribus
1437 747 1563 802 quin·
1576 751 1690 799 Legati
1730 793 1736 799 ‚

166 808 436 864 queremibus
468 806 627 848 Delum
659 821 788 862 quum
816 805 1041 854 venissent,
1073 805 1232 846 lembos
1268 804 1326 845 ibi
1359 803 1563 845 Macedo-
1577 794 1774 867 Ῑξῗᾜῃιιη·

166 880 270 906 num
291 864 581 921 quadraginta,
605 873 647 904 et
668 863 857 920 quinque
879 863 988 919 regis
1011 862 1214 903 Eumenis
1235 846 1588 917 quinqueremess
1626 846 1646 866 a
1697 847 1714 867 e
1730 846 1758 868 0‘

165 922 431 963 invenerunt.
497 920 705 963 Sanctitas
737 920 882 976 templi
915 919 1161 975 insulaeque
1192 918 1413 960 inviolatos
1443 933 1564 974 prae-

166 979 302 1020 stabat
322 994 478 1020 omnes.
542 977 693 1034 Itaque
724 977 923 1033 permixti
947 977 1216 1032 Romanique
1238 985 1281 1017 et
1302 975 1563 1017 Macedones

166 1046 211 1078 et
231 1035 436 1077 Eumenis
460 1035 627 1076 navales
648 1035 748 1076 socii
771 1035 814 1074 in
838 1033 1008 1089 templo,
1031 1033 1216 1074 indutias
1246 1032 1450 1089 religione
1481 1032 1563 1074 loci

165 1093 407 1150 praebente,
428 1093 709 1133 versabantur.
773 1091 982 1140 Antenor,
1003 1091 1146 1131 Persei
1166 1090 1413 1146 praefectus.
1429 1105 1563 1145 quum

134 1164 152 1196 5
166 1150 326 1207 aliquas
347 1149 431 1191 alto
451 1149 650 1205 praeferri
671 1148 880 1190 onerarias
902 1163 1027 1188 naves
1058 1163 1112 1188 ex
1142 1146 1322 1203 speculis
1353 1147 1563 1203 significa-

165 1217 257 1250 tum
287 1207 406 1257 foret,
437 1216 554 1263 parte
585 1206 820 1248 lemborum
852 1205 940 1261 ipse
969 1205 1209 1260 insequens,
1231 1213 1349 1260 parte
1374 1219 1451 1260 per
1474 1203 1563 1261 Cy-

163 1264 303 1307 cladas
332 1264 544 1321 disposita,
577 1272 872 1320 praeterquam
902 1263 936 1303 si
969 1277 1078 1318 quae
1111 1261 1410 1303 Macedoniam
1445 1270 1564 1317 pete-

164 1333 272 1372 rent,
294 1337 439 1364 omnes
460 1331 533 1362 aut
553 1321 851 1378 supprimebat,
874 1329 947 1361 aut
966 1319 1172 1376 spoliabat
1192 1333 1329 1359 naves.
1396 1318 1563 1367 Quibus

132 1388 372 1436 6potcrant,
403 1378 609 1435 Popillius
639 1387 713 1419 aut
741 1377 945 1418 Eumenis
977 1391 1104 1418 naves
1131 1376 1454 1418 succurrebant:
1487 1375 1563 1417 sed

164 1437 275 1479 vecti
306 1446 430 1478 nocte
459 1436 568 1478 binis
597 1444 670 1477 aut
702 1435 830 1476 ternis
858 1434 1107 1491 plerumque
1134 1433 1281 1475 lembis
1303 1432 1564 1475 Macedones

164 1493 376 1536 fallebant.
438 1493 523 1535 Per
543 1493 588 1534 id
608 1493 694 1534 fere
718 1502 884 1548 tempus
911 1491 1038 1548 legati
1060 1490 1320 1533 Macedones
1342 1489 1562 1547 Illyriique

166 1551 291 1593 simul
314 1551 516 1592 Rhodum
537 1559 757 1599 venerunt,
780 1549 933 1605 quibus
959 1549 1250 1590 auctoritatem
1281 1547 1446 1589 addidit
1475 1563 1564 1589 non

165 1608 401 1650 lemborum
432 1607 558 1649 modo
583 1607 801 1656 adventus,
823 1607 975 1662 passim
997 1621 1072 1662 per
1095 1605 1304 1663 Cycladas
1325 1615 1452 1661 atque
1475 1605 1564 1646 Ae-

195 1680 319 1707 aeum
340 1665 582 1722 vagantium
609 1679 737 1713 mare,
761 1663 836 1704 sed
866 1664 992 1704 etiam
1021 1663 1265 1704 coniunctio
1296 1662 1386 1718 ipsa
1415 1676 1563 1718 regum

165 1681 312 1765 {ersei
345 1722 593 1778 Gentiique,
626 1731 668 1763 et
697 1721 808 1762 fama
837 1735 933 1761 cum
969 1734 1123 1776 magno
1157 1734 1334 1760 numero
1369 1718 1564 1775 peditum

166 1780 444 1837 equitumque
474 1779 738 1820 venientium
767 1777 998 1819 Gallorum.
1063 1777 1119 1818 Et
1150 1777 1233 1818 iam
1261 1791 1392 1832 quum
1424 1790 1564 1817 acces-

165 1838 315 1879 sissent
354 1837 483 1878 animi
521 1836 683 1877 Dinoni
724 1850 772 1876 ac
808 1835 1046 1891 Polyarato,
1084 1834 1156 1890 qui
1195 1833 1338 1874 Persei
1379 1833 1562 1889 partium

164 1906 298 1944 erant,
321 1909 408 1935 non
438 1894 620 1949 benigne
652 1892 778 1933 niodo
809 1906 1055 1948 responsum
1086 1891 1254 1947 regibus
1283 1899 1358 1940 cst,
1384 1890 1459 1931 scd
1489 1905 1563 1946 pa-

166 1951 249 1994 lam
279 1951 612 2008 pronuntiatum,
637 1955 649 1974 ‘
666 1949 786 1990 Bello
807 1949 937 1990 finem
958 1964 1002 1990 se
1025 1948 1270 1989 auctoritate
1296 1963 1371 1988 sua
1392 1947 1564 2003 imposi-

166 2015 310 2051 ‘turos
340 2023 455 2050 esse:
495 2008 637 2063 itaque
669 2006 748 2063 ipsi
779 2021 949 2062 quoque
976 2020 1094 2062 reges
1124 2020 1282 2061 aequos
1312 2004 1563 2046 adhiberent

166 2071 179 2091 ‘
194 2066 356 2108 animos
376 2065 431 2107 ad
450 2080 598 2122 pacem
619 2063 936 2120 accipiendam.'

137 2144 153 2177 7
224 2123 313 2165 Iam
334 2123 442 2165 veris
462 2122 717 2179 principium
739 2130 840 2170 crat,
862 2121 1045 2176 novique
1067 2119 1196 2161 duces
1228 2120 1270 2160 in
1302 2118 1561 2175 provinciam
1639 2128 1705 2167 30,

166 2190 367 2223 venerant
381 2197 390 2229 3
415 2179 560 2222 consul
578 2179 785 2220 Aemilius
800 2179 841 2219 in
858 2178 1168 2223 Macedoniam,
1182 2177 1384 2218 Octavius
1400 2176 1559 2217 Oreum
1574 2183 1685 2215 Gentii
1701 2195 1753 2223 ge-

165 2238 218 2280 ad
246 2238 431 2287 classem,
457 2237 634 2279 Anicius
664 2237 707 2277 in
737 2235 966 2292 Illyricum,
989 2235 1057 2276 cui
1090 2234 1333 2276 bellandum
1364 2233 1562 2275 adversus
1575 2227 1773 2259 ”¹¹³⁰‘¹'³²⁰‘³²·

168 2296 388 2338 Gentium.
451 2295 574 2336 Patre
598 2293 796 2335 Pleurato
825 2308 921 2349 rege
945 2292 1182 2350 Illyriorum
1205 2301 1249 2333 et
1270 2300 1401 2332 matre
1427 2290 1564 2348 Eury-

165 2353 261 2395 dica
286 2353 453 2410 genitus
473 2352 618 2393 fratres
639 2351 758 2400 duos,
784 2350 998 2392 Platorem
1021 2358 1200 2406 utroque
1222 2357 1409 2406 parente,
1435 2348 1565 2390 Cara-

210 2522 228 2548 4
246 2511 370 2540 Neritos
379 2508 603 2545 succiderunt]
624 2505 844 2543 Intelligimus
889 2515 951 2535 non
969 2515 1143 2544 congruere
1161 2503 1310 2535 videntur
1325 2514 1398 2534 cum
1415 2504 1563 2543 eo‚quod

166 2562 280 2583 nervos
297 2551 472 2591 poplitum,
489 2554 523 2580 ut
540 2560 626 2589 supr.
644 2548 765 2579 xxxvii.
783 2558 835 2585 4²·
887 2558 973 2587 supr.
996 2557 1041 2587 ¹9·
1057 2547 1186 2584 dicitur,
1202 2558 1244 2577 sc.
1261 2546 1436 2577 Aemilium
1455 2557 1563 2576 {nense

211 2604 227 2633 5
253 2595 327 2624 Alto
347 2594 530 2633 praefirri]
559 2603 602 2622 sc.
624 2590 842 2622 Praeteri-ehi.
890 2589 994 2629 Aprili
1024 2590 1102 2620 urbe
1129 2600 1162 2619 se
1186 2589 1347 2619 exiturum
1372 2589 1563 2628 promisisse.

166 2638 207 2669 cf.
224 2647 310 2676 supr.
329 2636 438 2666 xxviii.
456 2645 508 2673 30.
887 2642 986 2671 quum
1007 2632 1086 2662 veris
1106 2631 1232 2662 initium
1252 2636 1374 2661 veteres
1388 2642 1408 2662 n
1424 2631 1476 2661 die
1491 2642 1560 2670 sep-

209 2679 230 2710 6
251 2681 315 2710 Sed
330 2680 409 2710 vecti
429 2679 534 2715 nocte]
561 2678 624 2708 Sed
644 2676 842 2707 Macedones
886 2675 967 2705 timo
992 2679 1049 2705 aut
1077 2685 1162 2704 nono
1189 2674 1352 2704 Februarii
1381 2675 1561 2704 sumebant.

166 2726 263 2753 nocte
290 2721 401 2762 paucis
428 2720 542 2751 lembis
569 2720 661 2756 vecti,
688 2719 753 2748 sive
782 2718 841 2748 for·
887 2718 949 2747 Sed
975 2717 1164 2748 Dodwellus
1184 2716 1217 2747 in
1235 2717 1386 2756 Append.
1406 2717 1562 2746 Pmelcct.

166 2768 251 2795 tame
277 2765 390 2800 enecti,
416 2763 573 2793 fallebant
602 2761 780 2801 Popillium
809 2765 842 2790 et
887 2760 1044 2791 Camden.
1068 2770 1098 2799 p.
1123 2767 1194 2798 755.
1217 2763 1250 2789 et
1276 2759 1316 2789 de
1341 2759 1452 2798 Cyclis
1479 2758 1562 2788 Dis&

168 2805 327 2838 Eumenis
342 2816 450 2842 naves,
462 2805 571 2845 sicque
587 2805 678 2834 nullo
694 2804 842 2833 obstante
887 2812 918 2834 x.
944 2802 972 2839 ἓ.
1003 2812 1049 2833 ¹².
1080 2801 1141 2832 hoc
1167 2811 1231 2832 non
1259 2801 1300 2831 ad
1325 2801 1464 2831 rationes
1487 2799 1563 2830 anni

167 2849 328 2880 onerarias
337 2847 722 2887 hostilesimpugnabant.
738 2847 845 2877 Cussv.
893 2844 1026 2879 Iuliani.
1041 2845 1097 2875 scd
1121 2844 1162 2875 nd
1185 2843 1301 2874 veteris
1323 2843 1400 2873 imni
1423 2840 1564 2873 Romani

215 2898 231 2930 7
248 2892 319 2922 lam
331 2892 416 2922 veris
425 2891 628 2931 principium
640 2887 729 2928 erat]
752 2888 846 2919 llaec
891 2887 1085 2927 exigendum
1102 2897 1170 2918 esec
1186 2886 1292 2917 docet.
1316 2886 1442 2917 Riscn.
