1888 3194
617 179 1047 223 KREYSSIGII.
1460 189 1543 228 369

147 287 325 329 honesta
351 292 395 329 et
414 284 664 341 probabilis
689 291 755 328 est
783 301 864 342 pro
891 287 992 329 aliis
1019 293 1061 329 et
1085 288 1263 329 honesta
1288 294 1353 329 est
1378 296 1419 330 et
1439 306 1544 345 pro-

148 354 317 396 babilis.
333 377 392 383 —-
406 352 519 394 lbid.
541 359 583 394 et
603 353 842 395 clientelam
862 369 943 409 pro
964 361 1007 397 et
1027 355 1072 396 in
1093 356 1347 397 clientelam.
1360 380 1418 385 —
1432 357 1540 412 Cap.

146 422 218 463 58.
253 421 306 462 de
333 435 385 462 ea
419 434 500 474 pro
532 421 586 462 de
617 435 671 462 ea
703 436 840 463 ·re.—
859 422 971 464 lbid.
1008 423 1265 478 defloratam
1296 438 1378 478 pro
1407 439 1543 479 prae-

130 489 356 545 floratam.
372 512 430 517 -—
447 486 546 529 Lib.
590 488 864 530 XXXVIII.
909 489 1017 545 Cap.
1055 490 1096 532 4.
1140 491 1320 546 iungere
1359 506 1439 546 pro
1479 493 1544 533 ita

144 555 529 612 iungere—Cap.
563 556 634 597 38.
671 571 724 598 ea
760 557 861 598 belli
891 572 1025 599 causa
1056 573 1137 613 pro
1170 573 1227 600 ecc
1261 559 1361 600 belli
1393 575 1540 601 causa.

144 623 309 666 Contra
329 638 379 665 ea
400 623 560 665 codicis
578 622 829 678 Moguntini
849 623 1054 666 lectiones
1073 624 1172 666 olim
1189 625 1374 681 vulgatis
1392 627 1542 682 utique

142 691 456 748 praeferendae
485 692 526 732 in
555 692 704 733 codice
728 692 1042 748 Bambergensi
1061 708 1235 748 quoque
1264 695 1543 747 reperiuntur

141 758 210 801 his
230 759 273 800 in
291 758 397 801 locis
416 776 425 801 :
459 758 560 800 Lib.
585 759 810 801 XXXIV.
835 760 944 815 Cap.
967 763 1007 802 2.
1032 767 1073 802 et
1094 767 1269 817 sperate
1291 776 1369 816 pro
1391 762 1541 818 despe-

141 827 446 883 rata—Cap.
480 829 521 868 4.
563 834 604 869 et
640 828 703 869 ita
735 843 861 883 spero
883 829 1065 884 ficturos
1099 844 1179 883 pro
1209 830 1288 870 secl
1318 829 1381 870 ita
1413 844 1542 884 spero

127 896 324 951 futuro-5⁸.
339 896 522 937 —Ibi‹l.
546 902 733 951 aequato
750 897 929 937 omnium
952 897 1065 937 cultu
1088 911 1166 951 pro
1188 903 1346 952 aequat
1362 897 1542 938 onmium

143 964 311 1005 cultum.
327 988 384 993 -—
397 963 505 1018 Cap.
525 965 564 1004 5.
589 964 631 1004 in
652 978 698 1004 se
720 964 853 1004 latam
875 978 953 1018 pro
976 964 1018 1004 in
1038 978 1084 1004 se
1104 965 1264 1005 datam.
1278 989 1335 993 —
1349 965 1461 1007 lbid.
1484 965 1540 1006 ab

142 1031 322 1074 Sabinis
349 1046 428 1087 pro
449 1046 476 1071 a
497 1031 687 1072 Sabinis,
703 1055 758 1059 —
774 1031 882 1086 Cap.
904 1032 944 1072 6.
965 1032 1057 1072 visa
1079 1047 1160 1087 pro
1180 1034 1282 1074 suis.
1297 1034 1473 1088 ——Cap.
1499 1035 1539 1076 7.

127 1100 261 1155 filiae
275 1114 355 1154 pro
357 1099 497 1153 fidae.
516 1122 573 1126 —
590 1097 696 1152 Cap.
717 1098 782 1138 10.
798 1099 1038 1139 successori
1059 1098 1112 1144 Q.
1137 1100 1333 1142 Blinucio
1353 1117 1432 1156 pro
1448 1117 1543 1143 suc-

140 1168 303 1210 cessori
317 1181 484 1222 quoque
494 1166 690 1207 Minucio
700 1165 767 1206 vel
781 1181 948 1221 quoque
960 1168 1198 1208 successori
1212 1168 1424 1218 Minucio,
1435 1185 1542 1224 quo-

141 1250 235 1278 rum
253 1235 336 1276 hoc
353 1234 565 1276 editiones
584 1233 861 1288 antiquioreS,
877 1232 982 1274 illud
999 1235 1131 1275 ceteri
1148 1235 1319 1276 codices
1337 1236 1539 1279 offerunt.

140 1328 198 1333 —
214 1302 322 1358 Cap.
349 1303 413 1343 11.
445 1302 551 1343 Tria
573 1302 692 1342 milia
716 1302 892 1343 militum
917 1316 998 1356 pro
1025 1302 1169 1348 Quina
1197 1303 1318 1344 milia
1346 1304 1539 1347 militum.

140 1370 315 1426 —Cap.
340 1371 402 1411 13.
425 1370 512 1411 tria
536 1370 657 1411 milia
670 1384 877 1425 passuum
893 1384 973 1424 pro
991 1370 1336 1426 millcpassuum.
1355 1396 1411 1400 ——
1428 1371 1540 1414 Ibid.

142 1439 379 1481 exhaurire
408 1453 488 1493 pro
520 1438 785 1480 haurire.—
803 1437 911 1493 Cap.
945 1438 1008 1479 14.
1045 1452 1092 1480 se
1122 1440 1342 1480 ostendere
1371 1453 1453 1494 pro
1483 1441 1546 1480 acl

142 1523 215 1550 eos
250 1506 633 1561 tendere—Cap.
671 1507 740 1547 20.
782 1506 855 1547 Ibi
891 1506 1151 1547 delectarum
1191 1507 1427 1548 cohortium
1461 1521 1542 1562 pro

142 1575 308 1617 Ibidem
348 1575 552 1616 lectarum
593 1575 838 1615 cohortium.
853 1574 1029 1629 —Cap.
1067 1575 1136 1615 24.
1179 1576 1421 1617 decressent
1460 1590 1542 1630 pro

143 1643 442 1685 decrevissent.
455 1666 512 1671 -—
526 1641 633 1696 Cap.
651 1642 720 1683 26.
744 1641 935 1696 navigiis
955 1656 1036 1696 pro
1056 1642 1247 1684 navibus.
1266 1666 1323 1671 ——
1341 1642 1448 1697 Cap.
1470 1643 1542 1685 28.

143 1711 388 1753 auxiliares
427 1725 506 1766 pro
539 1710 709 1751 auxilia
740 1708 807 1750 vel
843 1709 1234 1750 auxiliis.—Ibid.
1273 1711 1446 1751 caedem
1479 1710 1543 1751 in-

139 1785 309 1836 gentem
341 1793 421 1833 pro
453 1779 608 1819 caedes
640 1776 1046 1833 ingentes.—Cap.
1069 1777 1138 1818 31.
1179 1777 1227 1817 Τ.
1257 1777 1433 1823 Quincti
1463 1793 1543 1833 pro

148 1845 537 1900 Quincti.——Cap.
572 1846 641 1886 32.
681 1844 860 1886 Exhibe
894 1858 974 1898 pro
1004 1844 1266 1885 Exhiberes.
1286 1844 1471 1886 -Ibid.
1504 1846 1544 1886 si

144 1915 298 1957 audire
319 1914 436 1954 iuvat
457 1928 537 1967 pro
565 1913 604 1953 si
634 1918 674 1953 te
703 1912 857 1952 audire
884 1912 1015 1952 izwat.
1033 1936 1090 1940 —
1106 1912 1218 1953 lbid.
1252 1911 1312 1953 At
1333 1913 1442 1954 enim
1463 1928 1544 1968 pro

143 1982 332 2025 Etenim.
352 2004 408 2010 ——
425 1980 533 2035 Cap.
557 1981 627 2021 37.
658 1980 865 2020 intrarint
887 1994 966 2034 pro
988 1980 1256 2021 intraverint.
1271 2005 1327 2008 —
1341 1980 1448 2036 Cap.
1470 1981 1541 2022 38.

142 2050 207 2093 Et
234 2055 334 2091 tunc
366 2049 533 2104 quidem
565 2063 645 2103 pro
673 2048 736 2089 Et
763 2063 870 2089 nunc
894 2048 1074 2102 quidem.
1092 2072 1149 2076 —
1166 2047 1273 2102 Cap.
1295 2048 1365 2089 40.
1398 2049 1545 2090 emise-

142 2123 242 2159 runt
266 2131 346 2172 pro
374 2117 590 2157 miserunt.
609 2140 666 2145 -
684 2115 791 2170 Cap.
816 2116 883 2157 43.
917 2115 984 2157 Iis
1014 2122 1143 2157 extra
1174 2116 1318 2157 urbem
1350 2131 1430 2171 pro
1461 2117 1544 2158 cluo

143 2185 210 2228 vel
231 2186 300 2226 leis
321 2191 448 2227 extra
471 2185 627 2226 urbem.
645 2208 701 2213 ——
719 2183 825 2239 Cap.
853 2185 924 2226 54.
956 2184 1008 2225 P.
1030 2184 1182 2240 Scipio
1205 2199 1283 2238 pro
1307 2184 1472 2240 Scipio.
1490 2208 1545 2213 —

145 2253 254 2309 Cap.
277 2253 346 2294 56.
379 2254 440 2294 acl
465 2253 647 2294 edictum
678 2253 974 2294 conveniretur
995 2268 1076 2307 pro
1103 2251 1164 2293 ad
1185 2252 1368 2293 edictum
1397 2267 1545 2293 conve-

144 2321 366 2363 nirent.-—
383 2319 480 2361 Lib.
506 2320 706 2361 XXXV.
732 2321 840 2376 Cap.
869 2322 904 2361 l.
938 2327 1101 2362 centum
1128 2320 1313 2375 triginta
1341 2326 1547 2375 quattuor

144 2404 224 2445 pro
252 2394 414 2430 centum
439 2388 755 2444 quinquaginta
786 2395 1003 2444 quattuor.
1022 2413 1079 2418 ——
1097 2388 1202 2443 Cap.
1242 2391 1283 2430 2.
1315 2403 1395 2429 sea:
1423 2389 1546 2430 milia

144 2473 225 2512 pro
257 2457 346 2497 tria
381 2457 705 2511 milich—Cap.
741 2459 780 2498 5.
821 2457 1085 2513 septingenti
1120 2457 1277 2513 viginti
1312 2472 1418 2497 unus
1465 2471 1546 2512 pro

145 2525 314 2567 ducenti
346 2525 501 2579 viginti
536 2524 853 2579 unus.—Cap.
889 2526 930 2565 G.
971 2540 1022 2566 ne
1055 2525 1197 2580 magis
1231 2540 1255 2565 e
1291 2540 1338 2566 re
1364 2522 1546 2580 publiea

146 2598 254 2633 esset
306 2607 384 2646 pro
415 2592 454 2633 si
495 2592 636 2647 magis
676 2608 699 2633 c
730 2607 777 2633 re
802 2593 981 2647 publica
1013 2598 1139 2633 esset.
1158 2591 1343 2633 -—Ibi‹l.
1385 2599 1425 2633 et
1458 2598 1547 2633 tar·

147 2659 240 2700 dius
264 2661 408 2700 datum
437 2660 605 2715 signum
627 2666 752 2709 esset,
785 2666 825 2701 et
848 2661 1056 2715 persequi
1088 2675 1167 2715 pro
1199 2660 1369 2700 tardius
1401 2660 1546 2701 datum

146 2727 311 2782 signum
363 2733 489 2776 esset,
542 2734 584 2768 ut
630 2728 851 2782 persequi.
876 2752 930 2756 —
953 2727 1060 2783 Cap.
1105 2729 1144 2769 7.
1194 2728 1418 2769 coercendi
1466 2742 1546 2782 pro

149 2794 360 2836 cernendi.
379 2795 548 2849 —Cup.
583 2798 622 2836 ὅ.
660 2795 725 2836 Al.
754 2802 795 2835 et
828 2796 875 2836 C.
903 2796 1055 2837 Titinii
1083 2811 1162 2851 pro
1196 2796 1261 2837 Jl.
1295 2801 1334 2836 el
1362 2798 1547 2836 Crassus

158 2860 314 2902 'l'icinii
357 2861 422 2902 vel
470 2862 644 2903 Licinii.
670 2887 718 2891 >--
746 2863 853 2917 Cap.
902 2864 962 2904 ll.
1007 2865 1104 2905 dein
1151 2864 1352 2918 refugere
1389 2878 1467 2917 pro
1507 2869 1546 2903 et

210 2941 306 2968 vol..
333 2940 389 2967 lv.
1301 2942 1326 2968 n
1348 2929 1373 2967 b
