1888 3194
373 173 455 212 362
866 171 1276 214 PRAEFATIO

373 278 412 318 si
442 283 527 318 tum
556 277 728 318 occasio
758 279 1074 320 esset—Ibid.
1102 280 1259 320 adorta
1289 292 1370 332 pro
1401 276 1765 319 oborta.-—Ibid.

375 359 457 386 non
513 345 720 401 remigum
771 347 892 387 modo
942 347 1203 401 militumque
1257 346 1433 401 ignotae
1485 345 1639 386 turbae
1686 359 1768 399 pro

374 427 457 453 non
487 413 692 468 remigum
719 419 882 454 tantum
909 415 1169 469 militumque
1197 415 1448 469 ignotorum.
1466 437 1522 441 —
1538 412 1650 454 Ibid.
1673 427 1771 454 eon-

376 480 505 521 cessit
537 495 616 535 pro
645 481 1063 536 processit.—Cap.
1094 482 1162 523 42.
1196 481 1514 536 descripserunt
1548 495 1628 534 pro
1661 480 1766 521 clivi-

375 548 723 603 serunt—Cap.
758 549 825 590 43.
871 556 913 590 ct
953 550 1192 604 quindecim
1227 549 1349 590 milia
1389 563 1467 602 pro
1507 553 1548 589 et
1584 547 1770 603 quinque

375 616 716 670 millia—Cap.
739 615 806 656 44.
842 617 966 670 quod,
999 632 1091 656 cum
1118 616 1345 670 Hispania
1375 616 1585 665 movisset,
1616 615 1769 656 bellum

375 685 644 739 negligerent
676 698 755 737 pro
790 684 906 737 quod
937 682 1165 737 Hispania
1199 683 1408 731 movisset,
1445 683 1597 723 bellum
1631 681 1770 737 negli-

370 766 479 806 gere
527 749 595 791 vel
640 750 817 805 negligi.
835 773 893 778 -—
909 749 1019 792 Ibid.
1063 751 1224 791 instare
1268 764 1347 804 pro
1389 755 1568 791 restare.
1585 773 1643 778 —-
1658 749 1768 804 Cap.

375 819 441 858 45.
487 818 541 858 ab
582 823 667 857 tum
702 817 914 872 gravibus
949 817 1197 858 auctoribus
1232 831 1312 871 pro
1347 817 1433 857 iam
1471 817 1527 857 ab
1558 816 1770 871 gravibus

374 885 635 926 auctoribus.
653 908 710 912 ——
726 883 837 925 Ibid.
870 900 953 926 non
980 885 1046 926 ita
1076 884 1224 940 magni
1253 884 1449 925 momenti
1477 898 1559 938 pro
1579 898 1662 925 non
1682 889 1771 925 tam

374 952 521 1008 magni
536 952 742 993 momenti.
752 976 810 981 —-
823 952 938 993 Ibid.
955 952 1106 993 bellum
1120 957 1274 993 motum
1272 951 1401 1006 foret
1415 966 1494 1005 pro
1509 950 1771 1006 ortumforet

376 1021 537 1061 bellum.
553 1044 610 1048 ——-
624 1019 733 1061 Ibid.
758 1020 950 1061 hostibus
973 1020 1060 1061 sive
1080 1020 1226 1075 potius
1248 1019 1491 1074 hospitibus
1511 1033 1591 1073 pro
1607 1018 1767 1060 amicis.

372 1112 430 1116 ——
438 1087 549 1129 Ibid.
561 1088 839 1129 ,Mar-:escere
848 1088 927 1129 otii
934 1088 1018 1128 situ
1034 1088 1156 1143 queri
1171 1087 1387 1128 civitatem
1400 1102 1480 1142 pro
1490 1086 1772 1128 Marcescere

375 1155 462 1196 otio
475 1155 646 1210 situque
660 1155 1022 1210 civitatem,queri
1038 1170 1202 1196 eum.—
1212 1155 1316 1210 Cap.
1333 1154 1399 1195 47.
1417 1155 1478 1196 ad
1485 1160 1678 1196 senatum
1690 1167 1770 1209 pro

374 1224 495 1278 apud
511 1229 714 1263 senatum.
729 1247 786 1251 —
802 1223 908 1277 Cap.
931 1221 998 1263 48.
1031 1237 1113 1277 quo
1136 1223 1179 1263 in
1200 1223 1292 1264 loco
1314 1223 1501 1263 iusserat
1521 1236 1600 1276 pro
1622 1235 1704 1276 quo
1725 1221 1770 1261 in

375 1291 468 1331 loco
484 1290 668 1342 fuerunt
693 1289 760 1331 vel
786 1290 892 1331 iussi
913 1296 1048 1331 erant.
1063 1289 1243 1331 —Ibid.
1274 1295 1395 1330 nocte
1414 1289 1658 1343 Byzacium
1683 1286 1769 1343 (ita

373 1357 590 1412 regionem
608 1358 822 1411 quandam
839 1357 940 1412 agri
957 1358 1044 1398 sive
1060 1357 1203 1411 potius
1220 1356 1325 1412 Afri
1341 1356 1508 1410 vocant)
1525 1362 1770 1411 transgres-

373 1440 446 1465 sus
476 1440 554 1479 pro
585 1430 706 1466 nocte
735 1425 830 1465 visa
861 1425 949 1465 cita
981 1425 1197 1480 regionem
1229 1425 1443 1478 quandam
1475 1424 1572 1479 aqri
1609 1424 1769 1466 Vocani

373 1499 682 1547 transgressus,
701 1492 816 1546 quod
839 1493 893 1533 ab
916 1491 1007 1532 aliis
1028 1493 1071 1532 in
1092 1497 1214 1533 nocte
1234 1492 1275 1532 vi
1297 1491 1441 1532 accita
1461 1498 1541 1533 etc.
1560 1489 1627 1532 vel
1647 1497 1770 1533 nocte

374 1561 444 1601 via
478 1561 564 1601 cita
597 1567 676 1600 etc.
714 1560 847 1613 magis
884 1559 1011 1600 etiam
1048 1567 1298 1614 corruptum
1333 1558 1613 1600 est.-—Ibid.
1649 1573 1770 1600 suum

374 1633 565 1669 eventum
593 1642 672 1681 pro
697 1642 867 1667 suorum
893 1632 1076 1667 eventus.
1095 1651 1152 1655 ——
1169 1626 1278 1667 Ibid.
1302 1627 1468 1669 Eodem
1497 1627 1567 1668 die
1596 1641 1677 1682 pro
1697 1626 1769 1669 Eo

372 1695 454 1736 (lie.
468 1719 525 1723 —
539 1694 648 1735 Ibid.
669 1700 713 1735 ut
736 1694 909 1735 umbrae
930 1701 973 1735 et
979 1694 1145 1749 fierent
1166 1709 1245 1748 pro
1267 1700 1311 1734 ut
1333 1694 1482 1735 umbra
1499 1701 1542 1735 et
1548 1694 1697 1750 fieret.
1712 1718 1770 1724 —-

373 1763 483 1804 Ibid.
527 1762 698 1808 Quanto
734 1776 804 1803 res
837 1767 879 1802 et
914 1767 1079 1816 tempus
1111 1762 1370 1817 patiebatur
1404 1767 1627 1817 apparatu
1662 1762 1770 1803 cele·

373 1831 527 1872 bratae
554 1831 644 1871 eius
672 1829 760 1870 diei
791 1829 944 1884 epulae
973 1835 1070 1869 sunt
1100 1844 1180 1883 pro
1207 1828 1421 1874 Quantum
1447 1844 1517 1870 res
1543 1835 1585 1870 et
1604 1834 1770 1885 tempus

365 1898 667 1953 patiebantur,
704 1902 952 1952 apparatae
987 1897 1316 1951 celebrataeque
1356 1897 1448 1937 eius
1488 1897 1577 1937 diei
1615 1896 1769 1951 epulae

373 1971 480 2006 sunt.
498 1989 555 1994 ——
572 1965 682 2006 Ibid.
712 1964 951 2019 referendis
976 1979 1054 2018 pro
1085 1964 1223 2004 remis.
1242 1989 1299 1993 —
1316 1964 1421 2018 Cap.
1444 1964 1513 2006 49.
1541 1965 1591 2005 id
1615 1964 1656 2004 ei
1685 1978 1768 2005 non

371 2033 526 2073 debere
558 2033 730 2086 impune
760 2045 852 2071 esse
882 2045 962 2085 pro
993 2031 1067 2071 Ne
1099 2031 1168 2071 his
1201 2031 1353 2072 debere
1387 2031 1556 2086 impune
1589 2045 1693 2072 esse.
1714 2054 1768 2060 —

372 2099 483 2140 Ibid.
508 2105 553 2139 ut
570 2099 625 2139 ab
643 2099 785 2139 altera
798 2098 954 2152 patria
975 2112 1055 2152 pro
1076 2103 1123 2138 ut
1138 2098 1230 2138 alia
1243 2098 1592 2152 patria.-—Ibid.
1601 2098 1768 2154 filium-

373 2181 455 2221 que
486 2180 566 2220 pro
583 2166 741 2219 filium.
760 2164 942 2206 —Ibid.
977 2166 1039 2205 ad
1068 2165 1252 2206 animum
1282 2165 1374 2206 eius
1406 2166 1655 2207 moliendum
1685 2180 1768 2221 pro

372 2234 512 2274 animo
546 2233 638 2274 eius
673 2233 924 2273 moliendum
958 2231 1025 2273 vel
1061 2234 1122 2273 ad
1153 2233 1612 2275 moliendzmz.—Ibid.
1645 2248 1768 2289 repe-

372 2306 508 2341 tentes
529 2314 608 2354 pro
626 2305 834 2354 petentes.
850 2323 907 2327 ——
922 2299 1022 2340 Lib.
1046 2299 1268 2341 XXXIV.
1299 2300 1404 2355 Cap.
1429 2303 1468 2342 2.
1497 2302 1767 2357 rogationem
1828 2337 1832 2339 μ

372 2382 451 2422 pro
482 2368 742 2422 rogationes.
761 2367 938 2421 —Cap.
971 2367 1009 2407 3.
1044 2368 1400 2422 procucurrerint
1428 2383 1509 2423 pro
1531 2384 1766 2424 procurre·

371 2441 481 2476 runt.
496 2434 670 2488 —Cap.
714 2435 750 2474 5.
802 2434 1049 2475 seditionem
1090 2449 1170 2489 pro
1211 2435 1453 2477 seditiones.
1472 2460 1530 2465 —
1546 2435 1652 2490 Cap.
1699 2437 1761 2477 13.

371 2503 592 2544 ostendere
614 2516 693 2555 pro
715 2502 974 2542 ostendendi.
992 2526 1049 2530 —
1065 2501 1170 2556 Cap.
1202 2503 1262 2543 19.
1302 2502 1404 2543 Cum
1425 2503 1592 2544 incerta
1613 2503 1765 2545 bellum

371 2586 428 2612 an
453 2585 547 2624 pax
575 2584 663 2609 cum
691 2569 919 2610 Celtiberis
940 2575 1080 2610 essent
1106 2584 1185 2623 pro
1211 2569 1346 2614 Quum
1368 2570 1588 2619 incertum,
1611 2571 1765 2613 bellum

371 2653 428 2678 an
457 2652 551 2691 pax
583 2651 674 2676 cum
711 2636 938 2677 Celtiberis
974 2642 1096 2677 esset.
1115 2637 1298 2677 —Ibid.
1337 2637 1434 2678 deni
1468 2652 1549 2692 pro
1582 2638 1765 2679 dein.—

374 2705 478 2758 Cap.
502 2704 569 2744 20.
602 2704 878 2744 insultassent
908 2718 987 2757 pro
1012 2703 1536 2758 persultassent.-Ibid.
1569 2705 1765 2747 avehitur

372 2786 450 2826 pro
467 2771 703 2812 advehitur.
719 2795 775 2798 —
789 2770 893 2825 Cap.
911 2771 978 2811 32.
1004 2786 1095 2812 cum
1117 2776 1260 2812 cetera
1276 2771 1548 2813 liberavimus
1568 2768 1764 2816 Graecia

371 2841 458 2882 sive
487 2839 716 2881 Graeciam
738 2853 816 2894 pro
839 2854 930 2880 cum
951 2845 1136 2880 ceteram
1163 2840 1487 2882 liberaverimus
1513 2839 1759 2885 Graeciam.
