1888 3194
342 153 421 194 178
849 153 998 196 ΤΙΤΙ
1034 154 1215 196 LIVII

133 249 178 281 U.
194 251 231 282 C.
255 252 328 291 584.
340 241 575 298 appellant)
594 241 648 283 ad
668 242 822 284 Persea
842 244 1028 295 mittunt,
1052 245 1126 301 qui
1147 244 1375 293 nuntiaret,
1399 248 1411 268 ‘
1424 242 1563 299 Argui
1590 241 1730 284 caedis

131 293 171 325 A.
196 293 233 325 C.
259 293 328 326 168.
343 305 355 323 ‘
368 299 617 341 Euandrum
633 299 905 342 Cretensem:
939 317 1026 343 esse
1048 311 1187 343 autem
1209 301 1366 342 iudicia
1381 300 1493 357 apud
1510 315 1597 341 sese
1614 314 1730 341 more

343 357 569 398 ‘maiorum
603 367 840 413 comparata
872 359 925 400 de
956 359 1018 408 iis,
1045 359 1118 414 qui
1151 359 1329 400 incestas
1363 373 1509 399 manus
1540 357 1730 398 intulisse

343 414 478 455 ‘intra
517 415 716 455 terminos
756 425 933 456 sacratos
969 416 1114 471 templi
1151 416 1354 456 dicantur.
1420 414 1465 456 Si
1500 414 1732 456 confideret

343 477 355 495 ‘
369 471 581 521 Euander,
604 472 824 513 innoxium
855 487 897 514 se
929 473 989 514 rei
1017 473 1204 528 capitalis
1225 473 1355 528 argui,
1379 472 1540 513 veniret
1560 471 1612 512 ad
1633 485 1732 512 cau-

343 533 454 569 ‘sam
490 528 735 572 dicendam:
779 530 813 570 si
848 530 1109 570 committere
1145 545 1187 570 se
1223 530 1379 570 iudicio
1420 544 1506 570 non
1542 528 1730 578 auderet,

343 585 562 627 ‘liberaret
591 586 792 642 religione
824 586 1042 641 templum,
1074 602 1121 627 ac
1151 587 1320 627 sibimet
1352 587 1440 642 ipse
1471 585 1733 627 consuleret.’

341 642 519 684 Perseus
550 654 741 684 sevocato
764 642 963 684 Euandro
988 642 1192 683 iudicium
1223 643 1432 684 subeundi
1462 643 1578 684 nullo
1608 649 1764 698 pact08

341 708 487 740 auctor
507 715 617 740 esse:
654 706 756 740 ‘nec
785 714 920 748 causa,
943 715 1021 740 nec
1052 700 1185 755 gratia
1215 714 1358 755 parem
1378 699 1492 740 fore?
1554 699 1733 740 Suberat

342 764 384 797 et
414 756 483 797 ille
515 765 664 806 metus,
686 771 740 796 ne
766 756 987 796 damnatus
1018 766 1231 797 auctorem
1262 771 1304 796 se
1336 756 1508 796 nefandi
1537 756 1732 797 facinoris

341 813 613 868 protraheret.
663 818 675 837 ‘
693 812 867 868 Reliqui
887 813 991 868 quid
1011 828 1113 863 esse,
1135 813 1215 853 nisi
1235 823 1283 854 ut
1303 813 1465 854 fortiter
1485 812 1765 857 moriatur?'9

342 869 464 910 Nihil
484 869 622 926 palam
644 871 827 911 abnuere
850 869 1071 911 Euander:
1106 870 1180 911 sed
1196 885 1341 926 quum,
1359 884 1523 911 veneno
1544 884 1587 910 se
1608 869 1732 911 malle

110 928 114 931 ’
133 927 460 976 Occidituramori,
483 942 610 983 quam
631 927 754 977 ferro,
777 927 974 977 dixisset3
1008 927 1170 969 occulte
1191 928 1333 983 fugam
1353 927 1538 983 parabat.
1603 926 1733 975 Quod

133 981 261 1013 Perseo.
342 999 475 1040 quum
504 984 793 1025 renuntiatum
823 985 912 1041 regi
940 994 1060 1034 esset,
1086 994 1291 1034 metuens,
1314 999 1381 1034 ne,
1403 994 1605 1041 tanquam
1636 999 1660 1024 a
1689 998 1732 1025 se

342 1041 553 1083 subtracto
573 1057 734 1098 poenae
755 1057 840 1091 reo,
862 1042 965 1083 iram
989 1041 1304 1083 Samothracum
1326 1042 1371 1082 in
1392 1057 1435 1083 se
1456 1049 1732 1091 converteret,

341 1098 524 1139 interfici
545 1098 793 1140 Euandrum
814 1099 943 1141 iussit.
1009 1099 1107 1147 Qua
1136 1108 1373 1155 perpetrata
1402 1107 1560 1140 temere
1590 1098 1733 1147 caede,

342 1156 470 1197 subiit
496 1156 708 1212 extemplo
736 1157 936 1206 animum,
964 1157 1008 1197 in
1039 1171 1082 1198 se
1110 1157 1309 1197 nimirum
1339 1165 1551 1212 receptam
1581 1155 1732 1205 labem,

343 1228 450 1268 quae
474 1212 663 1254 Euandri
689 1213 859 1255 fuisset:
894 1215 945 1255 ab
974 1214 1045 1255 illo
1073 1213 1253 1270 Delphis
1279 1213 1544 1255 vulneratum
1576 1212 1735 1253 Eume-

343 1285 454 1320 nem,
494 1271 546 1311 ab
581 1285 624 1312 se
664 1270 956 1312 Samothracae
995 1271 1243 1312 Euandrum
1279 1271 1473 1312 occisum.
1547 1269 1615 1310 Ita
1647 1269 1734 1310 duo

343 1327 602 1369 sanctissima
631 1328 675 1369 in
703 1328 822 1369 terris
852 1328 1019 1384 templa,
1042 1343 1084 1368 se
1113 1343 1198 1369 uno
1220 1339 1402 1377 auctore,
1424 1327 1628 1383 sanguine
1655 1326 1735 1367 hu-

343 1398 468 1425 mano
480 1384 642 1426 violata.
687 1384 828 1426 Huius
843 1386 904 1426 rei
920 1386 1091 1435 crimen,
1107 1394 1301 1441 corrupto
1317 1384 1499 1441 pecunia
1512 1383 1734 1433 Theonda,

344 1441 554 1492 avertitur,
570 1453 617 1483 ut
633 1443 892 1483 renuntiaret
912 1443 1082 1499 populo,
1102 1442 1350 1483 Euandrum
1371 1442 1449 1483 sibi
1469 1441 1607 1497 ipsum
1624 1455 1736 1482 mor-

213 1503 250 1541 6.
345 1506 429 1539 tem
451 1500 667 1541 conscisse.
716 1499 917 1540 Ceterum
941 1508 1056 1541 tanto
1077 1500 1260 1540 facinore
1282 1499 1327 1539 in
1347 1499 1520 1539 unicum
1540 1497 1735 1539 relictum

134 1558 332 1605 Ifferseianxi-
344 1556 538 1605 amicum,
578 1558 629 1598 ab
665 1556 755 1612 ipso
790 1572 865 1612 per
900 1566 962 1598 tot
997 1571 1114 1597 casus
1147 1565 1382 1612 expertum,
1419 1555 1733 1611 proditumque,

133 1604 279 1673 ξὲξζὲῐῗῗ
343 1612 444 1667 quia
477 1627 563 1654 non
595 1613 851 1669 prodiderat,
889 1614 1076 1655 omnium
1111 1614 1163 1654 ab
1199 1629 1242 1654 se
1279 1612 1529 1654 abalienavit
1560 1612 1732 1654 animoS.

168 1668 187 1683 ⁰
262 1667 270 1675 '
344 1669 428 1710 Pro
449 1685 491 1710 se
514 1671 692 1726 quisque
721 1671 894 1712 transire
924 1671 977 1712 ad
1003 1671 1243 1712 Romanos:
1276 1670 1485 1726 fugaeque
1513 1669 1735 1711 consilium

343 1741 491 1783 capere
533 1727 666 1768 solum
706 1743 836 1784 prope
877 1728 1068 1769 relictum
1105 1737 1356 1784 coegerunt:
1405 1727 1733 1782 Oroandemque

347 1782 608 1834 Cretensem,
631 1785 699 1826 cui
720 1795 821 1827 nota
841 1786 1045 1826 Thraciae
1067 1800 1140 1827 ora
1161 1794 1261 1835 erat,
1284 1785 1384 1841 quia
1410 1793 1663 1825 mercaturas
1688 1783 1735 1824 in

344 1856 393 1882 ea
417 1842 588 1897 regione
609 1842 776 1892 fecerat,
799 1843 994 1898 appellat,
1018 1852 1065 1883 ut
1085 1858 1127 1883 se
1149 1842 1359 1883 sublatum
1389 1842 1434 1882 in
1464 1841 1650 1882 lembum
1680 1840 1734 1881 ad

135 1903 209 1951 Rex⁴
222 1903 331 1944 fugam
347 1897 503 1955 Cotym
528 1899 765 1940 deveheret.
828 1900 1094 1940 Demetrium
1115 1908 1178 1940 est
1197 1908 1343 1955 portus
1372 1899 1418 1939 in
1447 1897 1734 1954 promontorio

132 1946 273 1978 mohtur.
342 1956 527 2011 quodam
563 1955 879 1997 Samothracae:
923 1956 982 1997 ibi
1016 1956 1178 1997 lembus
1213 1957 1358 1997 stabat.
1424 1955 1511 1996 Sub
1541 1969 1734 1996 occasum

343 2012 439 2053 solis
460 2012 718 2061 deferuntur,
741 2027 848 2068 quae
873 2012 927 2054 ad
957 2028 1078 2054 usum
1110 2012 1341 2054 necessaria
1368 2021 1510 2053 erant:
1546 2012 1734 2053 defertur

343 2077 384 2110 et
413 2069 604 2124 pecunia,
627 2078 785 2124 quanta
811 2069 917 2111 clam
943 2070 1096 2111 deferri
1125 2078 1300 2126 poterat.
1363 2069 1460 2110 Rex
1489 2069 1577 2125 ipse
1608 2077 1732 2110 nocte

342 2126 494 2176 media,
517 2140 614 2167 cum
640 2126 771 2167 tribus
791 2127 967 2167 consciis
986 2127 1123 2182 fugae,
1145 2141 1221 2183 per
1250 2127 1456 2183 posticum
1489 2125 1659 2167 aedium
1687 2125 1734 2167 in

342 2183 626 2239 propinquum
652 2183 845 2224 cubiculo
866 2183 1046 2233 hortum,
1070 2193 1196 2240 atque
1224 2183 1338 2233 inde,
1361 2183 1584 2225 maceriam
1609 2197 1732 2239 aegre

344 2249 631 2296 transgressus,
655 2240 709 2280 ad
730 2255 842 2281 mare
864 2242 1067 2296 pervenit.
1133 2240 1352 2282 Oroandes
1373 2240 1457 2282 iam
1477 2248 1582 2290 tum,
1600 2255 1732 2296 quum
1747 2254 1760 2275 1

341 2297 521 2353 pecunia
541 2297 782 2346 deferretur,
805 2298 949 2353 primis
980 2298 1163 2339 tenebris
1194 2298 1371 2339 solverat
1400 2312 1564 2347 navem,
1585 2312 1634 2338 ac
1657 2312 1733 2354 per

342 2353 472 2395 altum
497 2353 668 2395 Cretam
690 2355 870 2410 petebat.
933 2355 1164 2412 Postquam
1192 2355 1237 2396 in
1261 2363 1387 2411 portu
1412 2354 1530 2396 navis
1556 2369 1643 2396 non
1666 2354 1733 2395 in-

342 2419 467 2452 venta
493 2420 568 2460 est,
590 2420 763 2467 vagatus
789 2411 967 2453 Perseus
995 2412 1254 2468 aliquamdiu
1286 2413 1331 2453 in
1361 2411 1494 2461 litore,
1519 2420 1731 2468 postremo

341 2468 492 2509 timens
522 2468 659 2509 lucem
695 2469 778 2509 iam
809 2470 1231 2526 appropinquantem,
1257 2469 1302 2510 in
1333 2469 1562 2526 hospitium
1591 2467 1730 2510 redire

1055 2632 1154 2662 cunia
1170 2631 1364 2669 deferretur,
1376 2632 1493 2670 primis
1514 2631 1654 2662 tenebris
1671 2630 1730 2661 sol-

1055 2674 1162 2710 verat]
1190 2673 1267 2711 Ipso
1282 2673 1436 2712 temporis
1451 2676 1581 2712 puncto,
1597 2682 1661 2712 quo
1676 2673 1729 2703 de-

382 2631 400 2661 8
423 2631 572 2662 Sevocato
595 2631 771 2667 Euandro]
791 2630 939 2661 Seorsum
958 2640 1010 2660 vo-

340 2677 423 2710 cato,
440 2678 475 2703 ut
491 2683 564 2702 cum
581 2673 648 2702 solo
666 2672 829 2709 Evandm,
841 2682 905 2702 non
921 2673 1010 2702 audi—

339 2719 412 2746 ente
430 2715 588 2745 Theonda
606 2715 654 2744 vel
675 2714 786 2753 quovis
801 2715 865 2744 alio
881 2715 1010 2751 arbitro,

339 2758 584 2797 colloqueretur.
611 2756 687 2786 Dm
694 2766 726 2787 κ.

381 2810 400 2840 9
424 2798 650 2836 Protralzeret]
678 2798 937 2836 I¹ateface1·et,iu
963 2800 1009 2828 lu-

339 2852 407 2872 cem
427 2842 590 2882 proferret.
614 2842 652 2871 cf.
670 2851 754 2880 supr.
773 2841 848 2871 xliv.
868 2840 915 2871 26.

385 2894 396 2914 1
424 2885 587 2915 Oroandes
624 2885 687 2914 iam
723 2888 801 2921 tum,
831 2894 928 2923 quum
958 2894 1009 2924 pe-

1056 2715 1155 2744 latam
1194 2715 1237 2744 ad
1273 2725 1306 2745 se
1343 2715 1514 2753 pecuniam
1548 2718 1728 2754 acceperat.

1055 2758 1209 2788 Ceterum
1223 2756 1392 2787 Bekkerus
1409 2757 1575 2788 Oroandes
1590 2761 1728 2793 tantum,

1054 2800 1130 2828 (lum
1150 2800 1291 2838 pecunia
1316 2800 1498 2837 deferretur
1514 2822 1522 2830 .
1540 2822 1547 2830 .
1566 2822 1573 2829 .
1590 2822 1597 2829 .
1610 2800 1729 2838 primis

1055 2842 1193 2872 tenebris
1214 2842 1352 2872 solverat
1374 2841 1512 2880 reponit,
1534 2840 1658 2880 aliquid
1680 2840 1728 2871 in-

1055 2883 1217 2914 tercidisse
1233 2883 1429 2916 existimans.
