1888 3194
904 204 1194 245 INDEX.

362 281 531 312 Sextantes
548 290 577 319 2,
593 289 643 321 33.

362 324 499 355 Sextarii
514 324 590 362 vini,
607 324 734 355 honoris
756 335 840 365 ergo,
862 325 1028 362 militibus,

403 367 457 406 qui
474 367 613 398 Decium
631 367 731 398 secuti
753 368 890 408 fuerant,
911 379 930 399 a
951 369 1026 409 legi-

404 409 517 440 onibus
533 410 640 440 collati
659 418 687 450 7,
703 418 753 450 37.

361 451 498 482 Sextiles
521 453 691 483 Kalendae
713 453 790 484 olim
813 454 887 485 anni
913 454 1026 494 princi-

402 495 492 534 pium
516 504 546 533 3,
569 494 597 526 6.
631 496 753 535 duplici
776 497 866 528 clade
890 497 1026 537 insignes

402 536 432 575 6,
452 547 477 569 1.
505 538 642 569 Sextiles
659 539 737 570 Idus
752 549 803 578 41,
822 550 870 571 20.
899 540 1026 577 Nonae,

401 579 477 612 ibid.

359 622 396 654 C.
421 623 573 654 Sextilius
599 623 744 664 plebeius
769 625 915 655 tribunus
943 623 1025 654 mili-

400 666 475 696 taris
491 667 645 697 consolari
663 670 820 705 potestate
836 666 866 705 6,
882 676 931 705 30.

357 707 404 738 Μ.
429 708 580 739 Sextilius
612 709 820 748 Fregellanus
856 709 1025 749 respondet

398 760 456 789 pro
485 751 702 790 duodeviginti
734 751 876 789 coloniis,
906 751 1023 782 milites

398 803 437 823 ex
453 793 591 823 formula
606 797 733 832 paratos
749 803 815 824 esse
833 802 882 832 27,
903 803 948 825 10.

355 835 392 866 L.
409 835 548 871 Sextius,
570 835 641 866 trib.
666 836 709 875 pl.
733 836 927 876 rogationem
950 837 1022 875 fert,

397 878 459 917 qua
475 878 576 909 Volas
592 878 696 908 coloni
711 878 915 910 mitterentur
929 891 960 918 4,
970 890 1020 921 49.

353 919 390 950 L.
410 920 547 958 Sextius,
569 921 640 952 trib.
664 921 707 960 pl.
732 922 913 962 promulgat
936 923 1021 962 leges

396 963 436 993 de
458 973 531 994 aere
550 963 667 1002 alieno,
686 964 725 994 de
747 965 842 995 modo
862 975 1019 1005 agrorum,

394 1009 426 1035 et
449 1006 488 1036 de
511 1006 678 1037 consulatu
701 1007 827 1046 plebeio
846 1006 876 1045 6,
894 1016 942 1048 35.
972 1018 1018 1038 re-

393 1048 494 1078 fectus
520 1049 590 1081 trib.
614 1049 659 1088 pl.
683 1060 747 1080 non
773 1051 895 1089 patitur
920 1050 1018 1081 creari

392 1092 517 1122 curules
532 1092 745 1131 magistratus,
759 1092 835 1124 ibid.
866 1097 1016 1124 octamm

390 1133 461 1165 trib.
482 1134 527 1173 pl.
550 1133 599 1174 36.
631 1135 808 1165 continuari
836 1136 894 1166 sibi
918 1136 1015 1167 tribu-

389 1180 501 1206 natum
517 1181 642 1207 recusat
658 1186 707 1218 39.
739 1178 898 1209 decimum
916 1179 1014 1209 tribu-

388 1229 448 1249 nus
471 1220 608 1250 refectus
630 1230 679 1257 42.
712 1221 832 1260 primus
855 1222 895 1252 de
919 1222 1014 1261 plebe

389 1263 499 1292 consul
516 1263 631 1300 factus,
647 1263 722 1294 ibid.
739 1267 771 1294 et
789 1270 817 1302 7,
837 1274 862 1294 1.

344 1303 392 1335 M.
407 1304 535 1335 Sextius
547 1305 693 1343 Sabinus,
709 1316 748 1336 ex
764 1306 928 1337 aedilitate
944 1307 1011 1346 ple-

386 1347 459 1378 beia
482 1352 609 1387 praetor
631 1357 682 1387 30,
702 1347 748 1379 26.
784 1349 912 1379 sortitur
935 1350 1011 1380 Gal-

386 1389 463 1420 liam
481 1398 529 1429 27.

344 1430 479 1471 Sibylla,
508 1437 583 1463 ante
613 1443 709 1473 quam
739 1434 912 1465 Carmenta
941 1435 1011 1465 fati-

385 1475 481 1514 loqua
511 1485 537 1513 1,
565 1482 590 1514 7.
635 1477 778 1516 Sibyllae
804 1478 945 1507 carmina
971 1479 1010 1508 de

382 1518 519 1547 termino
534 1519 624 1548 fatali
640 1519 765 1558 imperii
781 1519 877 1550 Rom.
894 1520 945 1558 38,
958 1528 1007 1559 45.

341 1558 474 1590 Siccitas
498 1561 609 1600 ingens
630 1561 663 1591 in
686 1562 762 1592 urbe
787 1565 819 1592 et
845 1572 918 1601 agro
941 1563 1007 1593 Ro-

380 1612 476 1633 mano
492 1615 522 1642 4,
539 1613 587 1641 30.
613 1614 664 1641 40,
682 1614 729 1644 29.

339 1643 375 1675 L.
390 1644 521 1683 Siccius,
538 1646 584 1676 vir
599 1646 796 1684 fortissimus,
818 1647 929 1679 fraude
952 1648 1004 1679 de-

380 1688 588 1719 cemvirorum
604 1689 789 1720 interfectus
804 1699 834 1729 3,
850 1699 900 1729 43.

337 1729 447 1761 Sicilia
476 1741 503 1768 1,
532 1741 558 1762 1.
600 1731 633 1762 in
660 1730 800 1762 Siciliam
828 1733 914 1763 venit
941 1734 1003 1764 Ae-

377 1783 463 1811 neas,
489 1774 564 1805 ibid.
607 1774 640 1804 in
670 1774 778 1805 Sicilia
805 1775 1002 1806 frumentum

377 1820 522 1855 emptum
552 1821 682 1856 propter
711 1818 874 1848 caritatem
904 1829 1001 1849 anno-

376 1868 437 1888 nae
463 1869 491 1896 2,
516 1869 564 1899 34.
602 1860 635 1890 111
659 1859 800 1891 Siciliam
825 1862 1000 1891 exercitum

376 1902 504 1939 quando
541 1903 681 1942 primum
713 1903 894 1934 traiecerint
924 1905 999 1935 Car—

373 1943 586 1983 thaginienses
605 1956 635 1983 4,
652 1955 701 1986 29.
730 1955 750 1975 a
764 1946 907 1986 tyrannis
923 1947 999 1978 Sici-

373 1986 436 2016 liae
457 1987 583 2018 missam
600 1989 779 2028 suspicatur
795 1988 904 2019 Livius
920 1990 998 2020 clas-

371 2038 436 2059 sem
463 2029 669 2067 Graecorum,
687 2041 770 2070 quae
792 2041 879 2062 mare
902 2031 997 2062 Etru-

371 2081 460 2101 scum
475 2072 624 2103 infestum
643 2073 781 2104 habebat
799 2081 827 2113 7,
845 2082 881 2113 25
899 2078 930 2105 et
948 2073 995 2107 26.

375 2113 555 2146 Poenorum
570 2116 602 2146 in
620 2116 728 2146 Sicilia
744 2127 904 2147 successus
921 2124 949 2156 7,
965 2118 995 2155 8,

370 2166 398 2196 9.
424 2157 532 2188 Sicilia
545 2159 698 2189 deseritur
713 2169 732 2188 a
749 2159 865 2189 Poenis
882 2159 932 2197 26,
944 2170 993 2199 40.

370 2199 498 2231 Siciliae
520 2211 568 2232 res
591 2201 753 2240 componit
773 2201 880 2241 Scipio
899 2212 948 2244 29,
968 2212 992 2233 1.

369 2241 496 2273 Siciliae
527 2244 691 2274 calamitas
720 2244 760 2274 ob
789 2248 895 2274 motus
931 2255 992 2275 ser-

370 2284 457 2321 viles,
476 2285 537 2315 vid.
557 2286 656 2322 Servi,
678 2286 826 2325 Fugitivi.
858 2287 891 2316 in
915 2287 991 2317 Sici-

367 2326 442 2356 liam
465 2328 615 2366 navigant
639 2328 778 2358 Romani
803 2328 852 2366 26,
875 2336 923 2367 27,
940 2338 989 2367 34.

367 2368 545 2399 Siculorum
561 2370 666 2400 studia
678 2380 750 2409 erga
763 2370 927 2400 Romanos
939 2379 988 2409 52.

363 2420 413 2441 res
435 2415 542 2450 gestae
567 2412 599 2442 in
626 2412 735 2442 Sicilia
760 2416 832 2451 post
858 2413 986 2443 caedem

365 2453 556 2493 Hieronymi
573 2464 624 2492 24,
641 2464 691 2491 21,
708 2453 757 2492 36.

321 2495 500 2534 Sicilinum,
520 2497 675 2536 oppidum
699 2496 909 2536 Hirpinorum
934 2507 985 2537 23,

318 2581 499 2612 Siculorum
515 2592 564 2613 res
581 2592 600 2612 a
616 2582 663 2612 M.
677 2581 833 2612 Marcello
854 2592 982 2623 compo-

359 2624 438 2654 sitae
466 2633 514 2663 25,
539 2635 591 2664 40.
629 2635 737 2654 eorum
763 2626 911 2664 querelae
941 2627 981 2657 de

357 2666 514 2697 Marcello
539 2667 588 2704 26,
613 2677 661 2708 29.
693 2677 801 2697 eorum
826 2668 924 2697 oratio
947 2669 979 2699 in

356 2713 468 2740 senatu
485 2719 535 2748 3ο.
567 2710 604 2740 iis
619 2710 790 2749 respondet
805 2710 979 2742 Marcellus

355 2760 405 2788 31.
439 2753 480 2782 de
495 2763 533 2783 ea
546 2763 579 2782 re
595 2752 903 2782 senatusconsultum
926 2763 975 2792 32.

354 2794 454 2825 Siculi
477 2795 573 2835 legati
591 2795 632 2825 ad
649 2795 797 2826 Marcelli
819 2805 921 2835 genua
944 2807 976 2827 se

352 2837 522 2876 proiiciunt
536 2847 586 2877 33.

310 2878 453 2910 Siculum
470 2880 586 2911 fretum
607 2890 633 2917 Ι,
652 2890 679 2912 2.

307 2921 472 2961 Sicimina,
487 2933 578 2954 mons
592 2931 643 2963 45,
664 2933 709 2955 12.

1071 284 1108 316 C.
1123 283 1271 322 Sicinius,
1290 287 1402 315 auctor
1423 283 1608 315 secessionis
1629 283 1662 314 in
1684 283 1738 315 Sa-

1114 337 1202 357 crum
1224 331 1368 357 montem
1389 336 1418 364 2,
1433 336 1483 366 32.
1517 327 1600 357 inter
1621 325 1740 366 primos

1112 369 1255 400 tribunos
1269 370 1373 410 plebis
1388 378 1438 409 33.
1455 369 1494 400 cf.
1509 373 1541 401 et
1557 379 1587 409 3,
1600 376 1649 407 54.

1071 412 1109 444 O.
1123 412 1270 450 Sicinius,
1285 413 1356 443 trib.
1373 413 1416 452 pl.
1435 422 1464 449 2,
1481 412 1530 452 58.
1555 412 1640 442 diem
1660 411 1738 443 dicit

1114 456 1175 494 Ap.
1190 455 1327 486 Claudio
1343 454 1393 486 61.

1070 497 1107 528 C.
1121 497 1268 534 Sicinius,
1283 498 1354 528 trib.
1374 498 1417 537 pl.
1437 501 1508 537 post
1527 497 1736 528 secessionem

1112 539 1145 569 in
1162 540 1356 570 Aventinum
1374 549 1404 578 3,
1421 549 1469 578 54.

1070 582 1107 613 C.
1121 582 1269 620 Sicinius,
1291 582 1414 621 legatus
1440 592 1460 612 a
1485 586 1596 613 senatu
1621 581 1735 613 missus

1111 633 1162 662 439
1181 632 1207 662 7·

1070 667 1129 697 Cn.
1143 665 1291 704 Sicinius,
1306 666 1429 704 aedilis,
1450 666 1530 706 petit
1552 670 1733 705 praeturam

1112 717 1163 749 39,
1179 718 1228 749 39.
1262 709 1297 739 fit
1319 719 1403 739 anno
1426 713 1578 748 sequente
1595 713 1734 748 praetor,

1109 756 1141 781 et
1156 752 1284 781 sortitur
1299 751 1478 782 Sardiniam
1495 759 1544 790 45.

1066 794 1125 826 Cn.
1138 794 1287 831 Sicinius,
1297 793 1443 824 triumvir
1455 793 1598 825 coloniae
1608 793 1732 825 Lucam

1107 837 1313 868 deducendae
1329 846 1380 874 41,
1400 843 1446 876 17.

1065 879 1124 910 Cn.
1140 879 1287 917 Sicinius,
1310 884 1437 919 praetor
1456 889 1508 917 42,
1523 889 1552 921 9.
1585 879 1620 909 111
1641 879 1730 919 ΑΡ11-

1105 922 1182 952 liam
1219 922 1357 952 mittitur
1384 922 1425 952 ad
1455 922 1648 962 colligendas
1685 922 1730 952 lo-

1105 969 1210 996 custas
1223 975 1270 996 10.
1289 965 1411 995 obtinet
1421 965 1647 995 Macedoniam
1659 974 1729 1004 pro-

1104 1007 1253 1046 vinciam,
1276 1011 1443 1047 prorogato
1467 1007 1501 1038 in
1527 1017 1647 1038 annum
1669 1007 1728 1037 im-

1102 1050 1191 1090 perio
1208 1058 1256 1089 27.
1279 1051 1451 1090 paludatus
1466 1049 1675 1090 proficiscitur
1687 1060 1729 1081 ex

1102 1094 1190 1131 urbe,
1206 1093 1281 1124 ibid.

1060 1135 1096 1167 L.
1109 1136 1256 1175 Sicinius,
1271 1136 1342 1167 tn'b.
1359 1136 1404 1176 pl.
1421 1135 1451 1174 6,
1467 1134 1496 1167 6.

1059 1178 1097 1209 T.
1113 1179 1259 1217 Sicinius,
1275 1189 1337 1209 cos.
1355 1189 1385 1216 2,
1400 1189 1450 1218 40.

1058 1221 1096 1252 T.
1111 1221 1257 1259 Sicinius,
1286 1222 1370 1251 lator
1400 1220 1570 1261 rogationis
1599 1221 1639 1251 de
1666 1220 1725 1251 mi-

1096 1265 1216 1303 grando
1233 1264 1331 1294 Veios
1348 1271 1376 1302 5,
1395 1273 1443 1302 24.

1056 1306 1184 1346 Sicyon,
1204 1308 1278 1337 urbs
1295 1314 1345 1345 27,
1362 1316 1410 1345 31.
1435 1314 1486 1346 35,
1503 1313 1551 1344 25.
1586 1305 1724 1346 Sicyone

1098 1349 1321 1380 Romanorum
1352 1349 1552 1387 aliorumque
1587 1349 1722 1388 populo-

1097 1402 1167 1421 rum
1184 1391 1295 1431 legatis
1309 1392 1419 1422 datum
1430 1391 1632 1422 Achaeorum
1648 1401 1721 1422 con-

1099 1434 1207 1464 cilium
1225 1444 1274 1473 32,
1295 1443 1341 1475 19.

1054 1476 1222 1516 Sicyonius
1236 1487 1309 1516 ager
1324 1485 1376 1515 33,
1396 1484 1443 1516 15.

1054 1519 1140 1557 Sida,
1156 1519 1310 1559 oppidum
1327 1527 1378 1558 35,
1397 1528 1443 1558 13.
1467 1526 1519 1559 37,
1535 1528 1583 1558 23.

1053 1561 1191 1599 Sidetae,
1207 1561 1319 1601 populi
1337 1570 1388 1600 35,
1404 1561 1454 1600 48.

1050 1604 1194 1642 Sidicini,
1209 1615 1228 1634 a
1243 1604 1439 1635 Samnitibus
1458 1605 1545 1635 bello
1567 1605 1718 1644 lacessiti,

1090 1647 1192 1677 socios
1211 1647 1270 1677 sibi
1292 1651 1405 1686 parant
1422 1646 1604 1687 Campanos
1621 1655 1650 1687 7,
1666 1658 1716 1690 29.

1089 1700 1195 1720 rursus
1219 1690 1258 1720 ab
1280 1690 1394 1721 iisdem
1417 1689 1607 1730 impugnati,
1628 1691 1716 1721 dedi-

1089 1732 1209 1763 tionem
1226 1733 1329 1763 facere
1345 1733 1457 1763 volunt
1474 1733 1515 1762 ad
1531 1733 1716 1772 Romanos3

1088 1786 1108 1805 a
1126 1776 1240 1814 quibus
1261 1775 1430 1815 repudiati,
1453 1775 1575 1806 dedunt
1597 1786 1630 1806 se
1653 1776 1714 1807 La-

1087 1817 1161 1848 tinis
1184 1819 1215 1855 8,
1239 1828 1250 1848 1
1275 1822 1306 1848 et
1330 1828 1358 1848 2.
1393 1817 1551 1848 Sidicinos
1573 1818 1657 1849 inter
1681 1822 1714 1849 et

1087 1861 1255 1891 Auruncos
1271 1861 1391 1891 bellum
1411 1868 1458 1899 15.
1481 1860 1651 1892 vincuntur
1666 1860 1713 1892 Si-

1086 1903 1183 1933 dicini
1199 1914 1218 1934 a
1234 1903 1390 1934 Romanis
1410 1902 1447 1934 16
1463 1906 1495 1933 et
1512 1911 1559 1943 17.

1044 1945 1204 1976 Sidicinus
1218 1956 1292 1986 ager
1311 1955 1359 1984 10,
1378 1955 1424 1984 14.
1451 1944 1501 1984 26,
1515 1956 1546 1988 9.

1043 1988 1176 2025 Sidonii,
1192 1988 1304 2029 populi
1321 1996 1372 2027 35,
1388 1988 1438 2026 48.

1042 2030 1135 2061 Sidus
1152 2032 1365 2071 Vergiliarum
1383 2041 1433 2070 21,
1449 2038 1499 2071 35.

1041 2073 1168 2113 Sigeum
1186 2085 1237 2112 44,
1255 2074 1302 2104 28.

1041 2115 1149 2156 Signia
1163 2117 1290 2147 colonia
1307 2126 1334 2154 1,
1350 2115 1400 2155 56.
1418 2126 1447 2154 2,
1461 2125 1508 2147 21.
1526 2116 1556 2154 8,
1568 2126 1595 2156 3.
1613 2126 1664 2156 32,
1678 2127 1706 2149 2.

1040 2159 1160 2198 Signini
1180 2168 1207 2199 7,
1224 2160 1252 2190 8.
1280 2158 1438 2190 Romanis
1453 2158 1507 2189 fidi
1526 2166 1578 2198 27,
1594 2169 1641 2190 10.

1039 2201 1174 2240 Signifer
1189 2201 1274 2231 omni
1291 2201 1320 2231 vi
1337 2201 1471 2231 moliens
1490 2201 1615 2240 signum
1631 2212 1704 2233 con-

1079 2244 1196 2274 vellere
1225 2243 1336 2282 nequit
1367 2252 1417 2281 22,
1447 2251 1476 2281 3.
1520 2243 1705 2283 signiferum

1077 2295 1174 2315 manu
1201 2289 1363 2324 arreptum
1389 2295 1498 2316 secum
1519 2285 1554 2316 in
1577 2286 1703 2318 hostem

1076 2328 1159 2366 rapit
1175 2328 1333 2359 Camillus
1345 2326 1378 2366 6,
1394 2328 1423 2359 8.

1034 2369 1165 2409 Signum
1182 2371 1331 2401 emissum
1346 2370 1379 2400 in
1394 2370 1534 2401 hostium
1552 2371 1654 2403 aciem
1670 2372 1702 2412 6,

1073 2413 1103 2442 8.
1128 2422 1178 2451 34,
1201 2412 1250 2451 46.
1286 2412 1416 2443 secundi
1442 2413 1572 2452 hastati,
1593 2415 1700 2446 adem-

1071 2458 1164 2494 ptum
1180 2455 1338 2495 signifero,
1353 2466 1373 2486 a
1389 2456 1432 2491 Q.
1446 2456 1553 2487 Navio
1573 2456 1606 2487 in
1629 2457 1699 2488 hos-

1071 2502 1118 2528 tes
1141 2498 1268 2528 illatum
1294 2497 1344 2536 26,
1368 2505 1395 2537 5.
1433 2498 1522 2538 signa
1546 2499 1699 2531 militaria

1070 2550 1109 2570 ex
1131 2541 1251 2571 aerario
1272 2542 1465 2580 deprompta
1479 2551 1510 2579 4,
1526 2551 1575 2572 22.
1601 2548 1630 2580 7,
1647 2551 1697 2581 23.

1069 2587 1163 2623 capta
1184 2583 1218 2613 in
1241 2583 1362 2623 proelio
1385 2593 1416 2624 9,
1440 2593 1489 2621 44.
1518 2592 1566 2621 10,
1593 2593 1640 2623 14.
1664 2587 1696 2615 et

1066 2626 1143 2655 alibi
1170 2626 1305 2665 saepius.
1342 2630 1417 2655 ante
1442 2625 1531 2665 signa
1561 2629 1593 2656 et
1622 2630 1696 2666 post

1065 2667 1153 2708 signa
1178 2672 1296 2708 strages
1321 2668 1406 2698 facta
1428 2668 1458 2705 8,
1482 2676 1530 2697 11.
1567 2668 1693 2708 signum

1064 2720 1189 2750 pugnae
1201 2710 1312 2740 datum
1325 2709 1391 2748 6,8.
1412 2710 1554 2749 receptui
1568 2711 1691 2749 datum,

1062 2752 1136 2783 ibid.
1175 2752 1372 2792 propositum
1402 2762 1452 2790 22,
1477 2762 1527 2792 45.
1564 2753 1690 2793 signum

1062 2796 1219 2825 secundae
1242 2795 1368 2834 vigiliae
1393 2801 1421 2833 7,
1441 2803 1491 2834 35.
1526 2796 1616 2835 signa
1640 2796 1689 2827 bis

1061 2841 1190 2875 canunt,
1209 2838 1263 2867 ubi
1286 2838 1350 2868 duo
1372 2842 1446 2868 sunt
1471 2838 1616 2869 consules
1635 2845 1688 2878 27,

1059 2887 1109 2919 47.
1147 2881 1269 2920 signum
1296 2881 1419 2917 datum,
1441 2880 1475 2911 id
1501 2884 1559 2918 est,
1582 2881 1687 2911 iussus

1058 2922 1256 2967 imperatoris
1286 2933 1343 2963 per
1371 2926 1475 2954 totum
1505 2922 1680 2956 exercitum
