1888 3194
365 174 450 211 428
693 168 1059 211 SYLLABUS
1107 166 1445 211 CODIC'UM

366 260 462 302 libri
489 259 656 300 initium
683 259 806 316 pictis
834 267 876 300 et
903 258 1123 315 variegatis
1153 259 1284 300 literis
1314 257 1512 300 excultus
1538 263 1613 298 est.
1679 255 1765 298 Ce-

368 327 504 359 terum
525 317 796 373 praecedenti
817 316 1025 358 recentior
1046 331 1134 357 esse
1155 316 1334 357 videtur.

425 374 528 415 XII.
563 374 853 415 LovELIANUs
888 373 1087 414 TERTIUS
1123 382 1185 414 est
1220 373 1347 414 etiam
1383 372 1520 413 codex
1556 370 1765 411 membra-

367 447 532 480 naceus,
560 431 693 472 forma
724 430 882 480 maiori,
913 431 1031 471 cuius
1063 430 1208 471 titulus
1239 439 1281 471 et
1310 430 1469 486 primae
1501 427 1762 484 singulorum

365 488 567 529 librorum
597 488 741 529 literae
772 503 873 528 auro
901 488 1107 543 variisque
1141 487 1349 528 coloribus
1381 486 1596 542 eleganter
1622 484 1763 540 pictae

367 554 498 586 erant.
561 545 691 586 Liber
730 545 798 585 hie
833 544 913 584 fuit
948 544 1169 593 recentior,
1208 544 1282 599 qui
1323 543 1525 584 Vossiano
1561 541 1763 591 seeundO,

368 603 541 643 inferius
576 601 848 650 recensendo,
889 600 934 640 in
977 600 1118 640 multis
1158 600 1408 641 lectionibus
1444 599 1761 641 assentiebatur.

369 658 421 700 In
461 660 546 699 fine
586 659 689 699 haec
730 658 854 698 verba
895 656 1026 697 minio
1072 657 1250 712 ascripta
1288 657 1547 712 legebantur.
1627 657 1766 697 Iollan

370 717 618 758 Rainaldus
641 716 844 755 sisennius
868 714 1146 754 Surrentinus
1166 715 1356 768 scripsit.

426 771 554 812 XIII.
589 771 882 811 LovELIANus
927 769 1146 817 QUARTUS
1197 769 1389 810 similiter
1432 769 1569 810 codex
1613 777 1677 810 est
1721 768 1766 809 in

368 828 621 870 membranis
651 827 785 868 forma
815 827 961 867 maiori
993 835 1198 875 exaratus,
1231 826 1349 867 cuius
1382 826 1497 866 frons
1530 833 1574 866 et
1605 826 1765 880 primae

368 886 557 927 omnium
594 884 795 925 librorum
831 884 975 925 literae
1012 899 1113 924 auro
1146 883 1353 939 variisque
1387 882 1596 924 coloribus
1628 882 1766 938 pictae

369 942 699 999 praefulgebant.

427 999 550 1040 XIV.
585 999 877 1039 LOVELIANUS
903 998 1110 1046 QUINTUS
1137 998 1315 1053 scriptus
1337 1006 1398 1038 est
1427 997 1472 1037 in
1496 1011 1765 1053 pergameno,

366 1057 499 1098 forma
519 1056 679 1105 maiori,
703 1056 821 1096 cuius
851 1056 942 1111 pari
964 1055 1090 1096 modo
1114 1055 1228 1096 frons
1257 1063 1299 1096 et
1327 1055 1470 1096 literae
1499 1053 1761 1110 singulorum

369 1114 570 1155 librorum
599 1113 780 1154 initiales
808 1128 908 1153 auro
936 1121 979 1153 et
1001 1113 1173 1153 diversis
1203 1112 1411 1153 coloribus
1433 1111 1626 1167 depictae
1654 1119 1763 1151 sunt.

373 1171 683 1227 Complectitur
704 1179 843 1211 autem
865 1179 1026 1225 septem
1048 1169 1206 1225 priores
1228 1169 1340 1210 Livii
1368 1169 1495 1210 libros
1522 1183 1620 1209 cum
1647 1176 1764 1223 parte

370 1228 465 1269 libri
486 1228 633 1276 octavi,
653 1243 785 1282 usque
807 1227 860 1268 ad
881 1242 970 1282 cap.
997 1227 1122 1268 XIV.
1149 1227 1180 1280 ξ.
1205 1229 1243 1267 5.
1267 1241 1413 1267 vocem
1435 1227 1658 1267 abductus.
1712 1223 1765 1265 In

369 1285 474 1326 libro
500 1285 678 1341 septimo
700 1285 844 1324 deerat
873 1284 999 1325 etiam
1028 1298 1161 1323 unum
1190 1283 1335 1323 folium
1366 1298 1390 1323 a
1416 1282 1564 1338 capitis
1587 1282 1763 1323 XXVI.

369 1343 401 1396 ξ.
430 1346 494 1384 10.
518 1357 619 1383 voce
642 1343 856 1390 concione,
879 1356 1012 1397 usque
1043 1340 1095 1380 ad
1122 1355 1210 1396 cap.
1238 1341 1389 1381 XXX.
1416 1341 1447 1393 ξ.
1472 1341 1508 1382 7.
1533 1339 1764 1380 dictionem

370 1402 731 1455 quandocumque.

427 1456 526 1497 XV.
560 1456 948 1503 PORTUGALLICUS,
967 1464 1030 1495 est
1051 1453 1186 1494 codex
1208 1453 1552 1494 membranaceus
1572 1452 1617 1493 in
1633 1452 1766 1493 forma

369 1513 543 1561 maiori3
589 1513 707 1553 euius
747 1512 847 1552 olim
885 1511 1032 1566 Hagae
1073 1511 1290 1552 Comitum
1331 1511 1374 1550 in
1412 1509 1620 1559 auctione,
1661 1508 1766 1551 San-

368 1571 548 1626 philippi
579 1569 882 1624 Hispaniarum
910 1569 1019 1624 regis
1050 1568 1176 1624 legati
1209 1582 1365 1608 nomen
1397 1566 1673 1623 praeferente,
1695 1582 1766 1608 ve-

370 1627 475 1668 nalis
504 1627 684 1682 expositi
717 1641 826 1675 usus,
852 1634 897 1666 ut
924 1641 1022 1667 eum
1054 1640 1148 1666 eum
1172 1624 1350 1681 vulgatiS
1378 1624 1635 1665 editionibus
1666 1639 1766 1665 eon-

368 1685 532 1734 ferrem,
571 1684 752 1739 benigne
791 1683 894 1723 mihi
931 1697 1151 1724 concessus
1192 1691 1267 1724 est.
1332 1681 1443 1722 Eum
1485 1689 1624 1722 autem
1662 1696 1764 1722 voco

372 1742 727 1798 Por-tugallicum,
755 1740 854 1796 quia
884 1755 981 1780 eum
1010 1739 1293 1795 Portugalliae
1327 1754 1416 1795 regi
1448 1738 1542 1794 plus
1573 1738 1765 1779 offerenti

369 1814 538 1839 cessmse
559 1806 846 1838 renuntiatum
870 1806 943 1838 est.

427 1855 550 1896 XVI.
585 1855 831 1895 VossIANus
882 1854 1054 1895 PRIMUS
1105 1853 1239 1895 codex
1291 1862 1354 1895 est
1410 1853 1453 1894 in
1513 1852 1765 1894 membranis

369 1913 560 1968 scriptus,
592 1912 726 1953 forma
758 1912 917 1961 maiori,
951 1911 1139 1967 qualibet
1171 1911 1261 1952 eius
1294 1911 1446 1966 pagina
1480 1910 1524 1950 in
1560 1909 1663 1950 duas
1696 1924 1766 1950 eo·

368 1970 532 2011 lumnas
573 1970 716 2018 divisa,
754 1969 827 2024 qui
870 1984 967 2009 cum
1009 1968 1182 2023 reliquis
1214 1968 1443 2008 Vossianae
1484 1966 1764 2007 bibliothecae

371 2027 495 2067 Mstis
528 2042 552 2067 a
585 2026 861 2067 Curatoribus
885 2025 1140 2066 Academiae
1168 2024 1349 2065 Batavae
1381 2024 1637 2079 redemptus,
1667 2038 1765 2064 eum

368 2084 623 2124 bibliotheca
644 2083 812 2138 publica
830 2081 1125 2123 Universitatis
1144 2080 1563 2136 Lugduno-Batavae
1585 2079 1761 2129 coaluit3

370 2141 412 2180 in
443 2141 561 2180 cuius
589 2140 777 2194 catalogo
803 2155 842 2194 p.
868 2142 962 2180 369.
987 2153 1101 2179 num.
1126 2137 1253 2178 XXI.
1277 2146 1542 2178 memoratur.
1605 2137 1673 2177 De
1696 2152 1765 2178 co-

371 2197 534 2237 dicibus
557 2197 667 2236 Livii
685 2196 900 2236 Vossianis
922 2196 966 2235 in
993 2210 1146 2250 genere
1173 2203 1349 2235 testatur
1370 2194 1402 2235 I.
1422 2194 1489 2235 Fr.
1509 2193 1764 2244 Gronovius,

370 2269 404 2294 a.
439 2254 478 2294 d.
513 2253 590 2293 IV.
630 2252 742 2293 Non.
784 2252 933 2293 Maias.
979 2251 1368 2293 CIOIOCLXIII.
1444 2251 1540 2292 Nic.
1585 2250 1765 2292 Heinsio

370 2311 567 2359 scribens,
601 2325 671 2350 eos
703 2309 875 2364 quidem
906 2309 1079 2350 secundi
1110 2310 1276 2363 generis
1307 2324 1408 2358 esse,
1439 2317 1579 2349 tamen
1612 2307 1766 2363 quibus

371 2382 510 2408 carere
542 2366 685 2407 nollet.
748 2365 859 2406 Vide
892 2366 981 2406 eius
1012 2365 1230 2420 epistolam
1262 2366 1305 2406 in
1340 2365 1495 2422 Syllog.
1530 2364 1762 2406 Burmann.

372 2433 468 2464 tom.
502 2424 580 2464 III.
611 2438 650 2478 p.
681 2426 777 2463 485.
841 2422 935 2477 Ipse
968 2424 1203 2464 observasse
1235 2423 1346 2464 visus
1377 2437 1481 2472 sum,
1512 2436 1607 2462 eum
1640 2431 1763 2476 saepe

373 2480 572 2521 Leidensi
606 2480 790 2520 secundo
824 2488 865 2520 et
899 2480 1129 2520 Loveliano
1160 2480 1296 2536 primo
1327 2478 1574 2520 consentire.
1636 2477 1762 2528 Vide,

372 2552 479 2592 quae
508 2537 649 2577 notavi
678 2536 728 2576 ad
756 2536 867 2576 Livii
896 2536 964 2577 lib.
990 2536 1066 2578 IV.
1090 2552 1178 2592 cap.
1205 2537 1284 2577 III.
1310 2538 1340 2589 ξ.
1367 2539 1403 2577 9.
1468 2534 1597 2575 Hunc
1627 2543 1670 2575 et
1699 2550 1764 2576 re-

371 2594 508 2649 liquos
530 2593 694 2634 codices
712 2592 752 2633 V
755 2594 936 2634 ossianos
957 2594 1041 2634 mei
1063 2608 1205 2634 caussa
1226 2593 1380 2640 excuti,
1399 2607 1445 2633 ac
1467 2606 1563 2632 eum
1584 2591 1764 2647 vulgatis

372 2650 579 2692 committi
601 2650 868 2691 indulserunt
885 2650 1155 2691 Illustrissimi
1173 2650 1428 2691 Academiae
1452 2648 1648 2689 Bataviae
1674 2647 1763 2689 Cu-

371 2717 540 2756 ratores,
571 2722 696 2762 quam
734 2707 883 2748 laboris
918 2722 964 2747 ac
998 2707 1125 2747 taedii
1157 2707 1324 2761 plenam
1359 2705 1616 2762 provinciam
1643 2705 1688 2745 in
1718 2720 1761 2747 se

371 2764 553 2819 benigne
575 2773 808 2818 susceptam
825 2764 1049 2819 diligenter
1069 2764 1243 2819 perfecit
1259 2763 1348 2803 Vir.
1367 2762 1533 2803 Clariss.
1554 2762 1759 2803 Francisc.

375 2821 715 2875 Oudendorpius.

432 2879 579 2919 XVII.
615 2877 861 2918 V‹›ss1.mus
898 2878 1131 2919 SEcUNnUs
1163 2878 1298 2918 codex
1332 2877 1479 2918 itidem
1501 2876 1761 2917 membrana-
