1888 3194
351 170 434 209 306
866 167 1013 210 ΤΙΤΙ
1057 167 1234 210 LIVII

353 257 584 309 affundere,
622 273 774 314 easque
810 258 950 315 paullo
986 258 1164 315 amplius
1199 258 1387 309 dilatare,
1424 273 1509 314 quo
1544 273 1631 299 non
1665 257 1744 299 sibi

354 315 503 366 solum,
525 316 599 357 sed
619 315 710 357 aliis
731 325 944 372 praeterea
964 316 1058 357 usui
1079 331 1166 357 esse
1189 324 1383 372 possent;
1417 315 1532 371 quod
1559 315 1629 357 ille
1656 330 1745 357 non

355 388 478 429 aegre
514 389 683 430 quoque
719 373 882 429 petenti
917 373 1132 415 concessit.
1195 374 1262 415 Ac
1297 373 1350 414 de
1386 373 1534 414 harum
1570 381 1746 414 annota-

356 430 520 472 tionum
551 430 805 487 praestantia
835 430 941 471 nihil
974 430 1140 481 addam,
1166 445 1219 472 ne
1247 430 1402 481 videar,
1425 430 1540 486 quod
1573 429 1746 471 omnino

357 502 445 529 non
466 488 614 538 debeo,
637 488 857 529 doctorum
878 488 1062 529 virorum
1082 487 1237 529 iudicia
1257 487 1363 529 velle
1384 495 1665 552 praevethere

414 545 488 586 Ad
520 545 623 586 haec
655 560 744 586 rem
776 560 863 585 non
895 544 1019 600 plane
1047 544 1323 586 iniucundam
1358 545 1565 595 studiosis,
1595 544 1670 600 qui
1701 543 1747 584 in

357 601 573 652 Romanis,
591 617 665 643 seu
682 601 908 642 maioribus
924 601 967 642 id
983 616 1116 656 genus
1132 601 1438 643 characteribus
1454 601 1642 658 legendis
1659 616 1746 642 non

356 659 416 700 ita
432 668 530 700 sunt
546 659 776 708 exercitati,
795 673 860 698 me
878 658 1085 698 facturum
1106 658 1263 713 putavi,
1281 659 1315 699 si
1335 658 1447 700 idem
1464 659 1746 715 fragmentum

355 716 571 757 literarum
602 725 645 756 et
675 715 1065 770 interpunctionum
1096 715 1220 779 notis,
1253 715 1446 779 qualibus
1475 731 1590 757 nunc
1619 716 1746 773 vulgo

355 774 527 822 utimur,
556 786 800 827 expressum
833 786 881 812 ac
914 771 1172 820 distinctum,
1204 771 1304 827 ipsis
1334 771 1563 836 legendum
1593 788 1747 829 propo-

354 844 514 879 nerem,
555 829 704 870 eadem
744 837 887 869 tamen
927 828 1084 893 ubique
1125 827 1336 869 scribendi
1377 828 1551 878 ratione,
1597 829 1748 870 iisdem

354 886 497 928 naevis
527 886 714 935 letentis,
748 894 794 926 ut
825 894 866 926 et
896 885 1043 926 maiori
1073 900 1169 926 cum
1201 885 1331 926 animi
1362 885 1589 942 voluptate,
1621 886 1748 928 nullis

354 944 465 985 inter
513 943 742 999 legendum
792 942 939 983 offensi
988 942 1170 992 salebris,
1220 943 1358 998 ipsum
1407 958 1663 1000 percurrere,
1705 951 1748 986 et

354 1009 535 1042 statuere
571 1000 742 1042 liberius
774 999 826 1041 de
860 999 950 1041 eius
982 1008 1131 1050 aetate,
1164 1015 1448 1065 germanaque
1481 1001 1747 1057 quorundam

354 1058 542 1100 locorum
562 1057 742 1099 lectione
764 1057 934 1113 possint.
1001 1057 1122 1105 Quae
1148 1072 1214 1099 me
1240 1058 1395 1113 pariter
1419 1073 1541 1099 causa
1565 1058 1745 1115 impulit,

354 1125 402 1157 ut
446 1116 661 1180 specimen
705 1115 991 1156 characterum
1042 1115 1259 1170 utriusque
1310 1116 1576 1157 membranae
1617 1115 1746 1171 (duae

354 1173 469 1214 enim
494 1188 667 1214 0111111110
692 1181 803 1222 sunt,
826 1187 933 1228 quae
957 1171 1182 1214 Livianum
1209 1172 1488 1228 fragmentum
1513 1173 1745 1238 continent,

355 1245 533 1295 quarum
564 1229 751 1285 singulae
783 1204 959 1270 dimidia
993 1229 1056 1269 sui
1088 1237 1205 1285 parte
1241 1229 1448 1285 integram
1481 1229 1579 1271 novi
1610 1230 1747 1286 operis

354 1287 551 1344 paginam
601 1286 808 1342 efficiunt)
858 1286 1147 1327 exhibendum
1195 1301 1394 1328 curarem.
1489 1286 1747 1343 Quanquam

354 1344 573 1386 fatendum
595 1353 669 1393 est,
691 1344 832 1385 haec'
821 1359 912 1400 lpsa
935 1343 1165 1408 specimina
1192 1358 1279 1385 non
1306 1344 1365 1385 ita
1391 1358 1587 1400 expressa
1605 1344 1744 1395 fuisse,

354 1410 404 1443 ut
430 1401 663 1443 satisfacere
695 1401 901 1450 omnibus,
924 1400 998 1457 qui
1029 1401 1292 1441 membranas
1322 1401 1595 1457 inspexerint,
1619 1401 1746 1457 plane

354 1459 541 1515 possint.
575 1458 679 1499 mihi
700 1467 811 1499 certe
833 1473 920 1499 non
945 1457 1068 1513 plane
1094 1457 1362 1499 satisfaciunt.
1425 1457 1477 1498 In
1498 1473 1583 1514 quo
1604 1466 1746 1500 tamen

354 1531 442 1557 non
482 1524 567 1558 tam
607 1515 822 1580 scalptoris
866 1514 1124 1570 negligentia
1163 1514 1398 1556 accusanda
1437 1530 1525 1556 esse
1565 1514 1744 1566 videtur,

353 1588 481 1629 quam
514 1573 714 1629 temporis
744 1572 896 1613 iniuria
926 1571 1202 1627 agnoscenda,
1229 1586 1336 1627 quae
1368 1572 1615 1629 autographi
1647 1572 1748 1614 scri-

352 1639 518 1687 pturam
539 1645 673 1686 paene
694 1629 927 1685 legentium
949 1628 1185 1685 aspectibus
1206 1628 1413 1685 eripuit³⁷.

606 1860 683 1903 IV.
744 1863 984 1917 Fraymenti
995 1863 1251 1917 praestantia
1272 1869 1309 1902 et
1329 1863 1493 1903 utilitas.

353 1975 536 2016 REs'rA'r
560 1975 701 2024 modo,
730 1983 778 2016 ut
808 1974 969 2030 aliquid
996 1974 1048 2016 de
1079 1975 1305 2031 fragmenti
1334 1974 1587 2030 praestantia
1616 1982 1743 2031 atque

351 2032 531 2073 utilitate
563 2040 824 2080 attexamus;
857 2032 901 2072 in
923 2047 1008 2087 quo
1035 2038 1314 2087 quaecunque
1345 2031 1430 2072 dici
1460 2031 1586 2087 longa
1615 2040 1742 2088 atque

350 2097 602 2144 exaggerata
629 2089 815 2129 oratione
837 2103 862 2129 a
882 2103 948 2129 me
970 2097 1151 2144 possent,
1173 2088 1257 2129 11110
1277 2088 1461 2144 denique
1491 2088 1741 2139 reciderent,

350 2145 456 2187 illud
476 2154 519 2187 et
540 2146 590 2187 T.
610 2145 723 2186 Livii
747 2160 848 2195 esse,
870 2154 913 2186 et
933 2145 985 2186 de
1011 2145 1064 2193 Q.
1087 2144 1270 2186 Sertorio
1296 2146 1424 2201 loqui.
1490 2146 1618 2211 Quae
1633 2145 1741 2188 duae

349 2217 419 2244 res
446 2203 480 2243 si
505 2218 632 2258 quem
665 2203 799 2259 prima
826 2202 956 2243 veluti
980 2202 1115 2243 fronte
1148 2217 1235 2243 non
1268 2202 1462 2252 afficiant,
1488 2203 1523 2244 si
1553 2203 1623 2244 0111
1653 2218 1742 2245 11011

349 2259 571 2316 splendore
606 2268 649 2301 et
680 2260 830 2300 merito
863 2274 938 2300 suo
971 2259 1112 2300 0011105
1144 2260 1465 2316 praestringant,
1487 2275 1574 2302 non
1601 2260 1739 2310 video,

348 2317 432 2382 qui·
452 2332 618 2358 movere
646 2316 760 2357 hunc
788 2331 874 2358 non
902 2316 997 2358 dico
1026 2331 1131 2381 mea,
1154 2332 1262 2372 quae
1282 2317 1398 2358 nulla
1418 2326 1492 2367 est,
1515 2317 1590 2359 sed
1610 2317 1741 2359 diser-

348 2374 496 2415 tissimi
517 2382 642 2429 atque
664 2373 996 2429 eloquentissimi
1018 2374 1221 2438 cuiusque
1244 2389 1291 2415 01
1292 2375 1376 2416 atio
1397 2375 1538 2431 possit.
1592 2374 1738 2430 Atque

347 2440 396 2472 ut
431 2431 614 2480 Livium,
652 2430 704 2471 de
741 2446 825 2487 quo
860 2439 1042 2486 praestat
1077 2446 1250 2472 0111111110
1285 2431 1405 2481 1111111,
1442 2446 1569 2487 quam
1603 2445 1739 2487 pauca

347 2488 476 2553 loqui,
499 2488 726 2537 mittamus,
748 2488 879 2538 eccui,
902 2503 1069 2544 quaeso,
1092 2488 1284 2544 ignotum
1309 2497 1383 2538 est,
1406 2503 1534 2544 quam
1561 2502 1738 2543 magnus

345 2546 409 2586 vir
438 2545 644 2587 Sertorius
674 2545 832 2586 fueiit?
863 2560 990 2601 quam
1021 2560 1221 2601 magnum
1252 2546 1341 2586 eius
1370 2545 1414 2586 in
1439 2545 1632 2586 Romana
1652 2545 1737 2586 his-

346 2603 452 2644 toria
486 2603 676 2644 nomen?
722 2617 846 2657 quam
885 2617 1036 2659 magna
1071 2603 1124 2643 de
1161 2603 1250 2643 eius
1285 2602 1437 2643 virtute
1474 2610 1517 2643 et
1551 2601 1737 2644 bellandi

378 2750 417 2782 3⁵·
404 2760 414 2782 A
436 2743 553 2774 Postea
565 2742 695 2781 quidem
706 2741 785 2772 haec
797 2741 1018 2771 characterum
1064 2740 1127 2771 Sed
1139 2740 1219 2771 haec
1233 2750 1360 2779 quoque
1372 2751 1391 2771 a
1403 2740 1522 2771 codicis
1535 2740 1736 2781 palimpsesti

345 2785 523 2826 specimina
551 2786 592 2815 ab
624 2785 688 2815 alio
718 2784 877 2823 scalptore
915 2784 1019 2813 multo
1063 2783 1220 2822 scriptura
1249 2783 1451 2821 aliquantum
1482 2783 1612 2821 distare,
1641 2784 1735 2814 Iuve-

345 2838 441 2868 quam
458 2831 553 2858 antea
569 2826 753 2866 diligentius
769 2826 810 2856 ad
826 2825 1017 2864 autographi
1062 2825 1168 2855 nutius
1207 2825 1241 2855 111
1278 2825 1473 2856 scholiorum
1511 2825 1735 2857 additamento

344 2870 588 2900 similitudinem
613 2879 763 2908 expressa
787 2878 866 2905 esse,
883 2868 1017 2899 Cancer
1062 2871 1173 2907 ipcrte
1185 2871 1283 2906 atque
1299 2867 1436 2908 ingenue
1449 2868 1629 2900 confitetur.
1657 2868 1734 2900 vid.

345 2912 441 2943 lerius
456 2912 575 2943 refert
566 2922 598 2941 m
616 2911 744 2951 Epilog.
763 2921 793 2949 p.
809 2911 860 2941 80.
873 2911 913 2940 ed
930 2910 1017 2948 Lips.
1063 2920 1168 2949 supra.
1186 2914 1251 2940 not.
1273 2919 1318 2941 12.
