1888 3194
332 199 415 238 468
539 194 906 237 SYLLABUS
950 193 1536 235 PRAECIPUARUM

464 291 626 325 veteres
660 283 872 325 Historiae
907 283 1139 334 Romanae,
1174 292 1301 339 atque
1334 283 1445 324 inter
1479 282 1571 323 illos
1603 281 1728 322 etiam

465 341 624 382 Livius.

340 401 463 441 1614.
497 398 714 454 Lugduni,
736 398 781 438 in
801 397 935 439 forma
956 397 1177 454 octuplice.

523 455 649 497 Hanc
676 455 907 496 editionem
936 464 1139 496 memorat
1159 454 1372 496 Fabricius
1399 454 1444 494 in
1466 453 1732 495 Bibliotheca

467 513 634 554 Latina.

341 572 465 612 1616.
499 570 661 611 Romae
684 569 797 625 apud
823 568 1196 609 Bartholomaeum
1225 568 1498 617 Zannettum,
1520 567 1565 608 in
1597 567 1732 609 forma

395 627 616 683 octuplice.

511 683 632 724 Haec
648 682 779 723 editio
797 681 987 722 continet
1007 689 1172 722 tantum
1188 681 1341 722 librum
1359 680 1582 722 XXXIII.
1603 681 1729 731 Livii,

467 741 574 781 etin
595 754 645 780 ea
664 739 848 794 primum
874 753 989 778 nunc
1017 753 1069 778 ex
1095 737 1239 778 codice
1267 737 1546 778 bibliothecae
1572 737 1732 779 Cathe-

467 796 594 838 dralis
634 795 957 849 Bambergensis
1001 794 1160 850 Caspai·
1202 795 1471 849 Lusignanus
1520 794 1732 850 evulgavit

467 853 725 910 principium
763 852 888 892 huius
930 851 1037 901 libri,
1080 852 1165 892 sive
1210 851 1358 892 XVII.
1401 851 1541 907 priora
1579 851 1729 907 capita,

467 926 575 966 quac
607 918 732 951 antea
759 909 1115 958 desiderabantur,
1139 908 1292 950 additis
1313 908 1525 949 Francisci
1552 907 1732 950 Bartho-

465 968 543 1009 lini
565 966 794 1016 Urbinatis,
818 966 892 1022 qui
919 981 973 1007 ex
1000 966 1092 1007 cod.
1122 966 1378 1022 descriptum
1408 965 1732 1007 Romam-attu-

465 1024 583 1075 lerat,
630 1033 673 1065 et
714 1023 894 1065 Antonii
938 1024 1181 1079 Quaerengi
1224 1022 1596 1078 Castigationibus.
1642 1022 1732 1064 Ob-

466 1091 602 1124 servat
635 1089 777 1123 autem
818 1080 1032 1122 Fabricius
1071 1081 1116 1121 in
1158 1080 1359 1121 Biblioth.
1404 1081 1499 1121 Lat.
1538 1079 1646 1121 male
1686 1080 1731 1121 in

465 1140 602 1181 fronte
652 1147 779 1194 atque
829 1153 905 1193 per
953 1153 1098 1179 omnes
1148 1138 1320 1193 paginas
1365 1137 1535 1177 inscribi
1577 1136 1732 1178 librum

467 1197 641 1238 XLIII.
705 1195 833 1236 Error
861 1204 1002 1236 tamen
1027 1195 1078 1236 ab
1100 1194 1272 1244 editore,
1295 1195 1402 1235 libro
1423 1195 1506 1235 iam
1527 1194 1730 1244 absoluto,

468 1253 754 1309 deprehensus
776 1260 851 1302 est,
874 1252 988 1293 unde
1011 1252 1138 1293 etiam
1166 1267 1207 1307 p.
1232 1252 1404 1292 ultimae
1426 1251 1511 1292 sive
1535 1254 1602 1293 79.
1626 1252 1731 1293 haec

465 1311 591 1351 verba
631 1310 869 1350 adduntur:
925 1315 935 1333 ⁶
953 1309 1224 1364 Ubicumque
1266 1309 1514 1364 impressum
1555 1317 1618 1349 est
1657 1308 1729 1350 lib.

469 1373 480 1392 ‘
497 1368 670 1409 XLIII.
712 1367 803 1421 lege
846 1367 1086 1407 XXXIII.⁹
1164 1366 1282 1414 Quin
1323 1366 1463 1415 etiam,
1505 1365 1732 1406 divenditis

465 1425 548 1465 iam
571 1424 779 1479 aliquibus
801 1422 1121 1478 exemplaribus,
1144 1423 1326 1478 primum
1347 1422 1495 1463 folium
1522 1437 1730 1472 recusum,

467 1490 510 1522 et
530 1496 644 1522 error
668 1480 916 1521 emendatus
941 1489 1015 1521 est.
1081 1479 1209 1521 Certe
1231 1479 1390 1535 duplex
1417 1479 1507 1520 eius
1535 1479 1732 1521 editionis

466 1538 682 1593 exemplar
713 1538 816 1578 haec
849 1537 1034 1578 scribens
1066 1545 1162 1578 ante
1197 1537 1338 1578 oculos
1370 1536 1517 1586 habeo,
1550 1552 1732 1592 quorum
1789 1565 1792 1568 -

467 1595 645 1636 alterum
670 1594 1004 1636 observationem
1026 1594 1205 1635 Fabricii
1225 1609 1366 1635 veram
1392 1609 1481 1634 esse
1502 1594 1664 1650 probat,
1685 1594 1731 1635 in

467 1652 637 1694 alterius
678 1652 814 1693 fronte
855 1660 898 1692 et
938 1651 1119 1692 sedecim
1165 1652 1373 1707 prioribus
1413 1651 1577 1707 paginis
1616 1660 1730 1692 recte

466 1710 607 1751 editur
652 1709 786 1750 ‘liber
826 1709 1066 1750 XXXIII!
1126 1707 1179 1749 In
1218 1708 1290 1749 illo
1330 1708 1572 1764 exemplari,
1615 1708 1732 1764 quod

465 1767 614 1808 habuit
642 1766 696 1808 G.
716 1766 806 1807 Ioh.
828 1766 1011 1816 Vossius,
1033 1765 1179 1807 folium
1203 1766 1387 1822 primum
1411 1781 1499 1806 non
1523 1773 1732 1806 mutatum

464 1824 589 1865 fuisse
611 1824 791 1865 videtur.
837 1823 908 1864 Ab
925 1838 975 1864 eo
992 1823 1102 1864 enim
1122 1823 1167 1863 in
1183 1838 1365 1864 errorem
1386 1823 1584 1864 inductus
1603 1823 1673 1864 lib.
1692 1822 1728 1865 I.

466 1881 519 1922 de
554 1881 713 1922 Histor.
751 1881 848 1922 Lat.
883 1895 969 1921 non
1001 1890 1166 1922 tantum
1199 1880 1243 1920 in
1279 1880 1550 1936 inscriptione
1583 1879 1731 1935 capitis

466 1937 596 1980 XIX.
632 1938 706 1979 sed
742 1938 869 1979 etiam
904 1937 949 1978 in
984 1938 1075 1994 ipso
1111 1937 1260 1993 capite,
1295 1938 1347 1978 de
1383 1937 1464 1978 hoc
1494 1937 1730 1992 fragmento

466 2010 612 2036 recens
642 1995 814 2036 invento
845 2010 985 2050 agens,
1012 2010 1177 2050 semper
1206 1994 1399 2035 meminit
1429 1993 1523 2034 libri
1554 1994 1727 2035 XLIII.

466 2052 642 2093 Incaute
664 2052 776 2101 dein,
800 2052 939 2092 Vossii
960 2052 1136 2107 vestigia
1162 2066 1368 2107 premens,
1393 2050 1589 2091 eumdem
1617 2065 1730 2092 erro-

464 2124 554 2150 rem
584 2109 792 2150 commisit
822 2108 884 2150 Io.
911 2108 1176 2150 Christianus
1208 2107 1308 2149 Neu
1338 2108 1382 2147 in
1405 2108 1647 2149 Accession.
1675 2107 1730 2149 ad

470 2165 636 2207 Whear.
660 2166 823 2207 Relect.
848 2165 1031 2206 Hiemal.
1055 2180 1094 2220 p.
1123 2168 1217 2206 113.

341 2224 464 2264 1616.
497 2222 690 2264 Venetiis
725 2222 840 2277 apud
879 2221 940 2262 Io.
978 2221 1210 2276 Baptistam
1248 2221 1437 2262 Ciottum
1473 2221 1588 2262 idem
1623 2221 1730 2262 liber

395 2280 623 2321 XXXIII.
659 2293 755 2319 cum
787 2278 937 2319 eodem
969 2278 1202 2333 fragmento
1236 2278 1374 2319 editus
1409 2286 1485 2328 est,
1519 2279 1564 2318 in
1595 2278 1729 2319 forma

395 2335 618 2391 octuplice.

525 2392 650 2432 Hanc
671 2391 899 2432 editionem
922 2400 1206 2432 memorarunt
1228 2391 1443 2433 Fabricius
1464 2392 1509 2433 in
1526 2391 1725 2433 Biblioth.

468 2449 636 2498 Latina,
660 2448 874 2489 Hearnius
895 2457 937 2489 et
959 2448 1159 2489 Clericus.

340 2509 463 2548 1616.
497 2505 666 2546 Parisiis
706 2506 820 2546 idem
860 2505 965 2546 liber
1006 2506 1232 2547 XXXIII.
1275 2505 1399 2546 simul
1439 2519 1535 2546 cum
1575 2504 1726 2546 eodem

392 2563 627 2619 fiagmento
648 2563 786 2603 editus
807 2571 881 2612 est,
903 2562 948 2602 in
968 2562 1100 2603 forma
1121 2562 1342 2617 octuplice.

522 2618 646 2660 Hanc
682 2619 911 2661 editionem
950 2620 1161 2660 recensuit
1196 2618 1410 2660 Fabricius
1442 2617 1486 2658 in
1523 2617 1725 2660 Biblioth.

451 2676 618 2718 Latina.

338 2734 460 2776 1617.
493 2733 787 2774 Paderbornae
813 2732 926 2773 idem
955 2732 1080 2773 etiam
1109 2731 1214 2772 liber
1238 2731 1462 2774 XXXIII.
1485 2731 1610 2772 simul
1629 2746 1727 2772 cum

394 2790 544 2832 eodem
565 2790 799 2845 fragmento
820 2788 958 2829 editus
978 2797 1053 2838 est,
1076 2789 1121 2829 in
1141 2789 1273 2829 forma
1294 2788 1516 2844 octuplice.
1703 2827 1708 2832 .

525 2846 628 2888 Eius
661 2846 864 2888 editorem
897 2860 985 2887 esse
1014 2845 1219 2887 Ioannem
1246 2845 1433 2887 Horrion
1460 2861 1483 2887 e
1518 2844 1725 2887 societate
