<?xml version="1.0" encoding="UTF-8"?>
<!DOCTYPE html PUBLIC "-//W3C//DTD XHTML 1.0 Transitional//EN"
    "http://www.w3.org/TR/xhtml1/DTD/xhtml1-transitional.dtd">
<html xmlns="http://www.w3.org/1999/xhtml" xml:lang="en" lang="en">
 <head>
  <title>
</title>
<meta http-equiv="Content-Type" content="text/html;charset=utf-8" />
  <meta name='ocr-system' content='tesseract 3.04.00' />
  <meta name='ocr-capabilities' content='ocr_page ocr_carea ocr_par ocr_line ocrx_word'/>
</head>
<body>
  <div class='ocr_page' id='page_1' title='image "./historiarumli04livyuoft/historiarumli04livyuoft_0226.png"; bbox 0 0 1888 3194; ppageno 0'>
   <div class='ocr_carea' id='block_1_1' title="bbox 331 159 1210 203">
    <p class='ocr_par' dir='ltr' id='par_1_1' title="bbox 331 159 1210 203">
     <span class='ocr_line' id='line_1_1' title="bbox 331 159 1210 203; baseline -0.003 0"><span class='ocrx_word' id='word_1_1' title='bbox 331 166 413 203; x_wconf 82' lang='grc'>218</span> <span class='ocrx_word' id='word_1_2' title='bbox 844 160 993 203; x_wconf 89' lang='grc' dir='ltr'>ΤΙΤΙ</span> <span class='ocrx_word' id='word_1_3' title='bbox 1030 159 1210 201; x_wconf 87' lang='lat' dir='ltr'>LIVII</span> 
     </span>
    </p>
   </div>
   <div class='ocr_carea' id='block_1_2' title="bbox 123 249 1884 2024">
    <p class='ocr_par' dir='ltr' id='par_1_2' title="bbox 123 249 1884 2024">
     <span class='ocr_line' id='line_1_2' title="bbox 124 249 1728 308; baseline -0.004 -14"><span class='ocrx_word' id='word_1_4' title='bbox 124 262 168 294; x_wconf 89' lang='lat' dir='ltr'>U.</span> <span class='ocrx_word' id='word_1_5' title='bbox 185 262 224 308; x_wconf 75' lang='lat' dir='ltr'>C.</span> <span class='ocrx_word' id='word_1_6' title='bbox 247 252 607 302; x_wconf 84' lang='lat' dir='ltr'>585.edueatorum</span> <span class='ocrx_word' id='word_1_7' title='bbox 633 260 675 294; x_wconf 87' lang='lat' dir='ltr'>et</span> <span class='ocrx_word' id='word_1_8' title='bbox 701 252 993 308; x_wconf 84' lang='lat' dir='ltr'>magistrorum</span> <span class='ocrx_word' id='word_1_9' title='bbox 1018 252 1198 308; x_wconf 82' lang='lat' dir='ltr'>agmine,</span> <span class='ocrx_word' id='word_1_10' title='bbox 1221 265 1369 292; x_wconf 89' lang='lat' dir='ltr'>manus</span> <span class='ocrx_word' id='word_1_11' title='bbox 1395 249 1449 290; x_wconf 90' lang='lat' dir='ltr'>ad</span> <span class='ocrx_word' id='word_1_12' title='bbox 1473 256 1728 305; x_wconf 84' lang='lat' dir='ltr'><strong>spectatores</strong></span> 
     </span>
     <span class='ocr_line' id='line_1_3' title="bbox 123 304 1726 362; baseline -0.004 -10"><span class='ocrx_word' id='word_1_13' title='bbox 123 306 162 336; x_wconf 85' lang='lat' dir='ltr'>A.</span> <span class='ocrx_word' id='word_1_14' title='bbox 187 306 225 337; x_wconf 78' lang='lat' dir='ltr'>G.</span> <span class='ocrx_word' id='word_1_15' title='bbox 252 304 319 345; x_wconf 84' lang='grc'>167·</span> <span class='ocrx_word' id='word_1_16' title='bbox 334 325 430 352; x_wconf 90' lang='lat' dir='ltr'>eum</span> <span class='ocrx_word' id='word_1_17' title='bbox 447 310 627 351; x_wconf 84' lang='lat' dir='ltr'>lacrimis</span> <span class='ocrx_word' id='word_1_18' title='bbox 644 310 935 351; x_wconf 80' lang='lat' dir='ltr'>miserabiliter</span> <span class='ocrx_word' id='word_1_19' title='bbox 951 310 1231 359; x_wconf 78' lang='lat' dir='ltr'>tendentium,</span> <span class='ocrx_word' id='word_1_20' title='bbox 1246 317 1289 350; x_wconf 89' lang='lat' dir='ltr'>et</span> <span class='ocrx_word' id='word_1_21' title='bbox 1302 307 1545 349; x_wconf 84' lang='lat' dir='ltr'>docentium</span> <span class='ocrx_word' id='word_1_22' title='bbox 1561 320 1726 362; x_wconf 89' lang='lat' dir='ltr'>pueros,</span> 
     </span>
     <span class='ocr_line' id='line_1_4' title="bbox 333 362 1725 424; baseline -0.004 -16"><span class='ocrx_word' id='word_1_23' title='bbox 333 367 640 423; x_wconf 85' lang='lat' dir='ltr'>implorandam</span> <span class='ocrx_word' id='word_1_24' title='bbox 690 367 933 424; x_wconf 84' lang='lat' dir='ltr'>suppliciter</span> <span class='ocrx_word' id='word_1_25' title='bbox 978 367 1145 408; x_wconf 88' lang='lat' dir='ltr'>victoris</span> <span class='ocrx_word' id='word_1_26' title='bbox 1194 365 1341 422; x_wconf 90' lang='lat' dir='ltr'>populi</span> <span class='ocrx_word' id='word_1_27' title='bbox 1386 362 1725 405; x_wconf 88' lang='lat' dir='ltr'>misericordiam.</span> 
     </span>
     <span class='ocr_line' id='line_1_5' title="bbox 334 420 1729 480; baseline -0.004 -14"><span class='ocrx_word' id='word_1_28' title='bbox 334 425 431 466; x_wconf 86' lang='lat' dir='ltr'>Filii</span> <span class='ocrx_word' id='word_1_29' title='bbox 471 433 589 466; x_wconf 88' lang='lat' dir='ltr'>erant</span> <span class='ocrx_word' id='word_1_30' title='bbox 629 425 726 474; x_wconf 91' lang='lat' dir='ltr'>duo,</span> <span class='ocrx_word' id='word_1_31' title='bbox 763 424 904 480; x_wconf 88' lang='lat' dir='ltr'>puella</span> <span class='ocrx_word' id='word_1_32' title='bbox 938 439 1034 474; x_wconf 89' lang='lat' dir='ltr'>una,</span> <span class='ocrx_word' id='word_1_33' title='bbox 1072 424 1145 479; x_wconf 89' lang='lat' dir='ltr'>qui</span> <span class='ocrx_word' id='word_1_34' title='bbox 1181 438 1231 464; x_wconf 90' lang='lat' dir='ltr'>eo</span> <span class='ocrx_word' id='word_1_35' title='bbox 1267 423 1467 464; x_wconf 86' lang='lat' dir='ltr'>maiorem</span> <span class='ocrx_word' id='word_1_36' title='bbox 1503 420 1729 462; x_wconf 86' lang='lat' dir='ltr'>movebant</span> 
     </span>
     <span class='ocr_line' id='line_1_6' title="bbox 334 476 1731 538; baseline -0.004 -15"><span class='ocrx_word' id='word_1_37' title='bbox 334 482 645 523; x_wconf 86' lang='lat' dir='ltr'>miserationem</span> <span class='ocrx_word' id='word_1_38' title='bbox 667 482 963 538; x_wconf 83' lang='lat' dir='ltr'>spectantibus,</span> <span class='ocrx_word' id='word_1_39' title='bbox 987 482 1102 537; x_wconf 87' lang='lat' dir='ltr'>quod</span> <span class='ocrx_word' id='word_1_40' title='bbox 1126 481 1207 537; x_wconf 87' lang='lat' dir='ltr'>ipsi</span> <span class='ocrx_word' id='word_1_41' title='bbox 1231 495 1306 536; x_wconf 91' lang='lat' dir='ltr'>per</span> <span class='ocrx_word' id='word_1_42' title='bbox 1327 487 1507 521; x_wconf 86' lang='lat' dir='ltr'>aetatem</span> <span class='ocrx_word' id='word_1_43' title='bbox 1528 478 1598 519; x_wconf 84' lang='lat' dir='ltr'>vix</span> <span class='ocrx_word' id='word_1_44' title='bbox 1621 476 1731 518; x_wconf 87' lang='lat' dir='ltr'>mala</span> 
     </span>
     <span class='ocr_line' id='line_1_7' title="bbox 336 536 1729 595; baseline -0.004 -15"><span class='ocrx_word' id='word_1_45' title='bbox 336 555 411 581; x_wconf 90' lang='lat' dir='ltr'>sua</span> <span class='ocrx_word' id='word_1_46' title='bbox 442 539 677 595; x_wconf 85' lang='lat' dir='ltr'>intelligere</span> <span class='ocrx_word' id='word_1_47' title='bbox 710 547 916 594; x_wconf 84' lang='lat' dir='ltr'>poterant.</span> <span class='ocrx_word' id='word_1_48' title='bbox 981 538 1129 593; x_wconf 89' lang='lat' dir='ltr'>Itaque</span> <span class='ocrx_word' id='word_1_49' title='bbox 1162 538 1332 593; x_wconf 89' lang='lat' dir='ltr'>plurimi</span> <span class='ocrx_word' id='word_1_50' title='bbox 1364 536 1553 578; x_wconf 85' lang='lat' dir='ltr'>lacrimas</span> <span class='ocrx_word' id='word_1_51' title='bbox 1586 543 1729 576; x_wconf 90' lang='lat' dir='ltr'>tenere</span> 
     </span>
     <span class='ocr_line' id='line_1_8' title="bbox 335 591 1730 652; baseline -0.004 -14"><span class='ocrx_word' id='word_1_52' title='bbox 335 612 423 638; x_wconf 91' lang='lat' dir='ltr'>non</span> <span class='ocrx_word' id='word_1_53' title='bbox 444 604 687 652; x_wconf 85' lang='lat' dir='ltr'>potuerunt,</span> <span class='ocrx_word' id='word_1_54' title='bbox 705 605 747 636; x_wconf 89' lang='lat' dir='ltr'>et</span> <span class='ocrx_word' id='word_1_55' title='bbox 767 596 962 636; x_wconf 90' lang='lat' dir='ltr'>omnibus</span> <span class='ocrx_word' id='word_1_56' title='bbox 978 595 1170 636; x_wconf 86' lang='lat' dir='ltr'>confudit</span> <span class='ocrx_word' id='word_1_57' title='bbox 1185 595 1373 635; x_wconf 89' lang='lat' dir='ltr'>animum</span> <span class='ocrx_word' id='word_1_58' title='bbox 1391 593 1541 635; x_wconf 89' lang='lat' dir='ltr'>tacitus</span> <span class='ocrx_word' id='word_1_59' title='bbox 1557 591 1730 648; x_wconf 88' lang='lat' dir='ltr'>quidam</span> 
     </span>
     <span class='ocr_line' id='line_1_9' title="bbox 336 648 1732 709; baseline -0.004 -14"><span class='ocrx_word' id='word_1_60' title='bbox 336 669 511 703; x_wconf 89' lang='lat' dir='ltr'>maeror,</span> <span class='ocrx_word' id='word_1_61' title='bbox 534 654 608 709; x_wconf 91' lang='lat' dir='ltr'>qui</span> <span class='ocrx_word' id='word_1_62' title='bbox 641 653 802 693; x_wconf 89' lang='lat' dir='ltr'>sincero</span> <span class='ocrx_word' id='word_1_63' title='bbox 835 667 906 693; x_wconf 88' lang='lat' dir='ltr'>eos</span> <span class='ocrx_word' id='word_1_64' title='bbox 932 652 1015 692; x_wconf 91' lang='lat' dir='ltr'>frui</span> <span class='ocrx_word' id='word_1_65' title='bbox 1045 652 1213 707; x_wconf 86' lang='lat' dir='ltr'>gaudio,</span> <span class='ocrx_word' id='word_1_66' title='bbox 1236 667 1363 707; x_wconf 89' lang='lat' dir='ltr'>quam</span> <span class='ocrx_word' id='word_1_67' title='bbox 1390 651 1465 692; x_wconf 92' lang='lat' dir='ltr'>diu</span> <span class='ocrx_word' id='word_1_68' title='bbox 1495 651 1572 691; x_wconf 90' lang='lat' dir='ltr'>sub</span> <span class='ocrx_word' id='word_1_69' title='bbox 1599 648 1732 691; x_wconf 88' lang='lat' dir='ltr'>oculis</span> 
     </span>
     <span class='ocr_line' id='line_1_10' title="bbox 336 707 1730 767; baseline -0.003 -16"><span class='ocrx_word' id='word_1_70' title='bbox 336 711 458 767; x_wconf 86' lang='lat' dir='ltr'>pueri</span> <span class='ocrx_word' id='word_1_71' title='bbox 492 711 675 759; x_wconf 84' lang='lat' dir='ltr'>fuerunt,</span> <span class='ocrx_word' id='word_1_72' title='bbox 718 724 803 750; x_wconf 92' lang='lat' dir='ltr'>non</span> <span class='ocrx_word' id='word_1_73' title='bbox 840 709 1005 749; x_wconf 86' lang='lat' dir='ltr'>sineret.</span> <span class='ocrx_word' id='word_1_74' title='bbox 1068 708 1187 749; x_wconf 89' lang='lat' dir='ltr'>Pone</span> <span class='ocrx_word' id='word_1_75' title='bbox 1222 709 1329 749; x_wconf 88' lang='lat' dir='ltr'>filios</span> <span class='ocrx_word' id='word_1_76' title='bbox 1373 707 1595 748; x_wconf 89' lang='lat' dir='ltr'>incedebat</span> <span class='ocrx_word' id='word_1_77' title='bbox 1634 720 1730 747; x_wconf 91' lang='lat' dir='ltr'>cum</span> 
     </span>
     <span class='ocr_line' id='line_1_11' title="bbox 337 763 1731 821; baseline -0.004 -12"><span class='ocrx_word' id='word_1_78' title='bbox 337 783 469 809; x_wconf 82' lang='lat' dir='ltr'>uxore</span> <span class='ocrx_word' id='word_1_79' title='bbox 500 767 691 815; x_wconf 87' lang='lat' dir='ltr'>Perseus,</span> <span class='ocrx_word' id='word_1_80' title='bbox 720 766 837 821; x_wconf 92' lang='lat' dir='ltr'>pullo</span> <span class='ocrx_word' id='word_1_81' title='bbox 868 766 1039 814; x_wconf 87' lang='lat' dir='ltr'>amictu,</span> <span class='ocrx_word' id='word_1_82' title='bbox 1065 779 1162 806; x_wconf 92' lang='lat' dir='ltr'>cum</span> <span class='ocrx_word' id='word_1_83' title='bbox 1193 765 1374 820; x_wconf 90' lang='lat' dir='ltr'>crepidis</span> <span class='ocrx_word' id='word_1_84' title='bbox 1409 763 1562 805; x_wconf 88' lang='lat' dir='ltr'>Graeci</span> <span class='ocrx_word' id='word_1_85' title='bbox 1592 763 1731 813; x_wconf 84' lang='lat' dir='ltr'>moriS,</span> 
     </span>
     <span class='ocr_line' id='line_1_12' title="bbox 338 820 1733 880; baseline -0.004 -15"><span class='ocrx_word' id='word_1_86' title='bbox 338 824 525 880; x_wconf 88' lang='lat' dir='ltr'>stupenti</span> <span class='ocrx_word' id='word_1_87' title='bbox 561 832 604 864; x_wconf 89' lang='lat' dir='ltr'>et</span> <span class='ocrx_word' id='word_1_88' title='bbox 639 822 817 863; x_wconf 88' lang='lat' dir='ltr'>attonito</span> <span class='ocrx_word' id='word_1_89' title='bbox 853 821 1012 871; x_wconf 86' lang='lat' dir='ltr'>similis,</span> <span class='ocrx_word' id='word_1_90' title='bbox 1049 830 1092 863; x_wconf 91' lang='lat' dir='ltr'>et</span> <span class='ocrx_word' id='word_1_91' title='bbox 1132 822 1200 862; x_wconf 90' lang='lat' dir='ltr'>cui</span> <span class='ocrx_word' id='word_1_92' title='bbox 1240 820 1488 877; x_wconf 79' lang='lat' dir='ltr'>magnitudo</span> <span class='ocrx_word' id='word_1_93' title='bbox 1528 820 1733 861; x_wconf 88' lang='lat' dir='ltr'>malorum</span> 
     </span>
     <span class='ocr_line' id='line_1_13' title="bbox 338 877 1734 935; baseline -0.003 -13"><span class='ocrx_word' id='word_1_94' title='bbox 338 894 526 922; x_wconf 87' lang='lat' dir='ltr'>mentem</span> <span class='ocrx_word' id='word_1_95' title='bbox 548 880 720 922; x_wconf 89' lang='lat' dir='ltr'>omnino</span> <span class='ocrx_word' id='word_1_96' title='bbox 737 879 938 935; x_wconf 89' lang='lat' dir='ltr'>eripuisse</span> <span class='ocrx_word' id='word_1_97' title='bbox 955 879 1179 920; x_wconf 87' lang='lat' dir='ltr'>videretur.</span> <span class='ocrx_word' id='word_1_98' title='bbox 1226 878 1489 935; x_wconf 87' lang='lat' dir='ltr'>Sequebatur</span> <span class='ocrx_word' id='word_1_99' title='bbox 1504 877 1734 919; x_wconf 87' lang='lat' dir='ltr'>amicorum</span> 
     </span>
     <span class='ocr_line' id='line_1_14' title="bbox 339 935 1734 993; baseline -0.004 -13"><span class='ocrx_word' id='word_1_100' title='bbox 339 948 382 980; x_wconf 90' lang='lat' dir='ltr'>et</span> <span class='ocrx_word' id='word_1_101' title='bbox 407 937 674 979; x_wconf 86' lang='lat' dir='ltr'>familiarium</span> <span class='ocrx_word' id='word_1_102' title='bbox 706 937 838 986; x_wconf 87' lang='lat' dir='ltr'>turba,</span> <span class='ocrx_word' id='word_1_103' title='bbox 869 951 1049 993; x_wconf 77' lang='lat' dir='ltr'>quorum</span> <span class='ocrx_word' id='word_1_104' title='bbox 1082 937 1127 977; x_wconf 91' lang='lat' dir='ltr'>in</span> <span class='ocrx_word' id='word_1_105' title='bbox 1159 935 1279 978; x_wconf 89' lang='lat' dir='ltr'>vultu</span> <span class='ocrx_word' id='word_1_106' title='bbox 1311 936 1431 978; x_wconf 93' lang='lat' dir='ltr'>dolor</span> <span class='ocrx_word' id='word_1_107' title='bbox 1461 935 1598 991; x_wconf 86' lang='lat' dir='ltr'>gravis</span> <span class='ocrx_word' id='word_1_108' title='bbox 1630 935 1734 976; x_wconf 89' lang='lat' dir='ltr'>emi-</span> 
     </span>
     <span class='ocr_line' id='line_1_15' title="bbox 339 991 1735 1051; baseline -0.003 -14"><span class='ocrx_word' id='word_1_109' title='bbox 339 997 477 1046; x_wconf 87' lang='lat' dir='ltr'>nebat,</span> <span class='ocrx_word' id='word_1_110' title='bbox 508 996 679 1051; x_wconf 91' lang='lat' dir='ltr'>quique,</span> <span class='ocrx_word' id='word_1_111' title='bbox 709 1009 841 1050; x_wconf 86' lang='lat' dir='ltr'>quum</span> <span class='ocrx_word' id='word_1_112' title='bbox 874 1009 1040 1050; x_wconf 85' lang='lat' dir='ltr'>semper</span> <span class='ocrx_word' id='word_1_113' title='bbox 1072 993 1215 1036; x_wconf 90' lang='lat' dir='ltr'>oculos</span> <span class='ocrx_word' id='word_1_114' title='bbox 1247 994 1292 1035; x_wconf 88' lang='lat' dir='ltr'>in</span> <span class='ocrx_word' id='word_1_115' title='bbox 1326 1008 1423 1035; x_wconf 90' lang='lat' dir='ltr'>eum</span> <span class='ocrx_word' id='word_1_116' title='bbox 1455 993 1647 1048; x_wconf 86' lang='lat' dir='ltr'>figerent,</span> <span class='ocrx_word' id='word_1_117' title='bbox 1675 991 1735 1033; x_wconf 91' lang='lat' dir='ltr'>la-</span> 
     </span>
     <span class='ocr_line' id='line_1_16' title="bbox 339 1048 1733 1109; baseline -0.003 -15"><span class='ocrx_word' id='word_1_118' title='bbox 339 1053 478 1094; x_wconf 90' lang='lat' dir='ltr'>crimis</span> <span class='ocrx_word' id='word_1_119' title='bbox 499 1054 683 1109; x_wconf 84' lang='lat' dir='ltr'>rigantes</span> <span class='ocrx_word' id='word_1_120' title='bbox 704 1067 787 1102; x_wconf 85' lang='lat' dir='ltr'>ora,</span> <span class='ocrx_word' id='word_1_121' title='bbox 805 1052 902 1093; x_wconf 87' lang='lat' dir='ltr'>satis</span> <span class='ocrx_word' id='word_1_122' title='bbox 923 1051 1178 1101; x_wconf 88' lang='lat' dir='ltr'>indicabant,</span> <span class='ocrx_word' id='word_1_123' title='bbox 1196 1066 1284 1092; x_wconf 88' lang='lat' dir='ltr'>sese</span> <span class='ocrx_word' id='word_1_124' title='bbox 1306 1050 1416 1092; x_wconf 86' lang='lat' dir='ltr'>illius</span> <span class='ocrx_word' id='word_1_125' title='bbox 1437 1050 1579 1092; x_wconf 90' lang='lat' dir='ltr'>dolere</span> <span class='ocrx_word' id='word_1_126' title='bbox 1601 1048 1733 1100; x_wconf 88' lang='lat' dir='ltr'>malis,</span> 
     </span>
     <span class='ocr_line' id='line_1_17' title="bbox 340 1107 1736 1164; baseline -0.004 -12"><span class='ocrx_word' id='word_1_127' title='bbox 340 1125 510 1152; x_wconf 89' lang='lat' dir='ltr'>suorum</span> <span class='ocrx_word' id='word_1_128' title='bbox 549 1111 826 1151; x_wconf 86' lang='lat' dir='ltr'>immemores.</span> <span class='ocrx_word' id='word_1_129' title='bbox 890 1108 1015 1150; x_wconf 88' lang='lat' dir='ltr'>Hanc</span> <span class='ocrx_word' id='word_1_130' title='bbox 1056 1108 1229 1164; x_wconf 90' lang='lat' dir='ltr'>quidem</span> <span class='ocrx_word' id='word_1_131' title='bbox 1269 1107 1545 1164; x_wconf 86' lang='lat' dir='ltr'>ignominiam</span> <span class='ocrx_word' id='word_1_132' title='bbox 1585 1107 1736 1163; x_wconf 89' lang='lat' dir='ltr'>depre-</span> 
     </span>
     <span class='ocr_line' id='line_1_18' title="bbox 340 1164 1735 1221; baseline -0.003 -12"><span class='ocrx_word' id='word_1_133' title='bbox 340 1177 457 1209; x_wconf 89' lang='lat' dir='ltr'>catus</span> <span class='ocrx_word' id='word_1_134' title='bbox 478 1176 565 1209; x_wconf 85' lang='lat' dir='ltr'>erat</span> <span class='ocrx_word' id='word_1_135' title='bbox 586 1167 777 1216; x_wconf 90' lang='lat' dir='ltr'>Perseus,</span> <span class='ocrx_word' id='word_1_136' title='bbox 800 1166 934 1207; x_wconf 90' lang='lat' dir='ltr'>missis</span> <span class='ocrx_word' id='word_1_137' title='bbox 962 1166 1015 1207; x_wconf 89' lang='lat' dir='ltr'>ad</span> <span class='ocrx_word' id='word_1_138' title='bbox 1037 1165 1283 1215; x_wconf 88' lang='lat' dir='ltr'>Aemilium,</span> <span class='ocrx_word' id='word_1_139' title='bbox 1307 1165 1381 1221; x_wconf 89' lang='lat' dir='ltr'>qui</span> <span class='ocrx_word' id='word_1_140' title='bbox 1407 1172 1587 1214; x_wconf 88' lang='lat' dir='ltr'>orarent,</span> <span class='ocrx_word' id='word_1_141' title='bbox 1609 1179 1664 1205; x_wconf 90' lang='lat' dir='ltr'>ne</span> <span class='ocrx_word' id='word_1_142' title='bbox 1689 1164 1735 1205; x_wconf 88' lang='lat' dir='ltr'>in</span> 
     </span>
     <span class='ocr_line' id='line_1_19' title="bbox 340 1222 1736 1281; baseline -0.003 -15"><span class='ocrx_word' id='word_1_143' title='bbox 340 1225 555 1281; x_wconf 89' lang='lat' dir='ltr'>triumpho</span> <span class='ocrx_word' id='word_1_144' title='bbox 576 1224 812 1265; x_wconf 86' lang='lat' dir='ltr'>duceretur.</span> <span class='ocrx_word' id='word_1_145' title='bbox 877 1223 988 1264; x_wconf 83' lang='lat' dir='ltr'>Risit</span> <span class='ocrx_word' id='word_1_146' title='bbox 1009 1223 1219 1264; x_wconf 89' lang='lat' dir='ltr'>Aemilius</span> <span class='ocrx_word' id='word_1_147' title='bbox 1241 1222 1424 1264; x_wconf 87' lang='lat' dir='ltr'>hominis</span> <span class='ocrx_word' id='word_1_148' title='bbox 1445 1222 1668 1278; x_wconf 85' lang='lat' dir='ltr'>ignaviam,</span> <span class='ocrx_word' id='word_1_149' title='bbox 1692 1229 1736 1263; x_wconf 86' lang='lat' dir='ltr'>et</span> 
     </span>
     <span class='ocr_line' id='line_1_20' title="bbox 342 1279 1734 1338; baseline -0.002 -15"><span class='ocrx_word' id='word_1_150' title='bbox 342 1288 354 1306; x_wconf 84' lang='lat'>‘</span> <span class='ocrx_word' id='word_1_151' title='bbox 370 1282 422 1323; x_wconf 84' lang='lat' dir='ltr'>Id</span> <span class='ocrx_word' id='word_1_152' title='bbox 443 1281 642 1338; x_wconf 85' lang='lat' dir='ltr'>quidem,’</span> <span class='ocrx_word' id='word_1_153' title='bbox 662 1281 815 1337; x_wconf 85' lang='lat' dir='ltr'>inquit,</span> <span class='ocrx_word' id='word_1_154' title='bbox 850 1286 861 1304; x_wconf 84' lang='lat'>‘</span> <span class='ocrx_word' id='word_1_155' title='bbox 876 1280 920 1321; x_wconf 89' lang='lat' dir='ltr'>in</span> <span class='ocrx_word' id='word_1_156' title='bbox 942 1281 1071 1336; x_wconf 87' lang='lat' dir='ltr'>ipsius</span> <span class='ocrx_word' id='word_1_157' title='bbox 1092 1289 1134 1321; x_wconf 89' lang='lat' dir='ltr'>et</span> <span class='ocrx_word' id='word_1_158' title='bbox 1158 1280 1322 1336; x_wconf 88' lang='lat' dir='ltr'>pridem</span> <span class='ocrx_word' id='word_1_159' title='bbox 1344 1279 1436 1329; x_wconf 88' lang='lat' dir='ltr'>fuit,</span> <span class='ocrx_word' id='word_1_160' title='bbox 1459 1288 1502 1320; x_wconf 88' lang='lat' dir='ltr'>et</span> <span class='ocrx_word' id='word_1_161' title='bbox 1522 1294 1636 1320; x_wconf 90' lang='lat' dir='ltr'>nunc</span> <span class='ocrx_word' id='word_1_162' title='bbox 1658 1286 1734 1329; x_wconf 90' lang='lat' dir='ltr'>est,</span> 
     </span>
     <span class='ocr_line' id='line_1_21' title="bbox 343 1336 1734 1395; baseline -0.002 -15"><span class='ocrx_word' id='word_1_163' title='bbox 343 1345 355 1364; x_wconf 84' lang='lat'>‘</span> <span class='ocrx_word' id='word_1_164' title='bbox 371 1355 499 1380; x_wconf 88' lang='lat' dir='ltr'>manu</span> <span class='ocrx_word' id='word_1_165' title='bbox 520 1355 567 1380; x_wconf 90' lang='lat' dir='ltr'>ae</span> <span class='ocrx_word' id='word_1_166' title='bbox 589 1347 793 1395; x_wconf 88' lang='lat' dir='ltr'>potestate</span> <span class='ocrx_word' id='word_1_167' title='bbox 811 1338 842 1379; x_wconf 76' lang='grc' dir='ltr'>ε’</span> <span class='ocrx_word' id='word_1_168' title='bbox 865 1338 989 1379; x_wconf 88' lang='lat' dir='ltr'>tacite</span> <span class='ocrx_word' id='word_1_169' title='bbox 1011 1353 1201 1387; x_wconf 88' lang='lat' dir='ltr'>monens,</span> <span class='ocrx_word' id='word_1_170' title='bbox 1225 1346 1272 1378; x_wconf 91' lang='lat' dir='ltr'>ut</span> <span class='ocrx_word' id='word_1_171' title='bbox 1292 1352 1494 1393; x_wconf 86' lang='lat' dir='ltr'>generosa</span> <span class='ocrx_word' id='word_1_172' title='bbox 1521 1345 1654 1378; x_wconf 91' lang='lat' dir='ltr'>morte</span> <span class='ocrx_word' id='word_1_173' title='bbox 1676 1336 1734 1386; x_wconf 90' lang='lat' dir='ltr'>id,</span> 
     </span>
     <span class='ocr_line' id='line_1_22' title="bbox 343 1393 1737 1453; baseline -0.003 -15"><span class='ocrx_word' id='word_1_174' title='bbox 343 1404 355 1422; x_wconf 82' lang='lat'>‘</span> <span class='ocrx_word' id='word_1_175' title='bbox 371 1397 487 1453; x_wconf 88' lang='lat' dir='ltr'>quod</span> <span class='ocrx_word' id='word_1_176' title='bbox 515 1396 741 1445; x_wconf 87' lang='lat' dir='ltr'>metuebat,</span> <span class='ocrx_word' id='word_1_177' title='bbox 765 1395 949 1436; x_wconf 86' lang='lat' dir='ltr'>dedecus</span> <span class='ocrx_word' id='word_1_178' title='bbox 980 1395 1196 1451; x_wconf 87' lang='lat' dir='ltr'>effugeret.</span> <span class='ocrx_word' id='word_1_179' title='bbox 1262 1394 1347 1436; x_wconf 88' lang='lat' dir='ltr'>Sed</span> <span class='ocrx_word' id='word_1_180' title='bbox 1376 1394 1482 1435; x_wconf 90' lang='lat' dir='ltr'>forte</span> <span class='ocrx_word' id='word_1_181' title='bbox 1513 1393 1737 1435; x_wconf 88' lang='lat' dir='ltr'>eonsilium</span> 
     </span>
     <span class='ocr_line' id='line_1_23' title="bbox 341 1450 1736 1507; baseline -0.003 -12"><span class='ocrx_word' id='word_1_182' title='bbox 341 1470 427 1495; x_wconf 90' lang='lat' dir='ltr'>non</span> <span class='ocrx_word' id='word_1_183' title='bbox 460 1453 627 1495; x_wconf 87' lang='lat' dir='ltr'>admisit</span> <span class='ocrx_word' id='word_1_184' title='bbox 660 1453 795 1494; x_wconf 90' lang='lat' dir='ltr'>mollis</span> <span class='ocrx_word' id='word_1_185' title='bbox 828 1453 1004 1501; x_wconf 85' lang='lat' dir='ltr'>animus,</span> <span class='ocrx_word' id='word_1_186' title='bbox 1043 1462 1085 1493; x_wconf 89' lang='lat' dir='ltr'>et</span> <span class='ocrx_word' id='word_1_187' title='bbox 1126 1452 1268 1493; x_wconf 88' lang='lat' dir='ltr'>nescio</span> <span class='ocrx_word' id='word_1_188' title='bbox 1301 1467 1385 1507; x_wconf 89' lang='lat' dir='ltr'>qua</span> <span class='ocrx_word' id='word_1_189' title='bbox 1417 1466 1490 1507; x_wconf 91' lang='lat' dir='ltr'>spe</span> <span class='ocrx_word' id='word_1_190' title='bbox 1521 1450 1736 1500; x_wconf 87' lang='lat' dir='ltr'>delinitus,</span> 
     </span>
     <span class='ocr_line' id='line_1_24' title="bbox 341 1507 1739 1566; baseline -0.003 -14"><span class='ocrx_word' id='word_1_191' title='bbox 341 1511 489 1552; x_wconf 89' lang='lat' dir='ltr'>maluit</span> <span class='ocrx_word' id='word_1_192' title='bbox 523 1511 567 1551; x_wconf 90' lang='lat' dir='ltr'>in</span> <span class='ocrx_word' id='word_1_193' title='bbox 603 1510 783 1566; x_wconf 85' lang='lat' dir='ltr'>praedae</span> <span class='ocrx_word' id='word_1_194' title='bbox 819 1525 916 1551; x_wconf 87' lang='lat' dir='ltr'>suae</span> <span class='ocrx_word' id='word_1_195' title='bbox 953 1518 1070 1565; x_wconf 88' lang='lat' dir='ltr'>parte</span> <span class='ocrx_word' id='word_1_196' title='bbox 1108 1509 1196 1565; x_wconf 90' lang='lat' dir='ltr'>ipse</span> <span class='ocrx_word' id='word_1_197' title='bbox 1232 1509 1455 1549; x_wconf 88' lang='lat' dir='ltr'>numerari.</span> <span class='ocrx_word' id='word_1_198' title='bbox 1522 1507 1739 1556; x_wconf 79' lang='lat' dir='ltr'>Quadrin-</span> 
     </span>
     <span class='ocr_line' id='line_1_25' title="bbox 340 1564 1739 1624; baseline -0.002 -15"><span class='ocrx_word' id='word_1_199' title='bbox 340 1577 492 1624; x_wconf 89' lang='lat' dir='ltr'>gentae</span> <span class='ocrx_word' id='word_1_200' title='bbox 513 1568 613 1608; x_wconf 88' lang='lat' dir='ltr'>inde</span> <span class='ocrx_word' id='word_1_201' title='bbox 635 1583 812 1609; x_wconf 89' lang='lat' dir='ltr'>coronae</span> <span class='ocrx_word' id='word_1_202' title='bbox 830 1582 978 1608; x_wconf 83' lang='lat' dir='ltr'>aureae</span> <span class='ocrx_word' id='word_1_203' title='bbox 995 1567 1281 1622; x_wconf 89' lang='lat' dir='ltr'>portabantur,</span> <span class='ocrx_word' id='word_1_204' title='bbox 1300 1565 1450 1607; x_wconf 90' lang='lat' dir='ltr'>Paullo</span> <span class='ocrx_word' id='word_1_205' title='bbox 1471 1565 1522 1607; x_wconf 87' lang='lat' dir='ltr'>ab</span> <span class='ocrx_word' id='word_1_206' title='bbox 1543 1564 1739 1606; x_wconf 85' lang='lat' dir='ltr'>omnibus</span> 
     </span>
     <span class='ocr_line' id='line_1_26' title="bbox 341 1622 1737 1679; baseline -0.002 -13"><span class='ocrx_word' id='word_1_207' title='bbox 341 1627 425 1667; x_wconf 85' lang='lat' dir='ltr'>fere</span> <span class='ocrx_word' id='word_1_208' title='bbox 447 1625 649 1666; x_wconf 83' lang='lat' dir='ltr'>Graeciae</span> <span class='ocrx_word' id='word_1_209' title='bbox 671 1633 714 1666; x_wconf 91' lang='lat' dir='ltr'>et</span> <span class='ocrx_word' id='word_1_210' title='bbox 731 1625 858 1665; x_wconf 85' lang='lat' dir='ltr'>Asiae</span> <span class='ocrx_word' id='word_1_211' title='bbox 876 1624 1113 1665; x_wconf 88' lang='lat' dir='ltr'>civitatibus</span> <span class='ocrx_word' id='word_1_212' title='bbox 1134 1624 1176 1665; x_wconf 89' lang='lat' dir='ltr'>in</span> <span class='ocrx_word' id='word_1_213' title='bbox 1199 1622 1524 1679; x_wconf 86' lang='lat' dir='ltr'>gratulationem</span> <span class='ocrx_word' id='word_1_214' title='bbox 1540 1622 1737 1664; x_wconf 88' lang='lat' dir='ltr'>victoriae</span> 
     </span>
     <span class='ocr_line' id='line_1_27' title="bbox 341 1679 1738 1739; baseline -0.003 -15"><span class='ocrx_word' id='word_1_215' title='bbox 341 1698 417 1739; x_wconf 88' lang='lat' dir='ltr'>per</span> <span class='ocrx_word' id='word_1_216' title='bbox 451 1683 610 1739; x_wconf 87' lang='lat' dir='ltr'>legatos</span> <span class='ocrx_word' id='word_1_217' title='bbox 646 1682 758 1723; x_wconf 89' lang='lat' dir='ltr'>dono</span> <span class='ocrx_word' id='word_1_218' title='bbox 794 1682 968 1722; x_wconf 85' lang='lat' dir='ltr'>missae:</span> <span class='ocrx_word' id='word_1_219' title='bbox 1013 1681 1183 1735; x_wconf 83' lang='lat' dir='ltr'>grandis</span> <span class='ocrx_word' id='word_1_220' title='bbox 1219 1696 1330 1730; x_wconf 89' lang='lat' dir='ltr'>sane,</span> <span class='ocrx_word' id='word_1_221' title='bbox 1368 1681 1401 1721; x_wconf 92' lang='lat' dir='ltr'>si</span> <span class='ocrx_word' id='word_1_222' title='bbox 1434 1695 1510 1737; x_wconf 92' lang='lat' dir='ltr'>per</span> <span class='ocrx_word' id='word_1_223' title='bbox 1545 1695 1589 1721; x_wconf 89' lang='lat' dir='ltr'>se</span> <span class='ocrx_word' id='word_1_224' title='bbox 1624 1679 1738 1736; x_wconf 87' lang='lat' dir='ltr'>ipsae</span> 
     </span>
     <span class='ocr_line' id='line_1_28' title="bbox 341 1737 1740 1796; baseline -0.004 -14"><span class='ocrx_word' id='word_1_225' title='bbox 341 1748 642 1796; x_wconf 86' lang='lat' dir='ltr'>spectarentur,</span> <span class='ocrx_word' id='word_1_226' title='bbox 683 1739 821 1796; x_wconf 85' lang='lat' dir='ltr'>pretii,</span> <span class='ocrx_word' id='word_1_227' title='bbox 863 1739 938 1780; x_wconf 86' lang='lat' dir='ltr'>sed</span> <span class='ocrx_word' id='word_1_228' title='bbox 988 1738 1210 1780; x_wconf 89' lang='lat' dir='ltr'>mediocris</span> <span class='ocrx_word' id='word_1_229' title='bbox 1260 1738 1440 1779; x_wconf 88' lang='lat' dir='ltr'>accessio</span> <span class='ocrx_word' id='word_1_230' title='bbox 1488 1737 1740 1778; x_wconf 88' lang='lat' dir='ltr'>immanium</span> 
     </span>
     <span class='ocr_line' id='line_1_29' title="bbox 194 1788 1741 1854; baseline -0.004 -13"><span class='ocrx_word' id='word_1_231' title='bbox 194 1805 260 1841; x_wconf 76' lang='lat'>40.</span> <span class='ocrx_word' id='word_1_232' title='bbox 342 1813 484 1854; x_wconf 88' lang='lat' dir='ltr'>opum,</span> <span class='ocrx_word' id='word_1_233' title='bbox 508 1812 615 1853; x_wconf 88' lang='lat' dir='ltr'>quae</span> <span class='ocrx_word' id='word_1_234' title='bbox 645 1797 689 1837; x_wconf 89' lang='lat' dir='ltr'>in</span> <span class='ocrx_word' id='word_1_235' title='bbox 718 1797 797 1838; x_wconf 93' lang='lat' dir='ltr'>hoc</span> <span class='ocrx_word' id='word_1_236' title='bbox 827 1795 1041 1852; x_wconf 84' lang='lat' dir='ltr'>triumpho</span> <span class='ocrx_word' id='word_1_237' title='bbox 1070 1804 1327 1837; x_wconf 87' lang='lat' dir='ltr'>transvectae</span> <span class='ocrx_word' id='word_1_238' title='bbox 1348 1794 1549 1851; x_wconf 89' lang='lat' dir='ltr'>fuerant.]</span> <span class='ocrx_word' id='word_1_239' title='bbox 1615 1788 1741 1836; x_wconf 80' lang='lat' dir='ltr'>Sum-</span> 
     </span>
     <span class='ocr_line' id='line_1_30' title="bbox 342 1851 1740 1910; baseline -0.003 -14"><span class='ocrx_word' id='word_1_240' title='bbox 342 1871 454 1896; x_wconf 84' lang='lat' dir='ltr'>mam</span> <span class='ocrx_word' id='word_1_241' title='bbox 490 1855 626 1896; x_wconf 88' lang='lat' dir='ltr'>onmis</span> <span class='ocrx_word' id='word_1_242' title='bbox 661 1854 816 1910; x_wconf 86' lang='lat' dir='ltr'>captivi</span> <span class='ocrx_word' id='word_1_243' title='bbox 857 1854 947 1894; x_wconf 90' lang='lat' dir='ltr'>auri</span> <span class='ocrx_word' id='word_1_244' title='bbox 987 1853 1235 1909; x_wconf 82' lang='lat' dir='ltr'>argentique</span> <span class='ocrx_word' id='word_1_245' title='bbox 1273 1852 1461 1894; x_wconf 87' lang='lat' dir='ltr'>translati</span> <span class='ocrx_word' id='word_1_246' title='bbox 1501 1851 1740 1894; x_wconf 86' lang='lat' dir='ltr'>sestertium</span> 
     </span>
     <span class='ocr_line' id='line_1_31' title="bbox 342 1907 1879 1964; baseline -0.003 -11"><span class='ocrx_word' id='word_1_247' title='bbox 342 1912 494 1953; x_wconf 86' lang='lat' dir='ltr'>millies</span> <span class='ocrx_word' id='word_1_248' title='bbox 516 1912 736 1952; x_wconf 87' lang='lat' dir='ltr'>ducenties</span> <span class='ocrx_word' id='word_1_249' title='bbox 755 1911 895 1960; x_wconf 83' lang='lat' dir='ltr'>fuisse,</span> <span class='ocrx_word' id='word_1_250' title='bbox 919 1910 1114 1950; x_wconf 89' lang='lat' dir='ltr'>Valerius</span> <span class='ocrx_word' id='word_1_251' title='bbox 1137 1910 1289 1950; x_wconf 85' lang='lat' dir='ltr'>Antias</span> <span class='ocrx_word' id='word_1_252' title='bbox 1311 1910 1462 1950; x_wconf 89' lang='lat' dir='ltr'>tradit:</span> <span class='ocrx_word' id='word_1_253' title='bbox 1496 1924 1604 1964; x_wconf 88' lang='lat' dir='ltr'>quae</span> <span class='ocrx_word' id='word_1_254' title='bbox 1625 1907 1772 1950; x_wconf 77' lang='lat' dir='ltr'>haud3</span> <span class='ocrx_word' id='word_1_255' title='bbox 1875 1950 1879 1956; x_wconf 72' lang='grc'><strong><em>,</em></strong></span> 
     </span>
     <span class='ocr_line' id='line_1_32' title="bbox 343 1966 1884 2024; baseline -0.003 -14"><span class='ocrx_word' id='word_1_256' title='bbox 343 1969 470 2010; x_wconf 89' lang='lat' dir='ltr'>dubie</span> <span class='ocrx_word' id='word_1_257' title='bbox 493 1969 624 2009; x_wconf 84' lang='lat' dir='ltr'>maior</span> <span class='ocrx_word' id='word_1_258' title='bbox 645 1968 860 2024; x_wconf 82' lang='lat' dir='ltr'>aliquanto</span> <span class='ocrx_word' id='word_1_259' title='bbox 882 1982 1045 2009; x_wconf 87' lang='lat' dir='ltr'>summa</span> <span class='ocrx_word' id='word_1_260' title='bbox 1062 1982 1115 2007; x_wconf 76' lang='lat' dir='ltr'>ex</span> <span class='ocrx_word' id='word_1_261' title='bbox 1136 1981 1312 2008; x_wconf 87' lang='lat' dir='ltr'>numero</span> <span class='ocrx_word' id='word_1_262' title='bbox 1333 1966 1612 2022; x_wconf 87' lang='lat' dir='ltr'>plaustrorum</span> <span class='ocrx_word' id='word_1_263' title='bbox 1633 1977 1772 2022; x_wconf 88' lang='lat' dir='ltr'>pon-4</span> <span class='ocrx_word' id='word_1_264' title='bbox 1876 1971 1884 2019; x_wconf 59' lang='grc' dir='ltr'><strong><em>ᾗ</em></strong></span> 
     </span>
    </p>
   </div>
   <div class='ocr_carea' id='block_1_3' title="bbox 343 2097 1021 2940">
    <p class='ocr_par' dir='ltr' id='par_1_3' title="bbox 343 2097 1021 2940">
     <span class='ocr_line' id='line_1_33' title="bbox 388 2097 1018 2138; baseline -0.003 -9"><span class='ocrx_word' id='word_1_265' title='bbox 388 2109 404 2138; x_wconf 75' lang='lat'>5</span> <span class='ocrx_word' id='word_1_266' title='bbox 430 2100 520 2136; x_wconf 70' lang='lat' dir='ltr'>Quae</span> <span class='ocrx_word' id='word_1_267' title='bbox 535 2099 625 2128; x_wconf 75' lang='lat' dir='ltr'>haud</span> <span class='ocrx_word' id='word_1_268' title='bbox 639 2098 734 2129; x_wconf 72' lang='lat' dir='ltr'>dubie</span> <span class='ocrx_word' id='word_1_269' title='bbox 753 2098 855 2128; x_wconf 76' lang='lat' dir='ltr'>maior</span> <span class='ocrx_word' id='word_1_270' title='bbox 869 2097 1018 2137; x_wconf 74' lang='lat' dir='ltr'>aliquan-</span> 
     </span>
     <span class='ocr_line' id='line_1_34' title="bbox 343 2139 1017 2180; baseline -0.001 -9"><span class='ocrx_word' id='word_1_271' title='bbox 343 2147 374 2172; x_wconf 79' lang='lat' dir='ltr'>to</span> <span class='ocrx_word' id='word_1_272' title='bbox 388 2142 527 2179; x_wconf 77' lang='lat' dir='ltr'>samma]</span> <span class='ocrx_word' id='word_1_273' title='bbox 562 2141 649 2180; x_wconf 77' lang='lat' dir='ltr'>Lege</span> <span class='ocrx_word' id='word_1_274' title='bbox 665 2150 738 2170; x_wconf 89' lang='lat' dir='ltr'>cum</span> <span class='ocrx_word' id='word_1_275' title='bbox 756 2139 920 2170; x_wconf 85' lang='lat' dir='ltr'>Gronovio</span> <span class='ocrx_word' id='word_1_276' title='bbox 943 2150 1017 2179; x_wconf 76' lang='lat' dir='ltr'>qua.</span> 
     </span>
     <span class='ocr_line' id='line_1_35' title="bbox 345 2181 1020 2221; baseline -0.006 -6"><span class='ocrx_word' id='word_1_277' title='bbox 345 2184 498 2215; x_wconf 84' lang='lat' dir='ltr'>Ceterum</span> <span class='ocrx_word' id='word_1_278' title='bbox 526 2183 612 2221; x_wconf 84' lang='lat' dir='ltr'>quod</span> <span class='ocrx_word' id='word_1_279' title='bbox 642 2182 695 2212; x_wconf 89' lang='lat' dir='ltr'>hic</span> <span class='ocrx_word' id='word_1_280' title='bbox 724 2183 871 2212; x_wconf 75' lang='lat' dir='ltr'>observat</span> <span class='ocrx_word' id='word_1_281' title='bbox 899 2181 1020 2219; x_wconf 84' lang='lat' dir='ltr'>Livius,</span> 
     </span>
     <span class='ocr_line' id='line_1_36' title="bbox 346 2224 1019 2256; baseline -0.004 0"><span class='ocrx_word' id='word_1_282' title='bbox 346 2235 506 2256; x_wconf 83' lang='lat' dir='ltr'>summam</span> <span class='ocrx_word' id='word_1_283' title='bbox 529 2236 549 2254; x_wconf 86' lang='lat' dir='ltr'>a</span> <span class='ocrx_word' id='word_1_284' title='bbox 566 2224 699 2254; x_wconf 79' lang='lat' dir='ltr'>Valerio</span> <span class='ocrx_word' id='word_1_285' title='bbox 719 2224 851 2254; x_wconf 78' lang='lat' dir='ltr'>Antiute</span> <span class='ocrx_word' id='word_1_286' title='bbox 874 2228 1019 2254; x_wconf 85' lang='lat' dir='ltr'>notatam</span> 
     </span>
     <span class='ocr_line' id='line_1_37' title="bbox 345 2266 1020 2305; baseline -0.004 -7"><span class='ocrx_word' id='word_1_287' title='bbox 345 2268 500 2298; x_wconf 85' lang='lat' dir='ltr'>minorem</span> <span class='ocrx_word' id='word_1_288' title='bbox 528 2267 611 2297; x_wconf 89' lang='lat' dir='ltr'>iusto</span> <span class='ocrx_word' id='word_1_289' title='bbox 639 2277 717 2305; x_wconf 83' lang='lat' dir='ltr'>esse,</span> <span class='ocrx_word' id='word_1_290' title='bbox 744 2266 775 2296; x_wconf 89' lang='lat' dir='ltr'>id</span> <span class='ocrx_word' id='word_1_291' title='bbox 803 2266 955 2296; x_wconf 73' lang='lat' dir='ltr'>astruitur</span> <span class='ocrx_word' id='word_1_292' title='bbox 980 2276 1020 2296; x_wconf 86' lang='lat' dir='ltr'>ex</span> 
     </span>
     <span class='ocr_line' id='line_1_38' title="bbox 346 2309 1020 2348; baseline -0.003 -8"><span class='ocrx_word' id='word_1_293' title='bbox 346 2310 459 2341; x_wconf 84' lang='lat' dir='ltr'>ceteris</span> <span class='ocrx_word' id='word_1_294' title='bbox 474 2319 601 2348; x_wconf 84' lang='lat' dir='ltr'>quoque</span> <span class='ocrx_word' id='word_1_295' title='bbox 618 2309 834 2348; x_wconf 78' lang='lat' dir='ltr'>scriptoribus.</span> <span class='ocrx_word' id='word_1_296' title='bbox 874 2309 925 2338; x_wconf 82' lang='lat' dir='ltr'>Ex</span> <span class='ocrx_word' id='word_1_297' title='bbox 944 2309 1020 2338; x_wconf 87' lang='lat' dir='ltr'>Plu-</span> 
     </span>
     <span class='ocr_line' id='line_1_39' title="bbox 346 2351 1019 2390; baseline -0.001 -8"><span class='ocrx_word' id='word_1_298' title='bbox 346 2353 456 2382; x_wconf 82' lang='lat' dir='ltr'>tarcho</span> <span class='ocrx_word' id='word_1_299' title='bbox 476 2352 509 2381; x_wconf 93' lang='lat' dir='ltr'>in</span> <span class='ocrx_word' id='word_1_300' title='bbox 526 2351 644 2382; x_wconf 84' lang='lat' dir='ltr'>Aemil.</span> <span class='ocrx_word' id='word_1_301' title='bbox 661 2352 764 2381; x_wconf 87' lang='lat' dir='ltr'>solum</span> <span class='ocrx_word' id='word_1_302' title='bbox 782 2361 894 2381; x_wconf 82' lang='lat' dir='ltr'>aurum</span> <span class='ocrx_word' id='word_1_303' title='bbox 911 2361 1019 2390; x_wconf 81' lang='lat' dir='ltr'>argen-</span> 
     </span>
     <span class='ocr_line' id='line_1_40' title="bbox 346 2394 1020 2433; baseline -0.003 -8"><span class='ocrx_word' id='word_1_304' title='bbox 346 2399 480 2433; x_wconf 83' lang='lat' dir='ltr'>tumque</span> <span class='ocrx_word' id='word_1_305' title='bbox 502 2394 659 2431; x_wconf 68' lang='lat' dir='ltr'>signatum</span> <span class='ocrx_word' id='word_1_306' title='bbox 677 2395 717 2423; x_wconf 85' lang='lat' dir='ltr'>ab</span> <span class='ocrx_word' id='word_1_307' title='bbox 734 2394 791 2423; x_wconf 82' lang='lat' dir='ltr'>illa</span> <span class='ocrx_word' id='word_1_308' title='bbox 807 2404 933 2423; x_wconf 74' lang='lat' dir='ltr'>summu</span> <span class='ocrx_word' id='word_1_309' title='bbox 955 2404 1020 2423; x_wconf 87' lang='lat' dir='ltr'>non</span> 
     </span>
     <span class='ocr_line' id='line_1_41' title="bbox 346 2435 1019 2476; baseline -0.001 -9"><span class='ocrx_word' id='word_1_310' title='bbox 346 2438 485 2467; x_wconf 85' lang='lat' dir='ltr'>multum</span> <span class='ocrx_word' id='word_1_311' title='bbox 511 2437 587 2466; x_wconf 81' lang='lat' dir='ltr'>abit.</span> <span class='ocrx_word' id='word_1_312' title='bbox 636 2436 782 2465; x_wconf 75' lang='lat' dir='ltr'>Vcllcius</span> <span class='ocrx_word' id='word_1_313' title='bbox 809 2435 828 2466; x_wconf 92' lang='lat' dir='ltr'>i.</span> <span class='ocrx_word' id='word_1_314' title='bbox 857 2446 886 2476; x_wconf 84' lang='lat'>9.</span> <span class='ocrx_word' id='word_1_315' title='bbox 911 2436 1019 2466; x_wconf 69' lang='lat' dir='ltr'>scribit</span> 
     </span>
     <span class='ocr_line' id='line_1_42' title="bbox 347 2477 1019 2509; baseline -0.003 0"><span class='ocrx_word' id='word_1_316' title='bbox 347 2479 523 2509; x_wconf 83' lang='lat' dir='ltr'>Aemilium</span> <span class='ocrx_word' id='word_1_317' title='bbox 546 2478 594 2507; x_wconf 81' lang='lat' dir='ltr'>bis</span> <span class='ocrx_word' id='word_1_318' title='bbox 617 2478 735 2508; x_wconf 77' lang='lat' dir='ltr'>millies</span> <span class='ocrx_word' id='word_1_319' title='bbox 756 2477 876 2508; x_wconf 75' lang='lat' dir='ltr'>centies</span> <span class='ocrx_word' id='word_1_320' title='bbox 897 2478 1019 2508; x_wconf 74' lang='lat' dir='ltr'>aerario</span> 
     </span>
     <span class='ocr_line' id='line_1_43' title="bbox 346 2520 1021 2559; baseline -0.001 -8"><span class='ocrx_word' id='word_1_321' title='bbox 346 2521 502 2552; x_wconf 81' lang='lat' dir='ltr'>intulisse.</span> <span class='ocrx_word' id='word_1_322' title='bbox 548 2520 673 2550; x_wconf 78' lang='lat' dir='ltr'>Plinius</span> <span class='ocrx_word' id='word_1_323' title='bbox 691 2521 734 2550; x_wconf 78' lang='lat' dir='ltr'>H.</span> <span class='ocrx_word' id='word_1_324' title='bbox 746 2521 788 2550; x_wconf 80' lang='lat' dir='ltr'>N.</span> <span class='ocrx_word' id='word_1_325' title='bbox 803 2520 913 2550; x_wconf 77' lang='lat' dir='ltr'>xxxiii.</span> <span class='ocrx_word' id='word_1_326' title='bbox 929 2529 957 2559; x_wconf 81' lang='grc'>3.</span> <span class='ocrx_word' id='word_1_327' title='bbox 975 2521 1021 2550; x_wconf 80' lang='lat' dir='ltr'>bis</span> 
     </span>
     <span class='ocr_line' id='line_1_44' title="bbox 347 2563 1021 2599; baseline -0.001 -6"><span class='ocrx_word' id='word_1_328' title='bbox 347 2564 463 2594; x_wconf 82' lang='lat' dir='ltr'>millies</span> <span class='ocrx_word' id='word_1_329' title='bbox 477 2563 664 2599; x_wconf 68' lang='lat' dir='ltr'>trecenties3</span> <span class='ocrx_word' id='word_1_330' title='bbox 687 2563 731 2593; x_wconf 87' lang='lat' dir='ltr'>sic</span> <span class='ocrx_word' id='word_1_331' title='bbox 748 2563 832 2592; x_wconf 82' lang='lat' dir='ltr'>enim</span> <span class='ocrx_word' id='word_1_332' title='bbox 851 2563 1021 2599; x_wconf 65' lang='lat' dir='ltr'>legendnm</span> 
     </span>
     <span class='ocr_line' id='line_1_45' title="bbox 347 2605 1018 2637; baseline -0.004 0"><span class='ocrx_word' id='word_1_333' title='bbox 347 2617 414 2637; x_wconf 79' lang='lat' dir='ltr'>csse</span> <span class='ocrx_word' id='word_1_334' title='bbox 431 2605 596 2636; x_wconf 83' lang='lat' dir='ltr'>contendit</span> <span class='ocrx_word' id='word_1_335' title='bbox 614 2605 803 2635; x_wconf 80' lang='lat' dir='ltr'>Harduinus</span> <span class='ocrx_word' id='word_1_336' title='bbox 818 2605 859 2634; x_wconf 84' lang='lat' dir='ltr'>ad</span> <span class='ocrx_word' id='word_1_337' title='bbox 875 2605 905 2634; x_wconf 85' lang='lat' dir='ltr'>h.</span> <span class='ocrx_word' id='word_1_338' title='bbox 921 2605 940 2635; x_wconf 85' lang='grc'>1.</span> <span class='ocrx_word' id='word_1_339' title='bbox 975 2605 1018 2634; x_wconf 88' lang='lat' dir='ltr'>Et</span> 
     </span>
     <span class='ocr_line' id='line_1_46' title="bbox 346 2647 1016 2685; baseline -0.006 -6"><span class='ocrx_word' id='word_1_340' title='bbox 346 2659 423 2679; x_wconf 80' lang='lat' dir='ltr'>sanc</span> <span class='ocrx_word' id='word_1_341' title='bbox 439 2647 614 2678; x_wconf 79' lang='lat' dir='ltr'>maximum</span> <span class='ocrx_word' id='word_1_342' title='bbox 630 2647 724 2677; x_wconf 81' lang='lat' dir='ltr'>fuisse</span> <span class='ocrx_word' id='word_1_343' title='bbox 740 2647 829 2676; x_wconf 77' lang='lat' dir='ltr'>illum</span> <span class='ocrx_word' id='word_1_344' title='bbox 848 2647 1016 2685; x_wconf 78' lang='lat' dir='ltr'>pecuniam</span> 
     </span>
     <span class='ocr_line' id='line_1_47' title="bbox 347 2689 1019 2728; baseline -0.004 -7"><span class='ocrx_word' id='word_1_345' title='bbox 347 2700 476 2721; x_wconf 83' lang='lat' dir='ltr'>necesse</span> <span class='ocrx_word' id='word_1_346' title='bbox 513 2693 571 2726; x_wconf 79' lang='lat' dir='ltr'>cst,</span> <span class='ocrx_word' id='word_1_347' title='bbox 602 2699 683 2728; x_wconf 82' lang='lat' dir='ltr'>quae</span> <span class='ocrx_word' id='word_1_348' title='bbox 716 2689 838 2728; x_wconf 82' lang='lat' dir='ltr'>populo</span> <span class='ocrx_word' id='word_1_349' title='bbox 870 2690 1019 2719; x_wconf 80' lang='lat' dir='ltr'>Romano</span> 
     </span>
     <span class='ocr_line' id='line_1_48' title="bbox 348 2731 1019 2766; baseline -0.003 -3"><span class='ocrx_word' id='word_1_350' title='bbox 348 2734 444 2763; x_wconf 82' lang='lat' dir='ltr'>finem</span> <span class='ocrx_word' id='word_1_351' title='bbox 472 2732 615 2762; x_wconf 76' lang='lat' dir='ltr'>attulerit</span> <span class='ocrx_word' id='word_1_352' title='bbox 638 2731 840 2766; x_wconf 75' lang='lat' dir='ltr'>tributorum,</span> <span class='ocrx_word' id='word_1_353' title='bbox 865 2735 900 2760; x_wconf 87' lang='lat' dir='ltr'>ut</span> <span class='ocrx_word' id='word_1_354' title='bbox 923 2731 1019 2761; x_wconf 50' lang='lat' dir='ltr'>hab-ct</span> 
     </span>
     <span class='ocr_line' id='line_1_49' title="bbox 348 2773 1021 2812; baseline -0.006 -6"><span class='ocrx_word' id='word_1_355' title='bbox 348 2775 416 2806; x_wconf 75' lang='lat' dir='ltr'>Cic.</span> <span class='ocrx_word' id='word_1_356' title='bbox 441 2775 481 2804; x_wconf 75' lang='lat' dir='ltr'>(le</span> <span class='ocrx_word' id='word_1_357' title='bbox 505 2775 568 2805; x_wconf 74' lang='lat' dir='ltr'>Off.</span> <span class='ocrx_word' id='word_1_358' title='bbox 590 2774 621 2803; x_wconf 87' lang='lat' dir='ltr'>ii.</span> <span class='ocrx_word' id='word_1_359' title='bbox 649 2773 696 2812; x_wconf 80' lang='lat'>76.</span> <span class='ocrx_word' id='word_1_360' title='bbox 724 2773 774 2803; x_wconf 88' lang='lat' dir='ltr'>cui</span> <span class='ocrx_word' id='word_1_361' title='bbox 805 2773 1021 2811; x_wconf 69' lang='lat' dir='ltr'>astipulantur</span> 
     </span>
     <span class='ocr_line' id='line_1_50' title="bbox 350 2814 1021 2852; baseline -0.003 -5"><span class='ocrx_word' id='word_1_362' title='bbox 350 2817 475 2847; x_wconf 78' lang='lat' dir='ltr'>Plinius</span> <span class='ocrx_word' id='word_1_363' title='bbox 491 2818 561 2846; x_wconf 82' lang='lat' dir='ltr'>loco</span> <span class='ocrx_word' id='word_1_364' title='bbox 579 2820 767 2852; x_wconf 59' lang='lat' dir='ltr'>meinorato,</span> <span class='ocrx_word' id='word_1_365' title='bbox 782 2819 813 2844; x_wconf 75' lang='lat' dir='ltr'>et</span> <span class='ocrx_word' id='word_1_366' title='bbox 831 2814 1021 2845; x_wconf 71' lang='lat' dir='ltr'>Plutarchus</span> 
     </span>
     <span class='ocr_line' id='line_1_51' title="bbox 347 2857 1019 2890; baseline -0.006 0"><span class='ocrx_word' id='word_1_367' title='bbox 347 2860 379 2890; x_wconf 84' lang='lat' dir='ltr'>in</span> <span class='ocrx_word' id='word_1_368' title='bbox 399 2860 525 2890; x_wconf 82' lang='lat' dir='ltr'>Paullo.</span> <span class='ocrx_word' id='word_1_369' title='bbox 569 2860 657 2889; x_wconf 72' lang='lat' dir='ltr'>Care</span> <span class='ocrx_word' id='word_1_370' title='bbox 674 2862 782 2888; x_wconf 79' lang='lat' dir='ltr'>tamen</span> <span class='ocrx_word' id='word_1_371' title='bbox 800 2862 904 2887; x_wconf 72' lang='lat' dir='ltr'>mutes</span> <span class='ocrx_word' id='word_1_372' title='bbox 920 2857 951 2887; x_wconf 87' lang='lat' dir='ltr'>in</span> <span class='ocrx_word' id='word_1_373' title='bbox 971 2858 1019 2887; x_wconf 91' lang='lat' dir='ltr'>Li-</span> 
     </span>
     <span class='ocr_line' id='line_1_52' title="bbox 350 2900 1020 2940; baseline -0.003 -8"><span class='ocrx_word' id='word_1_374' title='bbox 350 2902 400 2933; x_wconf 75' lang='lat' dir='ltr'>vio</span> <span class='ocrx_word' id='word_1_375' title='bbox 423 2906 532 2932; x_wconf 69' lang='lat' dir='ltr'>notam</span> <span class='ocrx_word' id='word_1_376' title='bbox 556 2901 692 2939; x_wconf 81' lang='lat' dir='ltr'>numeri,</span> <span class='ocrx_word' id='word_1_377' title='bbox 709 2901 795 2940; x_wconf 81' lang='lat' dir='ltr'>quod</span> <span class='ocrx_word' id='word_1_378' title='bbox 816 2900 915 2930; x_wconf 78' lang='lat' dir='ltr'>voluit</span> <span class='ocrx_word' id='word_1_379' title='bbox 941 2900 1020 2930; x_wconf 84' lang='lat' dir='ltr'>Gro-</span> 
     </span>
    </p>
   </div>
   <div class='ocr_carea' id='block_1_4' title="bbox 1063 2096 1742 2899">
    <p class='ocr_par' dir='ltr' id='par_1_4' title="bbox 1063 2096 1742 2214">
     <span class='ocr_line' id='line_1_53' title="bbox 1063 2096 1742 2137; baseline 0 -10"><span class='ocrx_word' id='word_1_380' title='bbox 1063 2096 1186 2128; x_wconf 81' lang='lat' dir='ltr'>novius.</span> <span class='ocrx_word' id='word_1_381' title='bbox 1233 2098 1313 2128; x_wconf 88' lang='lat' dir='ltr'>Ideo</span> <span class='ocrx_word' id='word_1_382' title='bbox 1337 2096 1423 2127; x_wconf 88' lang='lat' dir='ltr'>enim</span> <span class='ocrx_word' id='word_1_383' title='bbox 1447 2096 1552 2137; x_wconf 87' lang='lat' dir='ltr'>carpit</span> <span class='ocrx_word' id='word_1_384' title='bbox 1571 2096 1742 2128; x_wconf 83' lang='lat' dir='ltr'>Valerium</span> 
     </span>
     <span class='ocr_line' id='line_1_54' title="bbox 1064 2139 1741 2179; baseline 0 -10"><span class='ocrx_word' id='word_1_385' title='bbox 1064 2145 1181 2176; x_wconf 85' lang='lat' dir='ltr'>noster,</span> <span class='ocrx_word' id='word_1_386' title='bbox 1209 2139 1284 2179; x_wconf 87' lang='lat' dir='ltr'>quia</span> <span class='ocrx_word' id='word_1_387' title='bbox 1309 2150 1480 2170; x_wconf 89' lang='lat' dir='ltr'>numerum</span> <span class='ocrx_word' id='word_1_388' title='bbox 1508 2150 1622 2179; x_wconf 85' lang='lat' dir='ltr'>parum</span> <span class='ocrx_word' id='word_1_389' title='bbox 1646 2149 1741 2171; x_wconf 85' lang='lat' dir='ltr'>accu-</span> 
     </span>
     <span class='ocr_line' id='line_1_55' title="bbox 1063 2182 1604 2214; baseline 0.004 -2"><span class='ocrx_word' id='word_1_390' title='bbox 1063 2186 1131 2213; x_wconf 84' lang='lat' dir='ltr'>rate</span> <span class='ocrx_word' id='word_1_391' title='bbox 1148 2186 1294 2212; x_wconf 85' lang='lat' dir='ltr'>notatum</span> <span class='ocrx_word' id='word_1_392' title='bbox 1310 2182 1475 2213; x_wconf 77' lang='lat' dir='ltr'>iudicavit.</span> <span class='ocrx_word' id='word_1_393' title='bbox 1497 2184 1604 2214; x_wconf 75' lang='lat' dir='ltr'>CREV.</span> 
     </span>
    </p>

    <p class='ocr_par' dir='ltr' id='par_1_5' title="bbox 1063 2223 1742 2899">
     <span class='ocr_line' id='line_1_56' title="bbox 1106 2223 1742 2264; baseline 0 -9"><span class='ocrx_word' id='word_1_394' title='bbox 1106 2236 1125 2262; x_wconf 80' lang='lat'>4</span> <span class='ocrx_word' id='word_1_395' title='bbox 1148 2226 1204 2255; x_wconf 60' lang='lat' dir='ltr'>Em</span> <span class='ocrx_word' id='word_1_396' title='bbox 1229 2236 1362 2255; x_wconf 75' lang='lat' dir='ltr'>numero</span> <span class='ocrx_word' id='word_1_397' title='bbox 1389 2225 1628 2264; x_wconf 75' lang='lat' dir='ltr'>plaustrorum]</span> <span class='ocrx_word' id='word_1_398' title='bbox 1662 2223 1742 2255; x_wconf 87' lang='lat' dir='ltr'>Non</span> 
     </span>
     <span class='ocr_line' id='line_1_57' title="bbox 1065 2267 1741 2306; baseline 0 -9"><span class='ocrx_word' id='word_1_399' title='bbox 1065 2271 1112 2297; x_wconf 85' lang='lat' dir='ltr'>est</span> <span class='ocrx_word' id='word_1_400' title='bbox 1130 2267 1301 2297; x_wconf 75' lang='lat' dir='ltr'>verisimile</span> <span class='ocrx_word' id='word_1_401' title='bbox 1324 2267 1475 2306; x_wconf 80' lang='lat' dir='ltr'>plaustris</span> <span class='ocrx_word' id='word_1_402' title='bbox 1496 2277 1609 2297; x_wconf 82' lang='lat' dir='ltr'>aurum</span> <span class='ocrx_word' id='word_1_403' title='bbox 1631 2276 1741 2306; x_wconf 87' lang='lat' dir='ltr'>argen-</span> 
     </span>
     <span class='ocr_line' id='line_1_58' title="bbox 1065 2309 1740 2348; baseline 0 -9"><span class='ocrx_word' id='word_1_404' title='bbox 1065 2313 1200 2348; x_wconf 79' lang='lat' dir='ltr'>tumque</span> <span class='ocrx_word' id='word_1_405' title='bbox 1216 2313 1433 2339; x_wconf 81' lang='lat' dir='ltr'>transvectum</span> <span class='ocrx_word' id='word_1_406' title='bbox 1446 2321 1452 2340; x_wconf 70' lang='grc' dir='ltr'>ε</span> <span class='ocrx_word' id='word_1_407' title='bbox 1478 2319 1537 2340; x_wconf 90' lang='lat' dir='ltr'>nec</span> <span class='ocrx_word' id='word_1_408' title='bbox 1553 2309 1599 2339; x_wconf 82' lang='lat' dir='ltr'>ita</span> <span class='ocrx_word' id='word_1_409' title='bbox 1613 2309 1740 2340; x_wconf 81' lang='lat' dir='ltr'>Plutar-</span> 
     </span>
     <span class='ocr_line' id='line_1_59' title="bbox 1065 2352 1740 2391; baseline 0 -9"><span class='ocrx_word' id='word_1_410' title='bbox 1065 2352 1155 2389; x_wconf 81' lang='lat' dir='ltr'>chus,</span> <span class='ocrx_word' id='word_1_411' title='bbox 1171 2352 1225 2391; x_wconf 86' lang='lat' dir='ltr'>qui</span> <span class='ocrx_word' id='word_1_412' title='bbox 1242 2356 1274 2382; x_wconf 88' lang='lat' dir='ltr'>et</span> <span class='ocrx_word' id='word_1_413' title='bbox 1290 2352 1429 2391; x_wconf 80' lang='lat' dir='ltr'>signatos</span> <span class='ocrx_word' id='word_1_414' title='bbox 1450 2361 1611 2389; x_wconf 86' lang='lat' dir='ltr'>nummos,</span> <span class='ocrx_word' id='word_1_415' title='bbox 1627 2357 1659 2381; x_wconf 84' lang='lat' dir='ltr'>et</span> <span class='ocrx_word' id='word_1_416' title='bbox 1674 2361 1740 2382; x_wconf 92' lang='lat' dir='ltr'>om-</span> 
     </span>
     <span class='ocr_line' id='line_1_60' title="bbox 1065 2393 1740 2433; baseline -0.001 -9"><span class='ocrx_word' id='word_1_417' title='bbox 1065 2395 1119 2424; x_wconf 82' lang='lat' dir='ltr'>nia</span> <span class='ocrx_word' id='word_1_418' title='bbox 1141 2404 1238 2424; x_wconf 81' lang='lat' dir='ltr'>aurea</span> <span class='ocrx_word' id='word_1_419' title='bbox 1261 2398 1476 2433; x_wconf 80' lang='lat' dir='ltr'>argenteaque</span> <span class='ocrx_word' id='word_1_420' title='bbox 1492 2404 1567 2424; x_wconf 71' lang='lat' dir='ltr'>vasa</span> <span class='ocrx_word' id='word_1_421' title='bbox 1581 2394 1622 2424; x_wconf 85' lang='lat' dir='ltr'>ab</span> <span class='ocrx_word' id='word_1_422' title='bbox 1637 2393 1740 2423; x_wconf 90' lang='lat' dir='ltr'>homi-</span> 
     </span>
     <span class='ocr_line' id='line_1_61' title="bbox 1064 2435 1741 2476; baseline 0 -10"><span class='ocrx_word' id='word_1_423' title='bbox 1064 2437 1158 2466; x_wconf 73' lang='lat' dir='ltr'>nibus</span> <span class='ocrx_word' id='word_1_424' title='bbox 1188 2441 1312 2476; x_wconf 82' lang='lat' dir='ltr'>gestata</span> <span class='ocrx_word' id='word_1_425' title='bbox 1343 2447 1411 2467; x_wconf 81' lang='lat' dir='ltr'>esse</span> <span class='ocrx_word' id='word_1_426' title='bbox 1441 2439 1608 2467; x_wconf 82' lang='lat' dir='ltr'>memorat.</span> <span class='ocrx_word' id='word_1_427' title='bbox 1654 2435 1741 2475; x_wconf 88' lang='lat' dir='ltr'>Ergo</span> 
     </span>
     <span class='ocr_line' id='line_1_62' title="bbox 1066 2479 1742 2518; baseline 0 -10"><span class='ocrx_word' id='word_1_428' title='bbox 1066 2480 1202 2509; x_wconf 73' lang='lat' dir='ltr'>libenter</span> <span class='ocrx_word' id='word_1_429' title='bbox 1225 2489 1298 2508; x_wconf 82' lang='lat' dir='ltr'>cum</span> <span class='ocrx_word' id='word_1_430' title='bbox 1324 2479 1490 2509; x_wconf 85' lang='lat' dir='ltr'>Perizonio</span> <span class='ocrx_word' id='word_1_431' title='bbox 1513 2488 1742 2518; x_wconf 81' lang='lat' dir='ltr'>reponeremus</span> 
     </span>
     <span class='ocr_line' id='line_1_63' title="bbox 1065 2520 1742 2561; baseline -0.001 -10"><span class='ocrx_word' id='word_1_432' title='bbox 1065 2523 1333 2561; x_wconf 67' lang='lat' dir='ltr'>J’lzil5ppe0r11m;</span> <span class='ocrx_word' id='word_1_433' title='bbox 1366 2522 1429 2558; x_wconf 77' lang='lat' dir='ltr'>vol,</span> <span class='ocrx_word' id='word_1_434' title='bbox 1452 2521 1614 2560; x_wconf 88' lang='lat' dir='ltr'>quomodo</span> <span class='ocrx_word' id='word_1_435' title='bbox 1640 2520 1742 2560; x_wconf 80' lang='lat' dir='ltr'>magis</span> 
     </span>
     <span class='ocr_line' id='line_1_64' title="bbox 1067 2563 1741 2602; baseline 0.001 -10"><span class='ocrx_word' id='word_1_436' title='bbox 1067 2564 1173 2602; x_wconf 78' lang='lat' dir='ltr'>placet</span> <span class='ocrx_word' id='word_1_437' title='bbox 1196 2564 1262 2593; x_wconf 80' lang='lat' dir='ltr'>Iac.</span> <span class='ocrx_word' id='word_1_438' title='bbox 1281 2563 1455 2601; x_wconf 83' lang='lat' dir='ltr'>Gronovio,</span> <span class='ocrx_word' id='word_1_439' title='bbox 1476 2564 1532 2602; x_wconf 78' lang='lat' dir='ltr'>ph.</span> <span class='ocrx_word' id='word_1_440' title='bbox 1556 2573 1741 2601; x_wconf 75' lang='lat' dir='ltr'>aureorum,</span> 
     </span>
     <span class='ocr_line' id='line_1_65' title="bbox 1063 2605 1741 2644; baseline 0.001 -10"><span class='ocrx_word' id='word_1_441' title='bbox 1063 2616 1127 2644; x_wconf 82' lang='lat' dir='ltr'>qua</span> <span class='ocrx_word' id='word_1_442' title='bbox 1140 2616 1177 2635; x_wconf 86' lang='lat' dir='ltr'>ex</span> <span class='ocrx_word' id='word_1_443' title='bbox 1193 2605 1349 2644; x_wconf 80' lang='lat' dir='ltr'>scriptura</span> <span class='ocrx_word' id='word_1_444' title='bbox 1361 2605 1456 2635; x_wconf 79' lang='lat' dir='ltr'>facile</span> <span class='ocrx_word' id='word_1_445' title='bbox 1469 2605 1600 2644; x_wconf 79' lang='lat' dir='ltr'>vulgata</span> <span class='ocrx_word' id='word_1_446' title='bbox 1609 2614 1741 2636; x_wconf 83' lang='lat' dir='ltr'>manare</span> 
     </span>
     <span class='ocr_line' id='line_1_66' title="bbox 1065 2647 1740 2686; baseline 0 -10"><span class='ocrx_word' id='word_1_447' title='bbox 1065 2647 1179 2686; x_wconf 75' lang='lat' dir='ltr'>potuit.</span> <span class='ocrx_word' id='word_1_448' title='bbox 1214 2648 1310 2678; x_wconf 81' lang='lat' dir='ltr'>Certe</span> <span class='ocrx_word' id='word_1_449' title='bbox 1328 2648 1476 2685; x_wconf 80' lang='lat' dir='ltr'>frequens</span> <span class='ocrx_word' id='word_1_450' title='bbox 1492 2651 1559 2677; x_wconf 80' lang='lat' dir='ltr'>erat</span> <span class='ocrx_word' id='word_1_451' title='bbox 1577 2657 1650 2676; x_wconf 81' lang='lat' dir='ltr'>usus</span> <span class='ocrx_word' id='word_1_452' title='bbox 1664 2647 1740 2676; x_wconf 87' lang='lat' dir='ltr'>Phi-</span> 
     </span>
     <span class='ocr_line' id='line_1_67' title="bbox 1066 2688 1742 2728; baseline 0.001 -10"><span class='ocrx_word' id='word_1_453' title='bbox 1066 2689 1085 2718; x_wconf 93' lang='lat' dir='ltr'>li</span> <span class='ocrx_word' id='word_1_454' title='bbox 1091 2699 1246 2728; x_wconf 78' lang='lat' dir='ltr'>ppeorum</span> <span class='ocrx_word' id='word_1_455' title='bbox 1270 2690 1358 2728; x_wconf 81' lang='lat' dir='ltr'>apud</span> <span class='ocrx_word' id='word_1_456' title='bbox 1379 2690 1520 2719; x_wconf 82' lang='lat' dir='ltr'>Graecas</span> <span class='ocrx_word' id='word_1_457' title='bbox 1535 2692 1567 2718; x_wconf 90' lang='lat' dir='ltr'>et</span> <span class='ocrx_word' id='word_1_458' title='bbox 1584 2688 1742 2720; x_wconf 82' lang='lat' dir='ltr'>Asiaticas</span> 
     </span>
     <span class='ocr_line' id='line_1_68' title="bbox 1064 2731 1740 2769; baseline 0.001 -9"><span class='ocrx_word' id='word_1_459' title='bbox 1064 2731 1230 2767; x_wconf 77' lang='lat' dir='ltr'>nutioucs;</span> <span class='ocrx_word' id='word_1_460' title='bbox 1253 2732 1401 2769; x_wconf 72' lang='lat' dir='ltr'>frequens</span> <span class='ocrx_word' id='word_1_461' title='bbox 1423 2731 1501 2761; x_wconf 82' lang='lat' dir='ltr'>item</span> <span class='ocrx_word' id='word_1_462' title='bbox 1521 2740 1631 2760; x_wconf 86' lang='lat' dir='ltr'>eorum</span> <span class='ocrx_word' id='word_1_463' title='bbox 1652 2741 1740 2761; x_wconf 89' lang='lat' dir='ltr'>men-</span> 
     </span>
     <span class='ocr_line' id='line_1_69' title="bbox 1066 2773 1742 2812; baseline 0.001 -10"><span class='ocrx_word' id='word_1_464' title='bbox 1066 2773 1110 2802; x_wconf 85' lang='lat' dir='ltr'>tio</span> <span class='ocrx_word' id='word_1_465' title='bbox 1132 2773 1162 2802; x_wconf 90' lang='lat' dir='ltr'>in</span> <span class='ocrx_word' id='word_1_466' title='bbox 1181 2773 1352 2812; x_wconf 76' lang='lat' dir='ltr'>triumphis</span> <span class='ocrx_word' id='word_1_467' title='bbox 1368 2783 1447 2812; x_wconf 86' lang='lat' dir='ltr'>quos</span> <span class='ocrx_word' id='word_1_468' title='bbox 1464 2773 1603 2803; x_wconf 79' lang='lat' dir='ltr'>Romani</span> <span class='ocrx_word' id='word_1_469' title='bbox 1621 2783 1660 2802; x_wconf 84' lang='lat' dir='ltr'>cx</span> <span class='ocrx_word' id='word_1_470' title='bbox 1677 2773 1742 2804; x_wconf 82' lang='lat' dir='ltr'>illis</span> 
     </span>
     <span class='ocr_line' id='line_1_70' title="bbox 1065 2814 1740 2856; baseline 0.004 -12"><span class='ocrx_word' id='word_1_471' title='bbox 1065 2816 1213 2854; x_wconf 80' lang='lat' dir='ltr'>gentibus</span> <span class='ocrx_word' id='word_1_472' title='bbox 1246 2818 1387 2853; x_wconf 71' lang='lat' dir='ltr'>egerunt.</span> <span class='ocrx_word' id='word_1_473' title='bbox 1441 2825 1526 2854; x_wconf 77' lang='lat' dir='ltr'>supr.</span> <span class='ocrx_word' id='word_1_474' title='bbox 1552 2814 1661 2846; x_wconf 81' lang='lat' dir='ltr'>xxxiv.</span> <span class='ocrx_word' id='word_1_475' title='bbox 1690 2824 1740 2856; x_wconf 77' lang='lat'>52.</span> 
     </span>
     <span class='ocr_line' id='line_1_71' title="bbox 1067 2858 1569 2899; baseline 0.006 -12"><span class='ocrx_word' id='word_1_476' title='bbox 1067 2858 1187 2889; x_wconf 70' lang='lat' dir='ltr'>xxxvii.</span> <span class='ocrx_word' id='word_1_477' title='bbox 1206 2867 1254 2899; x_wconf 75' lang='lat'>59.</span> <span class='ocrx_word' id='word_1_478' title='bbox 1279 2858 1390 2890; x_wconf 80' lang='lat' dir='ltr'>xxxix.</span> <span class='ocrx_word' id='word_1_479' title='bbox 1408 2867 1436 2897; x_wconf 80' lang='grc'>5.</span> <span class='ocrx_word' id='word_1_480' title='bbox 1463 2858 1569 2890; x_wconf 70' lang='lat' dir='ltr'>Cfflzv.</span> 
     </span>
    </p>
   </div>
  </div>
 </body>
</html>
