1888 3194
323 165 406 202 256
834 161 1202 204 EPITOMAE

995 417 1045 458 C.

326 534 377 575 C.
401 514 691 577 MANLIUS
712 536 905 577 tribunus
925 535 1059 591 plebis
1081 550 1233 591 magna
1252 534 1542 590 indignatione
1563 532 1716 575 nobili-

323 591 420 633 tatis
446 591 584 648 legem
612 592 720 642 tulit,
742 601 790 633 ut
816 592 1022 647 Pompeio
1045 592 1385 634 Mithridaticum
1411 591 1569 633 bellum
1598 605 1717 631 man-

323 647 506 690 daretur.
583 648 747 690 Concio
791 649 881 689 eius
925 649 1046 689 bona.
1124 648 1177 696 Q
1212 648 1426 697 Metellus,
1471 647 1717 704 perdomitis

327 704 616 755 Cretensibus,
638 705 793 747 liberae
815 706 859 745 in
880 705 925 745 id
946 714 1111 760 tempus
1132 705 1291 746 insulae
1313 705 1427 760 leges
1448 704 1577 746 dedit.
1633 704 1714 745 Cn.

324 761 567 818 Pompeius,
585 762 640 803 ad
659 762 892 817 gerendum
912 761 1070 802 bellum
1091 761 1288 802 adversus
1305 761 1601 802 Mithridatem
1621 775 1718 816 pro-

324 819 471 868 fectus,
494 833 589 859 cum
619 833 715 874 rege
737 818 990 860 Parthorum
1011 818 1191 860 Phraate
1220 817 1445 859 amicitiam
1474 817 1691 859 renovavit
1705 833 1716 867 ;

325 876 509 930 equestri
529 875 689 931 proelio
711 875 1006 917 Mithridatem
1027 875 1138 917 vicit.
1187 875 1411 916 Praeterea
1431 874 1588 915 bellum
1608 874 1720 915 inter

325 932 552 974 Phraatem
573 932 827 974 Parthorum
847 947 1003 988 regem,
1026 941 1069 974 et
1091 933 1319 989 Tigranem
1337 931 1651 981 Armeniorum,
1671 946 1718 973 ac

326 989 480 1031 deinde
502 990 614 1031 inter
635 990 863 1046 Tigranem
884 989 1017 1031 filium
1042 998 1289 1046 patremque
1314 1000 1493 1045 gestum,
1516 989 1716 1030 continet.

987 1214 1061 1256 CI,

329 1333 428 1375 CN.
451 1332 771 1375 POMPEIUS
805 1332 1282 1382 MITHRIDATEM,
1317 1340 1523 1374 nocturno
1558 1333 1719 1390 proelio

325 1391 498 1441 victum,
532 1391 670 1447 coegit
706 1390 924 1446 Bosporon
960 1390 1193 1446 profugere.
1256 1389 1485 1445 Tigranem
1521 1390 1565 1431 in
1600 1391 1720 1432 dedi-

327 1448 487 1490 tionem
520 1448 695 1504 accepit,
728 1448 867 1503 eique,
899 1447 1106 1503 ademptis
1142 1447 1275 1503 Syria,
1301 1447 1530 1497 Phoenice,
1556 1447 1719 1498 Cilicia,

326 1520 504 1561 regnum
547 1505 775 1546 Armeniae
816 1504 1008 1545 restituit.
1075 1504 1324 1545 Coniuratio
1363 1519 1522 1554 eorum,
1563 1505 1637 1560 qui
1676 1505 1720 1546 in

325 1563 529 1618 petitione
551 1561 792 1603 consulatus
816 1561 997 1602 ambitus
1017 1561 1205 1602 damnati
1230 1569 1363 1610 erant,
1385 1560 1493 1602 facta
1513 1561 1566 1603 de
1591 1562 1722 1603 inter-

325 1619 517 1661 ficiendis
549 1619 803 1668 consulibus,
841 1633 1038 1674 oppressa
1072 1627 1145 1659 est.
1211 1617 1292 1660 Cn.
1312 1618 1554 1674 Pompeius,
1589 1634 1722 1675 quum

326 1676 622 1720 Mithridatem
655 1684 990 1732 persequeretur,
1019 1676 1064 1716 in
1096 1675 1263 1717 ultimas
1295 1675 1543 1732 ignotasque
1575 1684 1722 1732 gentes

326 1734 574 1790 penetravit.
637 1732 781 1775 Iberos
799 1732 1086 1789 Albanosque,
1104 1733 1178 1788 qui
1200 1733 1420 1774 transitum
1440 1748 1527 1774 non
1549 1732 1720 1783 dabant,

325 1791 486 1846 proelio
516 1790 627 1832 vicit.
690 1790 914 1832 Praeterea
948 1790 1090 1846 fugam
1121 1789 1383 1832 Mithridatis
1414 1805 1490 1846 per
1525 1790 1721 1841 Colchos,

329 1847 673 1904 Heniochosque,
696 1856 739 1889 et
759 1862 824 1889 res
845 1848 896 1889 ab
918 1863 968 1889 eo
989 1848 1033 1888 in
1056 1847 1245 1904 Bosporo
1265 1856 1400 1903 gestas
1421 1847 1620 1890 continet.

975 2066 1073 2109 CIL

334 2184 432 2227 CN.
451 2182 771 2226 POMPEIUS
798 2183 843 2223 in
870 2184 1108 2239 provinciae
1134 2184 1309 2226 formam
1331 2185 1518 2226 Pontum
1545 2185 1720 2242 redegit.

330 2242 581 2290 Pharnaces,
603 2241 714 2281 filius
739 2240 1013 2290 Mithridatis,
1035 2241 1193 2283 bellum
1220 2242 1328 2297 patri
1356 2242 1510 2284 intulit.
1573 2243 1644 2284 Ab
1672 2254 1723 2285 eo

331 2298 604 2340 Mithridates
625 2298 814 2338 obsessus
834 2297 878 2338 in
900 2298 1027 2354 regia,
1049 2314 1180 2354 quum
1202 2314 1366 2340 veneno
1387 2308 1554 2356 sumpto
1575 2315 1723 2356 parum

330 2355 573 2412 profecisset
602 2354 656 2396 ad
687 2362 876 2404 mortem,
906 2370 931 2396 a
960 2356 1092 2397 milite
1118 2355 1255 2406 Gallo,
1285 2357 1454 2398 nomine
1488 2356 1670 2406 Bitoeto,
1699 2371 1724 2397 a

330 2428 429 2469 quo,
455 2420 503 2453 ut
535 2411 750 2453 adiuvaret
781 2426 838 2461 se,
867 2412 1057 2468 petierat,
1084 2413 1327 2455 interfectus
1357 2422 1430 2455 est.
1496 2413 1576 2454 Cn.
1596 2413 1724 2454 Pom-

329 2470 450 2526 peius
471 2468 651 2510 Iudaeos
678 2469 868 2524 subegit:
902 2469 1045 2511 fanum
1073 2485 1217 2512 eorum
1249 2471 1294 2511 in
1323 2469 1631 2526 Hierosolyma,
1658 2470 1724 2511 in-

330 2526 529 2568 violatum
564 2526 618 2566 ad
650 2525 694 2566 id
727 2534 906 2582 tempus,
933 2527 1055 2583 cepit.
1118 2527 1168 2568 L.
1191 2527 1388 2576 Catilina,
1417 2527 1481 2568 bis
1513 2526 1721 2583 repulsam

331 2584 378 2625 in
409 2583 612 2640 petitione
645 2582 884 2624 consulatus
913 2599 1069 2639 passus,
1100 2599 1197 2625 cum
1229 2583 1412 2625 Lentulo
1445 2591 1649 2639 praetore,
1681 2593 1725 2626 et

335 2640 542 2696 Cethego,
565 2647 608 2680 et
627 2639 815 2695 pluribus
836 2640 939 2690 aliis,
961 2641 1195 2682 coniuravit
1214 2641 1267 2681 de
1288 2640 1415 2681 caede
1437 2639 1656 2681 consulum
1681 2650 1725 2682 et

332 2706 513 2747 senatus,
536 2696 741 2737 incendiis
762 2697 886 2746 urbis,
909 2706 952 2738 et
973 2697 1250 2753 opprimenda
1269 2697 1506 2753 republica3
1535 2698 1724 2739 exercitu

333 2769 503 2811 quoque
524 2753 567 2794 in
591 2753 761 2794 Etruria
781 2762 1031 2810 comparato.
1096 2754 1158 2795 Ea
1179 2754 1411 2796 coniuratio
1432 2754 1637 2796 industria
1657 2754 1721 2796 Μ.

334 2811 466 2854 Tullii
490 2810 708 2852 Ciceronis
729 2819 849 2852 eruta
868 2819 941 2852 est.
993 2810 1179 2853 Catilina
1198 2812 1300 2854 urbe
1322 2811 1455 2867 pulso,
1477 2811 1530 2853 de
1551 2811 1724 2868 reliquis

333 2868 559 2911 coniuratis
579 2867 830 2923 supplicium
852 2876 1065 2923 sumptum
1087 2877 1159 2909 est.
