1888 3194
301 141 380 179 168
812 132 959 175 ΤΙΤΙ
999 132 1179 174 LIVII

97 238 141 270 U.
159 237 196 269 C.
221 238 293 277 584.
304 227 498 285 peditum
536 225 689 283 passim
728 224 877 266 caedes
917 224 1088 274 fiebant,
1129 222 1211 264 nisi
1246 222 1320 279 qui
1360 220 1531 264 abiectis
1571 220 1697 262 armis

101 282 139 312 A.
162 280 207 339 (ἦ
227 279 295 311 168.
307 286 532 341 fugerunt3
580 284 638 324 sic
682 283 892 339 equitatus
932 296 1061 337 prope
1106 281 1272 337 integer
1315 295 1458 337 pugna
1506 277 1695 320 excessit.

99 323 283 404 Ξᾞέἑζῗᾞὲ
309 343 512 398 Princeps
543 341 665 397 fugae
696 355 771 382 rex
803 340 891 396 ipse
925 347 1025 381 erat.
1087 337 1177 379 Iam
1210 353 1234 379 a
1265 337 1418 395 Pydna
1447 351 1543 377 cum
1574 334 1731 376 sacris4

100 407 156 447 git.
310 400 384 442 alis
414 399 607 456 equitum
627 397 788 439 Pellam
818 397 1012 453 petebat:
1047 395 1267 437 confestim
1294 410 1364 436 eos
1388 393 1522 450 Cotys
1549 394 1729 448 seque-5

309 458 433 499 batur
467 456 810 512 Odrysarumque
847 453 1069 509 equitatus
1135 452 1313 494 Ceterae
1349 466 1519 508 quoque
1553 450 1700 491 Mace-

310 514 470 556 donum
491 513 579 554 alae
601 512 773 567 integris
794 511 964 552 abibant
986 509 1203 551 ordinibus
1221 525 1232 559 3
1266 510 1366 565 quia
1387 509 1606 550 interiecta
1625 522 1700 563 pe-

310 572 448 612 ditum
482 571 604 620 acies,
640 569 760 610 cuius
793 567 942 610 caedes
975 567 1151 608 victores
1186 567 1398 616 tenebant,
1434 567 1701 606 immemores

310 629 466 670 fecerat
497 626 703 683 sequendi
735 625 909 681 equites.
972 623 1062 665 Diu
1094 623 1279 679 phalanx
1311 639 1336 664 a
1365 624 1516 672 fronte,
1543 638 1567 663 a
1597 621 1701 662 late-

310 686 438 734 ribus,
464 685 515 726 ab
547 693 664 739 tergo
695 697 815 723 caesa
844 689 932 722 est:
965 689 1189 736 postremo,
1211 681 1286 736 qui
1316 695 1370 721 ex
1398 680 1583 721 hostium
1614 693 1702 720 ma—

312 743 436 784 nibus
476 741 606 796 elapsi
645 748 776 789 erant,
813 739 993 779 inermes
1028 737 1082 778 ad
1117 752 1229 778 mare
1269 737 1491 793 fugientes,
1529 736 1702 792 quidam

312 814 465 855 aquam
495 798 621 838 etiam
651 796 839 851 ingressi,
862 810 1011 837 manus
1041 794 1095 835 ad
1125 809 1208 844 eos,
1232 794 1306 850 qui
1335 794 1381 835 in
1411 793 1538 834 classe
1569 801 1701 842 erant,

312 855 547 904 tendentes,
584 852 828 910 suppliciter
866 852 996 893 vitam
1036 851 1234 893 orabant:
1279 859 1323 892 et
1357 865 1490 907 quum
1529 849 1704 906 scaphas

313 926 560 954 concurrere
589 910 778 966 undique
805 910 857 951 ab
884 909 1060 950 navibus
1087 916 1322 959 cernerent,
1348 908 1402 949 ad
1432 906 1704 964 excipiendos

312 985 400 1011 sese
421 969 563 1010 venire
591 968 684 1018 rati,
706 976 754 1009 ut
780 975 979 1023 caperent
1005 967 1157 1022 potius,
1179 981 1307 1022 quam
1336 965 1590 1015 occiderent,
1611 964 1705 1006 lon-

311 1027 405 1083 gius
425 1026 470 1067 in
492 1041 657 1082 aquam,
675 1024 848 1081 quidam
869 1024 995 1065 etiam
1016 1031 1220 1074 natantes,
1237 1023 1445 1080 progressi
1465 1030 1574 1064 sunt.
1620 1021 1705 1064 Sed

313 1099 446 1140 quum
469 1083 677 1124 hostiliter
704 1098 727 1123 e
755 1081 918 1138 scaphis
945 1081 1233 1130 caederentur,
1255 1089 1378 1131 retro,
1401 1080 1476 1136 qui
1496 1087 1703 1136 poterant,

312 1141 455 1182 nando
484 1148 723 1197 repetentes
751 1148 916 1189 terram,
939 1139 984 1179 in
1010 1137 1133 1180 aliam
1159 1138 1389 1180 foediorem
1414 1146 1576 1193 pestem
1599 1136 1706 1178 inci«

313 1198 481 1240 debant.
558 1197 786 1253 Elephanti
831 1197 958 1245 enim,
1000 1196 1052 1237 ab
1093 1195 1323 1237 rectoribus
1367 1195 1422 1236 ad
1465 1194 1564 1235 litus
1608 1194 1704 1244 acti,

313 1265 518 1296 exeuntes
558 1255 806 1296 obterebant
845 1253 1153 1309 elidebantque.
1236 1252 1373 1294 Facile
1414 1251 1704 1301 conveniebat,

316 1312 522 1354 Romanis
556 1326 775 1367 nunquam
810 1326 896 1351 una
930 1311 1017 1352 acie
1055 1318 1219 1351 tantum
1256 1308 1544 1351 Macedonum
1575 1308 1706 1349 inter-

106 1383 209 1421 29000
226 1384 294 1404 cae·
315 1370 486 1411 fectum.
551 1369 687 1410 Caesa
707 1369 822 1410 enim
843 1367 897 1409 ad
917 1367 1065 1424 viginti
1092 1367 1224 1408 millia
1249 1366 1470 1408 hominum
1495 1374 1618 1406 sunt:
1651 1364 1706 1406 ad

104 1426 283 1488 {tlzstpooo
316 1442 389 1468 sex
422 1426 564 1476 millia,
591 1427 666 1482 qui
696 1425 892 1482 Pydnam
925 1440 978 1466 ex
1011 1424 1098 1466 acie
1131 1424 1414 1480 perfugerant,
1440 1423 1524 1464 vivi
1554 1423 1599 1463 in
1631 1437 1707 1478 po-

124 1469 155 1498 ‘1
195 1483 202 1490 ’
316 1492 509 1526 testatem
536 1491 845 1540 pervenerunt:
879 1490 922 1524 et
947 1482 1042 1538 vagi
1069 1496 1121 1522 ex
1142 1481 1242 1537 fuga
1262 1481 1450 1537 quinque
1476 1479 1607 1521 millia
1630 1480 1707 1521 ho-

314 1542 476 1582 minum
497 1549 629 1597 capta.
693 1540 761 1581 Ex
781 1540 1008 1581 victoribus
1032 1538 1276 1579 ceciderunt
1300 1553 1387 1579 non
1406 1537 1500 1594 plus
1519 1545 1706 1587 centum,

314 1607 357 1640 et
389 1613 534 1640 eorum
567 1597 700 1639 multo
733 1597 866 1638 maior
897 1611 991 1652 pars
1023 1595 1216 1651 Peligni:
1250 1595 1458 1636 vulnerati
1490 1594 1706 1650 aliquanto

313 1656 453 1712 plures
477 1663 585 1696 sunt.
652 1655 781 1703 Quod
806 1654 839 1695 si
865 1653 1067 1694 maturius
1092 1653 1270 1708 pugnari
1295 1660 1492 1709 coeptum
1516 1659 1636 1701 esset,
1659 1659 1708 1694 ut

313 1713 411 1754 satis
441 1712 527 1753 diei
557 1712 783 1753 victoribus
816 1710 869 1752 ad
901 1710 1242 1767 persequendum
1275 1717 1520 1766 superesset,
1541 1709 1705 1751 deletae

314 1785 459 1811 omnes
498 1769 642 1825 copiae
682 1769 845 1810 forent:
891 1783 1005 1809 nunc
1040 1768 1266 1808 imminens
1300 1783 1386 1809 nox
1421 1775 1464 1808 et
1498 1766 1707 1822 fugientes

314 1827 433 1877 texit,
467 1836 510 1868 et
544 1826 748 1868 Romanis
782 1825 994 1882 pigritiem
1029 1825 1083 1866 ad
1118 1825 1382 1881 sequendum
1416 1824 1518 1866 locis
1553 1823 1708 1880 ignotis

313 1884 423 1925 fecit.
1485 1926 1489 1931 ,

167 1948 236 1986 43.
373 1941 550 1982 Perseus
571 1940 625 1981 ad
644 1940 827 1981 Pieriam
852 1939 996 1980 silvam
1017 1938 1084 1979 via
1104 1938 1286 1988 militari,
1307 1938 1519 1993 frequenti
1539 1937 1706 1993 agmine

106 2002 206 2042 Regis
218 2003 302 2042 fuga.
315 1998 506 2054 equitum
528 2006 570 2037 et
590 1997 705 2052 regio
727 1996 940 2045 comitatu,
962 1995 1081 2051 fugit.
1147 1995 1280 2037 Simul
1300 1995 1345 2036 in
1366 1995 1511 2036 silvam
1532 2004 1706 2036 ventum

315 2064 389 2104 est,
423 2054 496 2095 ubi
527 2053 667 2109 plures
699 2053 884 2094 diversae
921 2053 1091 2093 semitae
1125 2062 1256 2103 erant,
1290 2061 1333 2094 et
1364 2067 1450 2093 nox
1481 2067 1708 2108 appropln-

316 2112 495 2168 quabat3
525 2126 621 2151 cum
643 2110 861 2166 perpaucis
882 2109 1064 2150 maxime
1082 2109 1176 2151 fidis
1192 2110 1260 2151 via
1275 2109 1465 2151 devertit.
1514 2109 1705 2165 EquiteS,

316 2170 405 2210 sine
427 2168 534 2209 duce
556 2168 702 2216 relicti,
722 2167 791 2208 alii
812 2167 893 2208 alia
913 2167 957 2207 in
978 2166 1165 2208 civitates
1186 2183 1278 2208 suas
1299 2167 1449 2223 dilapsi
1469 2175 1588 2208 sunt:
1611 2182 1708 2223 per-

316 2225 439 2282 pauci
468 2225 566 2266 inde
589 2224 748 2266 Pellam
778 2224 965 2273 celerius,
988 2239 1115 2279 quam
1143 2224 1231 2280 ipse
1253 2225 1443 2274 Perseus,
1466 2224 1565 2280 quia
1593 2232 1739 2265 recta6

317 2282 516 2339 expedita
542 2282 609 2323 via
634 2282 781 2332 ierant,
804 2290 1097 2338 pervenerunt.
1162 2282 1258 2323 Rex
1285 2282 1339 2323 ad
1366 2281 1549 2323 mediam
1575 2281 1706 2323 ferme

317 2349 485 2381 noctem
521 2348 675 2380 terrore
717 2348 759 2380 et
793 2339 916 2380 variis
951 2338 1265 2380 difficultatibus
1296 2339 1386 2380 viae
1422 2346 1597 2380 vexatus
1631 2347 1704 2380 est.

319 2397 371 2438 In
392 2397 507 2452 regia
527 2396 693 2446 Perseo,
712 2397 785 2452 qui
807 2396 950 2437 Pellae
971 2405 1173 2451 praeerat,
1193 2396 1354 2438 Euctus
1374 2396 1564 2452 regiique
1586 2395 1707 2451 pueri

317 2463 481 2511 praesto
517 2462 645 2494 erant.
711 2453 873 2494 Contra
905 2468 955 2494 ea
989 2453 1230 2503 amicorum,
1265 2454 1352 2509 qui,
1387 2453 1458 2494 alii
1492 2452 1574 2494 alio
1609 2467 1708 2495 casu

362 2628 380 2655 4
403 2618 511 2647 Sacris
527 2617 603 2654 alis]
630 2617 668 2647 cf.
686 2616 779 2655 Supr.
796 2615 862 2645 xlii.
880 2615 930 2647 66.
1036 2619 1071 2645 ut
1087 2625 1170 2653 quae
1191 2614 1295 2654 prima
1315 2615 1441 2655 syllaba
1456 2614 1543 2645 vocis
1557 2615 1708 2654 expedita

363 2667 379 2698 5
404 2661 470 2690 Eos
493 2660 585 2698 Cotys
607 2660 815 2698 sequebatur]
849 2659 902 2688 Ita
924 2659 990 2688 Iac.
1036 2657 1216 2697 intercepta
1252 2657 1304 2694 sit,
1338 2658 1556 2696 reponendam
1594 2658 1709 2687 suadet

321 2701 504 2733 Gronovius
528 2700 711 2731 emendavit
735 2710 792 2739 pro
811 2701 895 2739 vulg.
920 2701 990 2731 Cos-
1037 2700 1232 2737 Gronovius,
1247 2700 1303 2729 sed
1321 2699 1431 2729 Livius
1450 2699 1627 2738 aliquando
1642 2700 1709 2729 duo

320 2750 406 2775 locus
437 2745 640 2783 sequebatur,
671 2753 771 2781 quum
801 2743 903 2781 Cotys
932 2752 987 2772 rex
1034 2742 1193 2773 adiectiva
1205 2741 1262 2772 uni
1273 2740 1407 2778 nomini,
1420 2741 1536 2771 omissa
1548 2740 1708 2780 particula

321 2787 519 2825 Odrysarum
540 2786 637 2815 fuisse
657 2795 742 2824 supr.
765 2784 831 2815 xlii.
853 2792 902 2823 51.
924 2794 988 2815 nic-
1035 2785 1227 2821 connexiva,
1267 2783 1446 2821 subiunxit,
1482 2787 1518 2814 ut
1557 2783 1707 2814 Draken-

319 2832 470 2858 moratur.
1034 2827 1185 2858 borchius
1199 2827 1300 2858 fusius
1312 2825 1550 2858 animadvertit.
1567 2826 1607 2858 cf.
1620 2835 1707 2865 supr.

362 2870 381 2901 6
404 2872 503 2902 Recta
529 2871 677 2910 expedita
709 2870 779 2907 via]
816 2869 990 2909 Copulam,
1035 2869 1055 2901 i.
1078 2879 1123 2907 14.
