1888 3194
656 161 747 203 Ex
789 161 1002 204 PETRI
1045 138 1402 206 ‘LAMBEen

330 257 341 273 ‘
358 266 463 307 quos
484 251 595 293 bono
611 251 795 308 quodam
815 253 941 309 genio
962 253 1007 294 in
1029 252 1294 296 Bibliotheca
1315 254 1588 296 Monasterii2
1609 254 1724 297 Lau-

330 314 342 332 ‘
358 308 517 358 risseni,
538 318 623 363 aut,
648 317 694 350 ut
714 309 876 366 vulgoss,
904 310 1134 361 Lorsensis,
1160 312 1316 367 reperit
1346 311 1545 354 SIMON
1574 311 1725 354 GRY-

331 371 343 389 ‘
360 365 581 416 NAEVS‚
605 366 695 416 Vir,
719 376 766 408 ut
795 368 840 407 in
871 368 986 409 omni
1013 383 1168 423 genere
1200 369 1415 411 literarum
1446 370 1550 411 citra
1579 385 1725 426 super-

330 428 343 446 ‘
359 423 501 464 cilium
531 423 731 473 eruditus,
754 425 813 465 ita
839 425 1118 481 provehendis
1149 426 1389 468 liberalibus
1413 427 1562 468 studiis
1587 436 1720 471 natus.

330 479 410 521 ‘Id
443 490 583 521 autem
617 480 926 522 BIonasterium
959 492 1021 523 est
1054 497 1076 523 e
1110 483 1281 538 regione
1310 484 1584 535 Wormaciae,
1613 485 1724 526 sive4

330 537 686 594 ‘Berbethomagi
719 548 831 579 trans
866 538 1069 580 Rhenum
1102 544 1149 580 a5
1184 539 1337 582 Carolo
1370 541 1532 598 Magno
1564 542 1724 598 septin-

330 600 343 618 ‘
356 595 493 651 gentis
514 595 666 636 abhinc
688 595 807 635 annis
828 604 871 636 et
891 611 941 636 eo
963 595 1141 650 amplius
1162 605 1435 648 exstructum,
1453 614 1500 640 ac
1521 598 1723 640 librorum

329 657 342 675 ‘
357 652 640 708 copiosissima
684 651 943 707 supellectile
987 652 1249 694 instructum.
1313 654 1428 695 Nam
1472 656 1576 697 haec
1621 656 1724 697 olim

329 709 581 764 ‘praecipua
614 723 712 748 cura
743 708 991 764 Principum
1023 709 1115 758 fuit,
1144 718 1186 750 et
1216 710 1284 750 hic
1318 711 1424 752 solet
1451 727 1539 753 esse
1567 712 1723 754 charis-

329 772 341 789 ‘
358 766 487 807 simus
512 765 825 805 Coenobiorum
859 765 1087 806 thesaurus.
1152 766 1447 823 Archetypum
1475 777 1563 809 erat
1590 770 1724 810 admi-

329 829 341 846 ‘
356 822 511 863 randae
535 822 764 870 vetustatis,
787 822 923 877 prisco
945 837 1059 863 more
1081 833 1285 879 perpetua
1305 824 1518 866 literarum
1539 826 1644 867 serie
1665 826 1725 867 ita

330 886 341 903 ⁶
357 880 587 934 depictum,
611 891 658 919 ut
679 879 971 920 difficillimum
992 879 1119 921 fuerit
1140 881 1312 922 verbum
1335 897 1359 922 a
1378 882 1505 924 verbo
1527 882 1723 924 dirimere

328 936 435 977 ‘nisi
466 936 604 985 docto,
639 944 813 987 attento,
848 946 890 977 et
925 937 970 977 in
1005 937 1085 978 hoe
1118 937 1256 993 ipsum
1290 939 1530 981 exercitato.
1594 939 1723 981 Unde

328 1000 340 1017 ‘
355 1009 441 1034 non
463 1008 612 1049 parum
633 994 792 1049 negotii
813 993 892 1034 fuit
920 994 964 1034 in
992 995 1178 1050 parando
1199 996 1441 1051 exemplari,
1465 996 1581 1052 quod
1603 1007 1724 1054 typo-

329 1050 564 1106 ‘graphicis
593 1052 729 1106 operis
761 1050 995 1092 traderetur
1025 1052 1257 1094 utendum:
1297 1068 1375 1094 nec
1412 1054 1573 1095 minore
1610 1069 1722 1105 cura,

328 1114 340 1132 ‘
356 1123 481 1164 quam
504 1108 601 1157 fide,
623 1107 894 1163 advigilatum
917 1118 991 1157 est,
1014 1111 1092 1150 ne6
1112 1125 1287 1165 usquam
1309 1110 1353 1151 in
1374 1110 1650 1153 describendo
1671 1112 1723 1153 ab

329 1172 339 1189 ‘
355 1165 584 1221 archetypo
605 1165 898 1206 recederetur!
958 1165 1079 1207 Haec
1098 1166 1306 1208 Erasmus.
1372 1167 1458 1209 Ubi
1475 1168 1647 1224 quidem
1663 1168 1721 1218 id,

327 1223 444 1278 quod
466 1223 518 1263 de
541 1222 786 1263 admiranda
806 1231 1011 1263 vetustate
1030 1233 1072 1264 et
1089 1223 1334 1265 difficillima
1350 1224 1530 1266 lectione
1551 1225 1723 1266 Codicis

327 1280 446 1320 istius
468 1279 636 1320 Liviani
653 1279 790 1328 refert,
810 1280 982 1320 omnino
1003 1295 1147 1321 verum
1166 1289 1239 1330 est,
1259 1290 1301 1322 et
1317 1282 1448 1322 cuivis
1465 1283 1591 1324 etiam
1608 1297 1722 1324 nunc

326 1352 403 1393 pro
430 1337 567 1377 lubitu
597 1336 697 1377 licet
729 1351 899 1377 cernere
916 1352 926 1385 3
961 1352 1067 1392 quae
1100 1347 1316 1393 praeterea
1347 1347 1488 1380 autem
1521 1340 1640 1380 addit
1669 1340 1722 1381 de

329 1393 603 1443 Monasterio,
627 1394 671 1434 in
694 1409 778 1449 quo
800 1393 912 1434 idem
938 1393 1088 1435 Codex
1109 1410 1134 1435 a
1157 1394 1356 1451 Grynaeo
1377 1404 1568 1451 repertus
1589 1404 1664 1446 est,
1681 1405 1724 1437 et

327 1450 380 1492 de
422 1451 607 1492 editione
646 1450 877 1491 Basileensi
914 1450 1188 1501 Frobeniana,
1230 1467 1314 1507 qua
1353 1453 1542 1509 quinque
1584 1453 1722 1494 ultimi

327 1508 422 1549 libri
444 1508 628 1564 primum
649 1507 816 1563 publice
840 1507 1018 1549 exhibiti
1040 1517 1149 1557 sunt,
1169 1524 1217 1549 ea
1233 1518 1353 1550 caute
1376 1509 1566 1566 legenda,
1584 1525 1723 1566 neque

327 1566 484 1620 absque
517 1564 947 1606 animadversionibus
978 1566 1285 1621 praetereunda
1313 1575 1422 1607 sunt.
1490 1566 1619 1616 Quod
1639 1568 1724 1623 pri-

326 1637 445 1662 mum
479 1622 593 1662 enim
629 1621 683 1662 ad
719 1637 875 1662 nomen
910 1621 1029 1663 istius
1066 1622 1317 1664 Monasterii
1352 1624 1515 1675 attinet,
1552 1634 1725 1666 vocatur

326 1679 431 1720 illud
462 1679 703 1735 perperam7
733 1678 1044 1728 Laurissenum,
1068 1688 1110 1720 et
1139 1680 1284 1730 Lorse,
1306 1695 1450 1722 revera
1479 1691 1621 1722 autem
1651 1696 1724 1738 ap-

325 1736 571 1792 pellandum
613 1740 697 1777 est⁸
740 1736 1080 1777 Laurisheimum
1123 1737 1208 1778 sive
1252 1737 1606 1789 Laurishaimum,
1642 1738 1722 1789 vel,

327 1794 559 1834 secundum
593 1803 832 1850 corruptam
860 1793 975 1850 vulgi
1008 1794 1381 1836 consuetudinem⁹
1410 1795 1583 1837 Lorsch.
1649 1796 1725 1838 Se-

327 1851 466 1892 cundo
487 1851 636 1892 falsum
658 1860 733 1901 est,
756 1850 1063 1892 Monasterium
1087 1851 1193 1893 illud
1214 1861 1276 1893 est
1295 1853 1519 1894 fundatum
1541 1853 1593 1895 ab
1614 1852 1720 1910 Imp.

327 165 414 202 412

373 2019 388 2039 π
415 2010 488 2040 Imo
506 2009 805 2040 Laurisheimensis.

373 2061 390 2091 3
415 2052 488 2081 Imo
507 2052 639 2082 Lorsch.

372 2104 391 2130 4
415 2093 488 2123 Imo
527 2093 766 2132 Borbetomagi.
827 2093 878 2123 Sic
917 2092 1003 2122 enim

328 2136 415 2174 apud
434 2135 659 2165 Ptolemaeum
677 2135 861 2174 Geograph.
880 2135 933 2165 lib.
952 2135 1001 2164 II.

329 2188 399 2216 cap.
424 2177 491 2208 IX.
514 2178 629 2217 legitur
652 2176 903 2215 Βορβητόμαγος.
950 2176 1003 2206 Ex

329 2219 586 2258 Borbetomagus
609 2224 718 2249 autem
738 2219 829 2248 initio
852 2229 908 2257 per
930 2228 1001 2257 syn-

330 2272 432 2300 copen
456 2262 579 2291 factum
603 2265 649 2291 est
674 2262 863 2299 Bormagus,
886 2260 1002 2290 deinde

330 2314 404 2334 vero
427 2314 483 2342 per
506 2303 719 2333 mutationem
742 2303 771 2333 B
791 2304 824 2332 in
842 2303 886 2333 W
907 2303 1002 2332 VVor—

329 2356 442 2385 magus
464 2350 496 2375 et
519 2346 651 2375 tandem
675 2346 818 2383 XVorms,
838 2346 923 2384 quod
947 2355 1001 2375 no-

329 2398 403 2418 men
421 2388 516 2427 vulgo
532 2398 617 2417 nunc
634 2387 666 2417 in
682 2398 741 2417 usu
757 2392 814 2418 est.

374 2439 390 2468 5
417 2431 489 2460 Imo
527 2440 546 2459 a
584 2430 739 2467 Caucore,
770 2429 887 2459 comite
923 2429 1002 2469 Pagi

330 2472 513 2503 Rhenensis
534 2472 599 2501 sive
616 2472 830 2511 Rhingoviae,
846 2476 878 2502 et
899 2476 1001 2502 matre

330 2515 430 2554 ipsius
454 2514 682 2549 Williswinda„
703 2525 787 2544 anno
811 2514 1003 2544 duodecimo

330 2556 437 2596 Regni
455 2556 576 2595 Pipini‚
594 2557 692 2595 patris
708 2556 816 2587 Caroli
835 2556 957 2595 Magni.

373 2598 392 2629 6
409 2599 612 2630 Contrarium
629 2603 763 2637 apparet
777 2609 816 2629 ex
830 2599 1003 2629 collatione

330 2641 431 2681 ipsius
448 2640 636 2679 Arehetypi.
814 2652 816 2654 ·

377 2690 392 2722 7
410 2683 543 2722 Legitur
554 2683 684 2722 quidem
697 2682 795 2713 etiam
808 2683 896 2722 apud
910 2683 1002 2713 Ioan.

331 2725 547 2756 Trithemium
586 2725 617 2754 in
650 2725 812 2756 Chronico
847 2724 1002 2764 Sponhei-

331 2768 432 2798 mensi
453 2768 494 2797 ad
515 2777 636 2797 annum
656 2776 745 2805 1232.
772 2767 930 2803 Laurissa‚
947 2767 1002 2796 sed

331 2819 468 2840 errorem
496 2809 582 2839 hunc
606 2809 749 2848 agnoscit
773 2809 852 2848 ipse,
880 2812 911 2839 et
936 2819 1001 2838 cor-

331 2851 404 2891 rigit
419 2851 452 2882 in
468 2851 629 2883 Chronico
645 2851 876 2891 Hirsaugiensi‚
888 2854 1002 2890 utpote

331 2894 386 2925 uhi
424 2895 464 2925 ad
502 2895 642 2924 eundem
686 2893 750 2924 iam
788 2897 1000 2924 memoratum

1047 2018 1167 2038 annum
1187 2018 1198 2037 1
1207 2018 1221 2037 2
1226 2017 1243 2046 3
1250 2017 1275 2038 2.
1290 2007 1375 2038 idem
1389 2008 1625 2040 Monasterium
1637 2012 1724 2040 recte

1049 2053 1143 2080 vocat
1162 2050 1453 2081 Laurishaimense.

1091 2092 1109 2121 8
1129 2092 1215 2122 Vide
1231 2092 1337 2131 ipsum
1353 2092 1522 2131 antiquum
1536 2092 1723 2124 Chronicon

1048 2133 1358 2171 Laurischeimense‚
1381 2145 1401 2164 a
1425 2135 1622 2173 Marquardo
1647 2135 1723 2166 Fre-

1046 2176 1124 2206 hero
1144 2176 1269 2206 editum
1289 2181 1378 2206 tomo
1402 2177 1505 2215 primo
1523 2178 1724 2217 Scriptorum

1046 2228 1152 2247 rerum
1185 2218 1450 2249 Germanicarum
1466 2231 1473 2250 z
1512 2220 1568 2249 ubi
1602 2224 1723 2258 tamen,

1047 2270 1104 2299 pro
1129 2260 1330 2290 Laurisheim
1351 2261 1417 2291 sive
1435 2261 1649 2300 Laurishaim,
1665 2262 1723 2292 ali-

1047 2302 1172 2341 quoties
1198 2307 1348 2342 corrupte
1371 2303 1489 2343 legitur
1513 2304 1722 2335 Lauresharn.

1048 2344 1198 2375 Graviter
1224 2346 1323 2376 etiam
1351 2350 1434 2376 errat
1460 2346 1593 2377 Gabriel
1618 2347 1722 2377 Buce-

1046 2386 1142 2423 linus,
1159 2389 1236 2418 dum
1258 2388 1289 2417 in
1314 2388 1571 2419 Nomenclatura
1592 2389 1721 2419 Monas-

1046 2429 1197 2459 teriorum
1212 2430 1408 2461 Germaniae
1425 2441 1464 2460 ex
1480 2432 1575 2461 unico
1591 2431 1722 2461 Monas-

1045 2472 1125 2502 terio
1138 2472 1339 2503 Laurisheim
1349 2472 1426 2503 facit
1436 2477 1588 2512 quattuor
1598 2472 1723 2503 diversa

1048 2514 1258 2551 Monasteria,
1270 2525 1388 2553 nempe
1403 2514 1624 2551 Lauresheim‚
1638 2515 1722 2545 Lau-

1047 2556 1176 2594 riscum,
1199 2557 1394 2594 Laurissam‚
1415 2560 1447 2586 et
1471 2556 1632 2586 Larissam
1655 2556 1722 2587 sive

1048 2599 1221 2635 Tarissam,
1242 2608 1378 2638 quorum
1402 2600 1466 2628 tria
1489 2598 1666 2637 posteriora
1687 2599 1721 2629 in

1046 2651 1152 2671 rerum
1178 2644 1294 2670 natura
1323 2650 1490 2679 nunquam
1517 2640 1721 2679 exstiterunt,

1047 2683 1102 2713 sed
1117 2693 1204 2712 mere
1220 2682 1334 2712 fictitia
1350 2685 1435 2713 sunt.

1089 2734 1108 2765 9
1134 2725 1186 2754 Ex
1225 2724 1428 2754 Laurisheim
1466 2723 1617 2755 videlicet
1654 2724 1721 2755 sive

1048 2766 1249 2797 Laurishaim
1266 2766 1357 2796 initio
1373 2776 1430 2806 per
1446 2767 1660 2797 mutationem
1675 2778 1721 2798 au

1046 2808 1078 2838 in
1109 2819 1125 2839 o
1155 2808 1276 2838 factum
1310 2812 1356 2838 est
1384 2808 1576 2846 Lorisheim‚
1603 2808 1720 2840 deinde

1046 2854 1166 2924 {utemh
1173 2850 1286 2882 Lorish
1306 2860 1362 2882 seu
1378 2850 1523 2889 Lorisch,
1539 2854 1572 2882 et
1588 2851 1719 2882 tandem

1077 2903 1144 2924 orsc
1171 2916 1178 2925 .
