1888 3194
357 174 440 212 408
850 170 1259 213 PRAEFATIO

417 275 656 327 Praeterea,
678 292 732 318 ne
757 277 861 334 quid
891 278 998 319 libro
1028 293 1115 320 non
1145 278 1234 318 sine
1266 275 1602 332 interpellatione
1633 290 1658 316 a
1685 289 1754 316 me

363 346 598 402 conscripto
626 354 669 387 et
695 361 856 387 nonum
884 361 1016 402 paene
1049 347 1095 387 in
1127 361 1283 387 annum
1311 359 1453 401 presso
1474 344 1617 385 deesse
1637 337 1754 384 vide—

364 422 491 464 retur,
514 423 595 455 tres
625 414 770 455 addidi
800 415 971 464 indices,
994 415 1177 471 primum
1207 414 1394 456 locorum
1415 412 1528 454 Livii
1558 411 1755 453 aliorum-

365 496 448 537 que
489 482 749 538 scriptorum,
786 482 839 523 de
876 483 1029 538 quibus
1071 482 1206 523 obiter
1246 482 1291 522 in
1332 481 1412 522 hoc
1454 480 1561 522 libro
1603 478 1753 535 agitur,

364 549 541 591 alterum
581 565 721 591 rerum
760 559 803 592 et
837 552 1071 600 verborum,
1108 551 1279 592 tertium
1313 548 1611 591 vocabulorum
1646 562 1671 588 a
1703 546 1756 587 li-

364 617 509 658 brariis
529 626 873 673 permutatorum,
896 633 1023 673 quem
1045 617 1114 658 alii
1139 617 1286 658 utilem
1307 626 1350 658 et
1370 616 1662 664 necessarium,
1685 613 1755 655 alii

364 684 559 726 inutilem
580 694 622 725 et
643 699 997 740 supervacaneum
1019 699 1108 725 esse
1130 684 1390 725 iudicabunt.
1443 683 1525 724 His
1545 682 1755 723 indicibus

365 752 563 807 denique,
586 766 717 807 quum
739 752 783 791 in
805 759 921 792 tanta
940 766 1093 801 rerum,
1116 766 1223 807 quae
1244 751 1324 791 hoc
1344 750 1451 791 libro
1471 749 1754 798 continentur,

364 821 563 860 varietate
592 819 725 860 multa
745 818 812 859 vel
839 819 1040 860 mutanda
1059 818 1126 860 vel
1158 818 1421 859 retractanda
1445 833 1532 859 esse
1561 817 1757 858 intellex-

364 888 487 928 issem
529 896 572 929 et
612 887 655 927 in
699 887 926 943 scripturae
962 887 1201 928 diversitate
1245 902 1269 927 a
1304 885 1401 928 Nic.
1433 885 1667 927 Carbachio
1702 900 1757 927 ex

365 955 509 996 codice
532 954 791 1011 Moguntino
813 964 992 1005 enotata,
1015 970 1141 1011 quam
1163 970 1224 1004 ea,
1243 969 1327 1010 qua
1346 969 1421 1010 par
1441 962 1516 1003 est,
1538 953 1758 1009 diligentia

363 1023 636 1078 repetendam
681 1023 835 1072 curavi,
877 1023 1018 1064 denuo
1060 1022 1341 1064 examinanda
1381 1021 1513 1063 multo
1555 1021 1757 1063 maiorem

364 1107 490 1147 quam
512 1100 716 1147 putaram,
739 1091 1077 1132 Drakenborchii
1105 1091 1149 1130 in
1174 1090 1430 1131 editionibus
1451 1090 1635 1145 antiquis
1656 1104 1757 1131 con-

363 1159 546 1200 ferendis
574 1159 873 1215 negligentiam
897 1159 1023 1200 fuisse
1052 1158 1449 1208 animadvertissem,
1472 1157 1687 1199 Addenda
1712 1165 1756 1198 et

367 1226 631 1282 Corrigenda
651 1227 821 1276 subieci,
845 1242 951 1282 quae
977 1227 1062 1267 suis
1083 1242 1274 1283 quaeque
1302 1226 1405 1267 locis
1432 1226 1608 1267 lectores
1629 1225 1755 1267 velim

363 1296 601 1352 respiciant.

425 1365 554 1412 Quod
585 1364 795 1420 reliquum
828 1372 901 1413 est,
936 1379 1022 1404 non
1057 1363 1138 1404 nisi
1170 1379 1194 1404 a
1226 1363 1368 1419 peritis
1400 1362 1614 1403 literarum
1647 1361 1754 1402 anti-

363 1446 541 1488 quarum
586 1431 951 1480 existimatoribus,
994 1431 1068 1486 qui
1111 1430 1283 1486 quidem
1328 1444 1487 1478 eorum,
1529 1443 1634 1484 quos
1677 1443 1754 1484 pro

361 1500 486 1541 huius
526 1500 681 1541 saeculi
720 1499 902 1548 lleentia,
940 1507 987 1539 ut
1024 1498 1188 1554 Tarpae
1224 1506 1363 1553 partes
1398 1496 1639 1552 suscipiant,
1678 1496 1756 1537 tal-

361 1583 509 1624 parum
542 1568 626 1609 ritu
659 1583 712 1608 ex
745 1567 877 1608 caecis
909 1566 1092 1607 latibulis
1124 1580 1347 1621 prorepere
1378 1565 1564 1620 aliosque
1596 1564 1640 1605 in
1672 1564 1756 1606 cla-

362 1636 522 1676 rissima
548 1635 609 1676 rei
638 1634 828 1691 publicae
856 1634 949 1676 luce
972 1634 1126 1675 versari
1153 1633 1295 1675 solitos
1321 1632 1553 1674 maledictis
1581 1640 1624 1673 et
1654 1647 1755 1673 con-

363 1703 545 1744 tumeliis
589 1704 783 1744 insectari
833 1703 959 1752 iuvat,
1005 1702 1131 1758 longe
1177 1701 1398 1742 dissimiles
1442 1700 1495 1741 de
1541 1699 1656 1741 libris
1701 1699 1755 1741 ad

363 1772 636 1813 humanitatis
663 1771 802 1812 studia
827 1771 1135 1827 pertinentibus
1165 1769 1406 1811 humaniter
1434 1769 1636 1818 iudicant,
1658 1783 1755 1824 pro-

361 1840 450 1881 bari
486 1848 529 1881 et
563 1839 802 1888 collaudari,
836 1838 899 1879 vel
937 1838 1163 1894 improbari
1198 1847 1241 1878 et
1272 1836 1499 1893 vituperari
1533 1836 1750 1893 discupio:

360 1907 536 1948 barones
568 1907 744 1948 insulsos
777 1906 1050 1955 asellorum³0,
1080 1905 1250 1946 leonina
1278 1904 1387 1961 pelle
1419 1904 1753 1960 superbientium

362 2069 437 2089 usus
452 2068 535 2095 sum,
546 2059 627 2088 haec
643 2061 689 2088 est
706 2056 798 2093 ratio,
810 2060 846 2086 ut
860 2057 932 2086 Cod.
944 2057 1033 2094 Moy.
1058 2053 1063 2058 “

362 2100 505 2130 codicem
528 2100 769 2139 Moguntinum,
786 2099 859 2129 Cod.
877 2098 942 2127 sive
960 2098 1032 2127 Cod.

361 2143 474 2173 Bamb.
499 2141 644 2171 codicem
668 2141 951 2179 Bambergensem,
973 2141 1033 2169 As·

362 2195 447 2215 cenS.
461 2184 635 2213 editionem
648 2183 875 2212 Ascensianam
889 2191 917 2211 a.
933 2189 1035 2219 1513„

362 2228 451 2264 Illoy.
465 2225 638 2255 editionem
652 2224 878 2263 Moguntinam
891 2233 918 2253 a.
934 2224 1035 2260 1518„

361 2269 436 2297 ΑΜ.
476 2267 651 2297 editionem
682 2266 836 2296 Aldinam
866 2275 894 2294 a.
933 2273 1034 2302 1520.9

363 2311 470 2340 Colon.
517 2309 691 2339 editionem
730 2307 960 2338 coloniensem
1004 2317 1032 2336 a.

366 2359 469 2390 1525„
491 2352 585 2381 Frob.
613 2360 638 2380 1.
667 2349 840 2379 editionem
870 2348 1033 2378 Basileen-

363 2403 429 2424 sem
451 2403 479 2423 a.
500 2401 602 2431 1531„
617 2393 711 2422 Frob.
731 2401 757 2421 2.
775 2391 948 2421 editionem
972 2391 1032 2420 Ba-

363 2436 532 2465 sileensem
557 2445 584 2465 a.
617 2443 718 2473 1535„
745 2435 833 2464 Rom..
859 2433 1032 2463 editionem

363 2477 435 2507 libri
465 2476 615 2507 tricesimi
646 2476 732 2505 tertii
763 2475 941 2514 principem
968 2475 1033 2505 sive

363 2520 547 2550 Romanam
564 2529 592 2549 a.
613 2517 715 2554 1616„
730 2529 831 2556 mary.
847 2519 936 2547 Rom.
955 2517 1032 2547 Bar—

362 2561 480 2591 tholini
511 2564 542 2590 et
571 2560 767 2599 Quaerengii
794 2559 1034 2590 emendationes

362 2603 396 2633 in
412 2603 562 2633 editionis
577 2603 747 2633 Romanae
767 2602 909 2640 margine
929 2601 1032 2631 adiec-

362 2649 422 2683 tas,
458 2646 562 2675 Dralt‘.
608 2644 780 2674 editionem
828 2643 1033 2674 Drakenbor—

363 2688 523 2724 chianam,
540 2688 637 2717 Goell.
655 2686 841 2716 varietatem
858 2685 1033 2716 lectionum

362 2740 382 2760 a
408 2729 560 2760 Goellero
587 2729 720 2767 eiusque
746 2728 831 2758 socio
856 2738 896 2758 ex
925 2727 1034 2758 codice

362 2771 591 2811 Bambergensi
628 2774 825 2809 excerptam,
863 2774 893 2800 et
931 2771 1031 2800 Beklc.

362 2813 535 2844 editionem
583 2812 820 2843 Bekkerianam
866 2811 1031 2850 significet.

1080 2055 1251 2084 Praeterea
1267 2053 1367 2083 literis
1381 2064 1462 2085 corr.
1478 2055 1669 2085 mendorum
1686 2065 1752 2085 cor-

1078 2096 1236 2126 rectiones
1259 2096 1292 2125 in
1318 2096 1427 2126 codice
1452 2096 1682 2136 Bambergensi
1705 2107 1752 2128 re-

1078 2141 1186 2177 pertas
1201 2137 1388 2177 significavi,
1404 2141 1437 2167 et
1453 2139 1617 2168 vocabulis
1632 2138 1753 2170 lineola

1079 2180 1268 2219 interposita
1285 2179 1466 2210 dividendis
1485 2181 1621 2211 alteram
1641 2191 1752 2212 eorum

1079 2226 1203 2260 partem
1220 2221 1252 2251 in
1266 2222 1329 2251 fine
1343 2232 1461 2259 versus,
1473 2223 1607 2253 alteram
1620 2222 1653 2253 in
1666 2223 1752 2263 prin-

1080 2264 1163 2302 cipio
1188 2264 1385 2302 insequentis
1409 2275 1428 2294 a
1453 2264 1599 2302 librariis,
1620 2266 1674 2304 qui
1700 2275 1751 2296 co·-

1078 2306 1183 2336 dicem
1209 2306 1478 2345 Bambergensem
1503 2307 1750 2347 exscripserunt,

1079 2348 1216 2387 positam
1234 2358 1301 2378 esse
1318 2348 1466 2379 indicavi.

1121 2399 1162 2428 30
1179 2391 1384 2420 Vocabulum
1401 2392 1541 2428 Asellus,
1553 2392 1640 2430 quod
1653 2392 1750 2423 Clau-

1078 2432 1148 2463 diae
1161 2433 1303 2462 familiae
1316 2443 1492 2472 cognomen
1505 2433 1600 2463 fuisse
1613 2437 1750 2472 constat,

1077 2475 1163 2514 apud
1190 2475 1368 2511 Romanos,
1393 2475 1448 2514 qui
1473 2475 1618 2505 homines
1639 2476 1750 2506 brutos

1077 2522 1107 2547 et
1125 2517 1257 2547 stolidos
1273 2527 1337 2546 non
1349 2518 1455 2547 asinos
1471 2520 1501 2547 et
1518 2518 1619 2554 boves,
1630 2521 1668 2547 ut
1680 2527 1749 2555 nos,

1078 2560 1133 2589 sed
1170 2569 1315 2590 verveces
1358 2559 1580 2598 appellabant,
1618 2560 1749 2599 vulgare

1078 2601 1257 2631 convicium
1278 2601 1385 2636 fuisse,
1403 2601 1604 2631 Hauthalius
1626 2612 1657 2640 p.
1677 2602 1747 2641 380.

1078 2653 1122 2681 sq.
1151 2653 1316 2682 perperam
1343 2642 1493 2681 opinatus
1518 2646 1565 2672 est
1590 2646 1688 2682 atque
1715 2654 1749 2674 se

1078 2685 1194 2714 Latine
1210 2684 1330 2714 nescire
1346 2684 1415 2723 ipse
1430 2684 1580 2723 prodidit.
1626 2685 1749 2717 Contra

1078 2728 1117 2757 de
1141 2727 1256 2757 misero
1281 2726 1504 2763 versificatore,
1529 2727 1584 2766 qui
1611 2728 1747 2767 syllaba-

1076 2779 1145 2798 rum
1170 2768 1384 2807 quantitatem
1407 2768 1532 2808 ignorat
1556 2773 1587 2799 et
1610 2770 1747 2800 vocabu-

1077 2812 1179 2841 lorum
1202 2814 1344 2841 monstra
1364 2814 1521 2849 procreat,
1536 2811 1647 2842 tritum
1664 2811 1747 2842 illud
