1888 3194
211 168 592 212 EDITIONIS
634 167 1400 211 DRAKENBORCHIANAE.
1452 172 1533 212 611

199 257 299 299 Lm.
324 257 496 299 XLIII.
529 257 635 311 Cap.
659 259 699 298 2.
723 255 983 313 repeterent]
1000 263 1214 312 peterent.
1232 281 1289 286 —-
1308 257 1417 299 Ibid.
1441 273 1538 300 con-

139 315 294 356 sultum
315 313 476 369 tamen]
500 315 744 355 consultum.
767 338 824 343 —
846 313 953 366 Cap.
976 315 1017 354 3.
1046 313 1155 368 esse]
1171 314 1333 368 fuisse.
1351 338 1408 342 —
1424 315 1534 364 Ibid,

146 371 315 412 Gulusa
345 372 536 426 regulus,
563 371 831 412 Blasinissae
854 369 992 425 filius]
1027 370 1232 419 Gulussa,
1265 370 1480 412 Masiniss

140 428 261 483 regis
285 428 420 482 filius.
442 427 626 469 —Ibid.
661 428 861 469 habeant.
924 427 1059 468 Hanc
1089 428 1201 468 iniec
1228 426 1300 480 **]
1331 428 1536 468 habeant·

138 483 319 538 —Cap.
348 484 387 525 4.
418 485 472 510 ἕ*
501 486 554 525 tis
586 484 766 538 tantum]
799 485 883 510 *²³³*
906 490 1081 525 tantum.
1099 483 1286 524 —Ibid.
1309 484 1538 538 petierint]

131 543 367 596 petierunt.
387 565 445 570 ——
466 541 576 582 Ibid.
600 541 790 596 Indigna
822 556 891 582 res
919 541 1084 582 senatui
1112 539 1224 594 visa]
1255 541 1446 596 Indigna
1474 555 1540 582 se-

138 598 261 638 natui
284 598 387 639 visa.
402 622 460 626 —
474 597 582 652 Cap.
602 600 639 639 5.
663 599 751 639 Sub
773 599 883 639 idem
904 597 1089 653 tempus]
1113 597 1202 638 Sub
1224 598 1272 638 id
1289 604 1465 652 tempus.
1482 621 1540 626 —

140 653 247 709 Cap.
270 655 311 695 6.
341 661 382 695 et
402 654 711 710 Lampsaceni]
735 655 1038 710 Lampsaceni.
1060 678 1117 683 —
1137 653 1248 695 Ibid.
1278 654 1538 707 reciderent]

139 712 644 766 reciperentur.—Ibid.
675 718 717 753 ct
747 727 857 767 quae
884 713 977 766 ipse
1007 712 1119 752 ultro
1139 712 1366 766 pollicitus
1386 711 1460 765 sit]
1485 726 1539 752 ac

140 783 252 823 quae
272 768 367 824 ipse
388 769 499 809 ultro
514 769 742 824 pollicitus
763 769 831 810 sit.
849 793 906 797 —
923 768 1029 822 Cap.
1054 769 1091 809 7.
1115 768 1300 822 naviter]
1320 769 1536 824 gnaviter.

139 847 196 855 -
218 824 327 866 Ibid.
355 841 481 880 quam
495 826 594 881 fide
619 827 828 867 decedant
844 845 859 873 ‚·
889 826 968 874 sic,
992 824 1123 880 quod]
1158 841 1281 880 quam
1309 840 1354 866 se
1382 826 1539 866 dedant

141 881 282 923 Persi.
350 883 684 928 Quom-Ibid.
722 883 949 938 spoliaque
983 882 1228 937 sacrilegii]
1266 882 1539 938 spoliataque

138 940 402 994 sacrilegiis.
422 963 477 968 —
495 939 604 980 Ibid.
620 941 750 995 pensi
771 939 846 993 sit]
862 939 1005 994 pensi.
1021 964 1078 968 —
1092 938 1197 994 Cap.
1217 940 1254 980 8.
1278 939 1387 980 socii
1409 945 1539 994 atque

138 995 286 1049 amici]
328 997 460 1037 sociis
494 1003 624 1050 atque
657 996 1014 1050 amicis.—Cap.
1056 996 1094 1036 9.
1137 996 1203 1037 M.
1228 996 1440 1049 Raecius]
1483 996 1537 1041 Q.

139 1052 357 1094 Maenius.
373 1076 429 1082 —-
447 1052 557 1093 Ibid.
593 1052 826 1106 tutaretur]
869 1058 1122 1095 tutarentur.
1140 1077 1198 1081 —
1214 1052 1320 1107 Cap.
1358 1054 1422 1093 10.
1459 1053 1538 1094 sub

139 1109 229 1150 ictu
250 1108 343 1161 teli]
372 1109 450 1150 sub
477 1109 595 1150 iactu
626 1109 715 1150 teli.
733 1109 913 1162 ——Cap.
943 1110 1004 1149 ll.
1038 1124 1088 1149 nc
1122 1109 1226 1164 qua]
1259 1125 1310 1151 ne
1342 1124 1539 1165 quae.—

138 1165 252 1207 lbid.
295 1165 524 1207 Kalendas
568 1165 855 1219 Februarias]
902 1165 1132 1207 Kalendas
1181 1166 1464 1221 Septembres.
1482 1192 1535 1199 —-

140 1222 247 1277 Cap.
274 1223 338 1263 1⁶2.
361 1238 416 1264 ex
438 1223 574 1264 Italia
598 1223 817 1278 quinyenu'
837 1223 971 1263 scribi
992 1222 1117 1276 iussi]
1141 1237 1196 1263 ex
1217 1224 1355 1264 Italia
1369 1222 1539 1265 *scribi

139 1280 259 1321 iussi.
276 1304 335 1310 —
352 1279 460 1320 Ibid.
497 1280 691 1335 peditum
733 1280 866 1335 quina
910 1280 1047 1321 millia
1088 1281 1254 1329 duceni,
1295 1287 1336 1321 et
1378 1281 1539 1321 treceni

139 1335 324 1393 equites]
349 1338 545 1393 peditum
577 1338 710 1392 quina
741 1337 891 1384 millia,
919 1337 1077 1378 treceni
1105 1343 1147 1378 et
1176 1338 1331 1378 triceni
1361 1337 1536 1392 equites.

139 1418 197 1423 —
216 1395 322 1449 Cap.
351 1395 413 1435 13.
437 1410 489 1436 ea
503 1409 591 1450 pro
614 1394 803 1449 indignis
823 1393 999 1448 habere]
1023 1409 1177 1449 capro
1199 1395 1344 1450 dignis
1364 1395 1536 1436 habere.

139 1475 198 1482 ·-—-
215 1450 325 1492 Ibid.
362 1452 407 1492 in
442 1451 663 1506 impluvio]
700 1451 902 1506 inpluvio.
922 1474 974 1480 —
994 1451 1103 1492 Ibid.
1142 1452 1380 1501 ediderunt,
1417 1458 1456 1492 et
1494 1458 1539 1492 ut

140 1509 405 1564 supplicatio
418 1507 572 1562 fieret]
605 1514 645 1548 et
670 1509 942 1556 addiderunt,
966 1514 1009 1549 ut
1038 1509 1299 1564 supplicatio
1315 1509 1464 1563 fieret.
1482 1533 1540 1538 —

142 1565 251 1619 Cap.
278 1566 340 1606 14.
356 1565 607 1620 praetores]
632 1565 808 1606 tribuni.
823 1588 878 1594 —
895 1565 1005 1606 Ibid.
1025 1566 1083 1606 Id
1103 1572 1146 1606 ut
1169 1566 1232 1606 ita
1249 1580 1342 1606 esse
1358 1565 1537 1619 scirent]

141 1622 200 1663 Id
223 1623 287 1663 ita
318 1628 361 1662 ut
388 1637 481 1663 esse
511 1622 683 1662 scirent.
703 1646 759 1652 —
776 1621 887 1662 Ibid.
905 1621 1126 1676 prodibis]
1147 1623 1338 1676 prodito.
1380 1622 1535 1664 —lbid.

142 1694 262 1734 quem
284 1679 351 1719 his
376 1679 624 1720 censoribus
645 1679 927 1732 magistratus
948 1678 1181 1731 habebunt]
1211 1694 1331 1733 quem
1353 1680 1424 1720 hic
1446 1695 1535 1720 cen-

139 1750 261 1777 sores
291 1737 591 1789 magislralum
621 1735 1043 1776 habebunt.—Ibid.
1075 1736 1118 1776 in
1146 1736 1372 1787 delectum]
1401 1737 1443 1777 in
1471 1737 1542 1778 de-

140 1793 266 1834 lecta.
281 1817 338 1822 —
355 1793 462 1847 Cap.
492 1794 555 1833 15.
572 1792 768 1847 patiens]
785 1793 995 1847 patiente.
1012 1816 1067 1822 —
1082 1792 1194 1833 Ibid.
1218 1792 1420 1846 consulis]
1444 1808 1542 1834 con-

140 1849 438 1904 suli—Cap.
474 1851 536 1890 16.
576 1849 700 1894 Quae
725 1850 907 1904 publica
944 1850 1179 1904 vectigalia
1215 1856 1290 1890 aut
1322 1851 1432 1891 ultro
1463 1851 1541 1891 tri-

142 1905 262 1960 buta]
307 1907 430 1952 Quae
454 1907 634 1962 publica
666 1907 898 1960 vectigalia
934 1907 1046 1947 ultro
1079 1907 1450 1948 tributa—Ibid.
1484 1908 1540 1948 ab

140 1962 330 2019 integro]
354 1964 406 2004 de
427 1964 606 2018 integro·
623 1987 677 1992 —
693 1963 803 2004 Ibid.
823 1962 1118 2016 escenderunt]
1142 1965 1466 2005 (ulseenderunt.
1481 1988 1538 1993 —

142 2020 248 2075 Cap.
284 2021 346 2060 17.
382 2026 427 2061 ut
459 2035 652 2060 numerus
685 2021 924 2060 colonorum
959 2019 1211 2075 augeretur]
1250 2028 1294 2061 ut
1326 2036 1540 2062 numerum

142 2078 382 2119 colonorum
415 2083 607 2131 augeret.
625 2076 803 2118 —lbi‹1.
829 2076 981 2131 Aegii]
1010 2076 1161 2132 Argis.
1179 2101 1235 2106 -—
1253 2078 1357 2131 Cap.
1390 2080 1450 2118 18.
1484 2081 1539 2118 ab

141 2133 371 2188 Romanis]
394 2150 420 2175 a
443 2134 663 2175 Romanis.
679 2158 737 2163 —
751 2133 859 2175 Ibid.
883 2135 1123 2175 Dardanos
1144 2149 1292 2175 reeens
1312 2136 1540 2176 domuisset

143 2190 309 2245 bellum]
333 2192 574 2232 Dardanos
605 2206 751 2232 recens
781 2191 1011 2232 domuisset
1038 2191 1159 2232 bello.
1179 2215 1232 2220 —
1252 2191 1362 2233 Ibid.
1386 2193 1539 2233 levium

142 2247 373 2302 armorum]
407 2249 557 2289 levium
588 2254 860 2289 armatorum.
885 2249 1062 2303 —Cap.
1092 2248 1154 2289 19.
1184 2248 1394 2302 Adaeum]
1422 2249 1540 2304 Apu-

142 2305 457 2359 teum.—-Cap.
475 2307 542 2346 21.
568 2305 809 2359 Phanoten]
834 2306 1085 2346 Phanotem.
1101 2305 1284 2346 —·1bi‹l.
1308 2305 1540 2359 Elimeam]

142 2362 187 2403 in
229 2362 456 2403 Elimeam.
477 2362 661 2403 —Ibid.
704 2361 929 2416 Inachum]
974 2362 1418 2404 z1elieloicrri.—Ibid.
1460 2363 1543 2403 Ni-

143 2433 290 2460 caeum
322 2434 443 2473 quem
477 2418 648 2472 vocant]
682 2434 800 2473 quem
834 2420 1047 2460 Nicaeum
1078 2419 1442 2474 vocant.—Cap.
1469 2421 1538 2461 22.

142 2474 370 2530 Inachum]
424 2475 671 2516 Acheloum.
693 2500 751 2506 —
774 2475 883 2517 Ibid.
937 2475 1169 2531 Aperanti]
1222 2477 1468 2532 Aperantii.
1486 2500 1542 2506 —-

144 2530 251 2587 Cap.
278 2533 346 2572 23.
386 2547 479 2573 cum
511 2548 591 2573 non
623 2533 783 2573 minore
813 2532 1059 2586 vexatione]
1096 2548 1187 2573 cum
1218 2534 1380 2574 minore
1412 2549 1542 2574 vexa-

144 2588 270 2630 tione.
285 2613 343 2619 —
358 2589 467 2630 Ibid.
490 2589 725 2643 Phanotes]
753 2590 976 2630 Phanotis.
992 2613 1045 2620 —
1061 2589 1170 2631 Ibid.
1195 2605 1315 2644 quem
1339 2590 1542 2631 Meleona

144 2644 315 2699 vocant]
367 2661 489 2701 quem
543 2647 741 2687 Elaeona
792 2653 955 2687 rocant.
974 2671 1030 2677 ——
1050 2646 1158 2686 Ibid.
1207 2646 1540 2701 Cassandream]

149 2702 471 2744 Cassandriam.
493 2727 544 2732 —
564 2703 674 2743 Ibid.
693 2702 1184 2758 faceret]saceret.****

205 2758 303 2799 Lm.
328 2759 498 2800 XLIV.
536 2759 643 2814 Cap.
673 2761 707 2800 l.
735 2760 822 2800 dici
852 2761 976 2801 unius
1003 2762 1205 2815 expedito
1234 2761 1318 2801 iter
1343 2760 1424 2813 est]
1455 2761 1542 2800 dici

146 2814 270 2855 unius
308 2817 512 2871 expedito
551 2817 718 2857 itinere.
734 2840 790 2846 -
807 2816 915 2871 Cap.
957 2817 996 2857 3.
1044 2816 1373 2872 Ortholophum]
1415 2817 1542 2856 Octo-

147 2871 330 2925 lophum.
348 2895 403 2900 —
421 2872 529 2927 Cap.
552 2874 590 2913 4.
614 2878 744 2927 atque
765 2873 894 2914 etiam
918 2874 1126 2930 periculo,
1149 2875 1188 2914 si
1210 2874 1376 2914 cedenti
1398 2887 1453 2913 ex
1472 2887 1540 2912 su-
