1888 3194
631 220 923 259 INDEX.

88 295 148 330 Cn.
162 295 339 336 Cornelius,
353 299 510 337 quaestor,
522 300 647 337 praeest
662 305 750 327 exer-

129 340 207 371 citui
233 340 462 380 Semproniano
490 346 540 378 25,
570 348 616 380 19.
647 348 750 378 aequo

127 382 236 414 Marte
274 386 396 423 pugnat
436 391 510 413 cum
552 381 750 419 Hannibale,

127 425 205 457 ibid.

87 466 148 499 Cn.
161 466 328 498 Cornelius
348 466 470 504 Blasio,
485 470 612 507 praetor
631 475 684 506 34,
699 475 749 505 42.

127 510 256 540 sortitur
270 509 413 540 Siciliam
428 518 480 549 43.

87 551 146 584 Cn.
160 552 327 583 Cornelius
336 551 462 590 Cossus,
472 551 544 583 trib.
560 551 654 583 milit.
677 561 750 583 con-

127 595 225 626 sulari
240 598 398 635 potestate
414 605 445 633 4,
461 604 510 636 49.
533 594 649 625 iterum
664 593 715 626 61.

85 636 147 670 Cn.
161 637 328 669 Cornelius
343 637 470 675 Cossus,
486 646 549 669 cos.
565 648 596 676 4,
613 645 662 677 54.
678 637 750 669 trib.

125 680 219 712 milit.
230 680 387 711 consulari
398 683 555 721 potestate
567 680 617 719 58.
636 679 751 710 iterum

127 732 159 762 5,
178 733 224 754 10.
249 722 447 763 Capenatem
458 733 567 764 agrum
584 726 686 753 vastat
702 731 748 754 12.

125 766 224 797 frater
239 766 277 798 P.
295 765 410 798 Licinii
427 765 530 803 Calvi,
546 765 622 797 ibid.

85 807 145 840 Cn.
162 808 331 840 Cornelius
360 808 545 845 Dolabella,
567 818 623 839 rex
648 817 750 839 sacro-

125 861 209 890 rum,
224 851 430 892 inauguratur
446 859 497 892 27,
512 849 562 890 36.
585 850 653 882 eius
666 861 751 882 mors

127 904 180 933 40⁹
195 904 245 933 42.

85 935 146 968 Cn.
163 936 333 968 Cornelius
361 937 530 973 Lentulus,
558 935 630 968 trib.
656 935 751 967 milit.

128 989 179 1017 22,
195 989 247 1022 49.
269 984 428 1020 quaestor,
443 989 545 1019 aequo
560 979 625 1010 fere
644 979 751 1010 Marte

125 1027 249 1063 pugnat
263 1032 336 1053 cum
359 1022 544 1053 Hannibale
562 1030 612 1060 25,
630 1031 677 1063 19.
700 1032 750 1052 ae-

125 1064 199 1096 dilis
213 1064 332 1096 curulis
348 1074 398 1106 29,
412 1074 458 1095 11.
482 1068 606 1095 creatur
620 1074 683 1095 cos.
699 1073 750 1103 30,

89 1131 92 1134 -
126 1117 176 1146 4ο.
191 1107 293 1138 ambit
303 1107 444 1138 Africam
455 1106 662 1146 provinciam,
673 1106 750 1137 ibid.

125 1159 164 1181 eo
184 1150 314 1180 consule
335 1159 398 1189 pax
420 1159 493 1179 cum
510 1148 750 1188 Carthaginien-

125 1192 212 1223 sibus
225 1192 311 1223 sacta
325 1203 376 1231 44.
399 1191 428 1222 ei
449 1191 630 1232 proconsuli
651 1190 750 1231 impe-

123 1234 207 1266 rium
227 1235 261 1265 in
282 1234 443 1274 Hispania
463 1244 530 1265 esse
550 1235 642 1274 plebs
662 1233 751 1264 iubet

126 1285 179 1317 31,
205 1285 255 1317 50.
285 1287 325 1308 ex
350 1277 626 1308 senatusconsulto
653 1286 751 1307 ovans

124 1320 236 1351 urbem
252 1319 427 1360 ingreditur
442 1328 493 1358 33,
510 1328 559 1359 27.

83 1363 144 1396 Cn.
155 1363 325 1395 Cornelius
344 1363 501 1394 Merenda
521 1366 646 1393 creatur
661 1372 751 1402 prae-

126 1409 176 1437 tor
191 1415 243 1445 34,
258 1415 307 1445 42.
331 1406 459 1436 sortitur
474 1405 653 1436 Sardiniam
669 1414 720 1444 43.

84 1449 146 1481 Cn.
159 1447 327 1479 Cornelius
347 1448 486 1486 Merula,
502 1448 625 1487 legatus
644 1447 677 1478 in
698 1448 751 1478 de-

127 1501 199 1522 cem
216 1491 258 1522 ad
272 1501 321 1522 res
337 1490 432 1522 Asiae
447 1490 685 1530 componendas
700 1499 751 1530 37,

85 1577 146 1609 Cn.
160 1575 329 1608 Cornelius
343 1575 452 1616 Scipio
461 1576 593 1614 Calvus,
603 1586 664 1607 cos.
679 1585 752 1606 cum

128 1620 230 1650 classe
259 1623 292 1650 et
320 1619 463 1650 exercitu
487 1619 638 1649 adversus
669 1619 753 1649 Has-

128 1662 293 1693 drubalem
325 1662 462 1692 mittitur
495 1661 527 1692 in
560 1661 753 1701 Hispaniam

130 1714 182 1743 21,
193 1714 243 1745 32.
267 1704 310 1735 ibi
326 1715 475 1745 prospere
490 1714 555 1735 rem
571 1704 650 1744 gerit
666 1702 707 1735 60
722 1708 754 1735 et

129 1747 180 1779 61.
212 1747 251 1778 cf.
277 1752 309 1778 et
335 1757 385 1785 22,
415 1756 545 1789 19-21.
576 1747 671 1777 fratre
699 1747 755 1777 ad-

128 1790 250 1828 iuncto,
276 1790 437 1821 communi
469 1790 584 1820 deinde
614 1800 687 1820 cum
717 1800 755 1820 eo

129 1833 224 1864 simul
235 1833 343 1863 animo
356 1833 552 1872 consilioque
567 1832 688 1862 bellum
701 1833 755 1863 ad-

129 1875 288 1906 ministrat
314 1884 362 1907 22.
393 1875 555 1915 utriusque
579 1885 627 1906 res
649 1879 756 1914 gestae

132 1927 183 1957 23,
210 1917 344 1959 26-29,
368 1919 407 1958 48
431 1923 462 1949 et
478 1928 535 1966 ‘49.
562 1927 612 1956 24,
633 1927 684 1956 41,
703 1927 754 1965 42,

131 1962 171 1999 48
191 1965 225 1992 et
243 1971 293 2003 49.
318 1971 389 1991 cum
414 1965 506 1992 tertia
531 1966 619 2000 parte
644 1965 756 1991 veteris

130 2003 288 2035 exercitus
303 2003 363 2035 Cn.
377 2003 496 2043 Scipio,
513 2003 682 2035 Celtiberis
701 2003 754 2034 ad-

129 2046 258 2084 iunctis,
282 2056 355 2077 cum
383 2046 588 2077 Hasdrubale
620 2045 756 2077 Barcino

130 2089 253 2120 bellum
271 2089 351 2130 gerit
372 2098 422 2128 25,
438 2098 488 2128 32.
512 2099 585 2120 cum
606 2089 755 2120 desc-nint

131 2132 285 2164 Celtiberi
306 2141 355 2172 33.
379 2132 498 2163 recedit
519 2141 568 2171 35.
592 2132 753 2162 tumulum

132 2179 270 2215 occupat
312 2173 362 2213 36.
416 2185 489 2206 eum
530 2174 756 2214 aggrediuntur

133 2217 248 2255 Poeni,
269 2217 344 2249 ibid.
369 2217 535 2255 occiditur,
551 2217 682 2257 eiusque
703 2227 755 2247 ex-

133 2259 249 2291 ercitus
260 2260 413 2298 caeditur,
427 2260 503 2291 ibid.
526 2261 566 2291 de
576 2259 644 2290 eius
656 2264 758 2290 morte

134 2302 239 2334 variae
247 2307 413 2334 auctorum
426 2302 615 2341 sententiae,
627 2302 701 2334 ibid.
718 2313 758 2333 ex

134 2345 203 2376 eius
237 2349 339 2376 morte
368 2346 474 2377 luctus
509 2346 634 2377 Romae
664 2350 696 2376 et
726 2345 758 2376 111

135 2387 307 2428 Hispania,
322 2388 398 2419 ibid.

92 2431 153 2464 cn.
166 2431 336 2463 Cornelius
351 2430 470 2471 Scipio,
486 2430 629 2471 pontifex
646 2440 698 2470 32,
717 2439 743 2471 7.

93 2475 154 2507 Cn.
167 2473 336 2505 Cornelius
352 2473 471 2514 Scipio,
484 2478 621 2514 praetor,
632 2474 760 2505 sortitur

135 2515 280 2548 Galliam
297 2526 349 2555 41,
364 2517 393 2548 8.

93 2559 154 2592 Cn.
167 2558 233 2590 sive
250 2559 286 2591 L.
298 2559 467 2591 Cornelius
482 2559 601 2599 Scipio,
618 2559 759 2590 Africani

137 2602 233 2640 filius,
254 2602 308 2633 vix
330 2607 524 2643 praeturam,
538 2613 600 2643 ope
623 2602 757 2633 Cicereii

137 2644 365 2685 competitoris,
379 2650 552 2683 assecutus,
567 2645 694 2676 sortitur
713 2645 757 2676 iu-

138 2687 351 2719 risdictionem
380 2688 463 2719 inter
497 2688 677 2728 peregrinos
711 2698 762 2727 41,

141 2728 189 2761 26.
213 2734 326 2762 senatu
341 2730 466 2762 eiicitur
479 2742 499 2762 a
515 2731 695 2762 censoribus
711 2740 760 2770 32.

97 2771 160 2804 Cn.
172 2772 341 2805 Cornelius
355 2773 464 2814 Scipio
479 2773 660 2814 Hispallus,
677 2784 763 2814 prae-

141 2817 204 2862 tor,
212 2815 594 2848 sortituriurisdictionem
605 2817 688 2848 inter
698 2827 764 2857 pcr-

141 2856 264 2896 egrinou
286 2867 401 2897 4ο,44
425 2861 618 2897 cos.41,18.
642 2860 674 2891 111
697 2870 761 2891 11111-

142 2899 274 2939 gistrntu
290 2901 423 2932 moritur
440 2911 488 2933 2ο.

103 2941 139 2974 L.
151 2942 329 2980 Cornelius,
345 2944 510 2983 proconsul
529 2953 580 2983 32,
598 2944 644 2977 26.

795 296 832 326 L.
845 296 1012 327 Cornelius
1027 295 1203 335 Caudinus,
1217 296 1330 328 aedilis
1341 297 1460 330 curulis

837 345 888 377 27,
904 347 954 370 21.

796 380 834 412 L.
846 380 1014 412 Cornelius
1031 381 1217 419 Dolabella,
1236 381 1384 412 duumvir
1403 393 1458 413 na-

836 423 915 454 valis
929 433 981 463 40,
996 433 1046 462 42.
1069 424 1108 455 cf.
1125 427 1157 454 et
1177 433 1229 462 41,
1245 431 1272 462 5.
1297 424 1458 454 contentio

835 465 902 496 eius
917 476 990 496 cum
1005 466 1158 505 pontifice
1172 465 1312 496 maximo
1329 476 1380 504 40,
1395 476 1446 504 42.

794 508 832 540 L.
845 508 1014 540 Cornelius
1033 509 1202 546 Lentulus,
1223 518 1286 539 cos.
1307 508 1458 540 Samniti-

835 552 906 590 bus,
921 551 945 582 si
966 561 1030 591 qua
1049 561 1082 582 se
1102 554 1279 589 moverent,
1294 551 1459 590 oppositus

837 594 868 632 8,
880 603 928 624 22.
951 593 1028 624 dicit
1037 593 1237 625 comitiorum
1250 603 1345 624 causa
1360 593 1459 624 dicta-

835 640 937 668 torem
952 636 984 667 in
1001 636 1109 668 castris
1127 646 1142 667 2
1146 646 1174 676 3.
1198 636 1310 667 suadet
1321 636 1362 666 ad
1375 636 1458 667 Cau-

836 679 937 717 dium,
952 682 988 710 ut
1007 689 1026 710 a
1047 679 1164 710 Pontio
1181 678 1287 710 dictae
1308 678 1394 719 leges
1407 688 1459 709 ac-

835 721 995 762 cipiantur
1009 732 1040 763 9,
1056 733 1086 762 4.

794 765 831 796 L.
844 765 1013 797 Cornelius
1028 765 1196 803 Lentulus,
1211 763 1356 804 pontifex
1369 773 1459 795 max-

835 807 929 845 imus,
939 808 1096 848 populum
1110 807 1340 838 consulendum
1351 810 1461 838 censet

836 851 876 882 de
897 861 969 882 vere
994 861 1082 881 sacro
1108 860 1159 890 22,
1183 860 1229 882 ro.
1252 849 1386 881 moritur
1409 856 1460 889 25,

838 903 865 924 2.

795 936 832 967 L.
849 935 1017 967 Cornelius
1041 935 1209 974 Lentulus,
1231 934 1392 966 decemvir
1412 945 1460 966 sa-

836 989 960 1009 crorum
976 983 1101 1010 creatur
1116 986 1167 1018 25,
1181 988 1208 1009 2.
1231 982 1358 1018 praetor
1372 977 1461 1009 sorti-

836 1025 888 1052 tur
909 1021 1086 1052 Sardiniam
1112 1031 1162 1060 41.
1192 1021 1314 1061 legatus
1336 1027 1386 1061 27,
1411 1030 1460 1059 14.

835 1063 969 1094 moritur
984 1074 1035 1102 42,
1055 1074 1100 1095 ιο.

795 1106 833 1137 L.
850 1107 1019 1137 Cornelius
1044 1107 1213 1144 Lentulus,
1239 1105 1399 1146 Scipionis
1426 1105 1460 1136 in

838 1148 999 1189 Hispania
1016 1159 1176 1180 successor
1191 1150 1241 1187 28,
1258 1150 1307 1188 38.
1330 1149 1398 1179 eius
1412 1158 1462 1179 res

835 1195 942 1230 gestae
967 1201 1018 1233 29,
1043 1201 1060 1221 2
1085 1195 1117 1222 et
1144 1201 1173 1230 3.
1203 1191 1317 1222 aedilis
1342 1191 1461 1222 curulis

835 1235 949 1264 absens
971 1237 1106 1271 creatur,
1127 1235 1240 1264 absens
1261 1233 1341 1274 gerit
1363 1234 1461 1264 hono·

836 1287 903 1307 rem
922 1286 971 1318 29,
985 1286 1030 1308 11.
1054 1276 1083 1307 ei
1096 1280 1280 1316 prorogatur
1290 1276 1461 1316 imperium

836 1319 869 1350 in
887 1319 1047 1359 Hispania
1062 1328 1108 1358 13.
1132 1329 1172 1349 ex
1189 1319 1350 1358 Hispania
1361 1319 1462 1349 redux

837 1362 918 1402 petit
933 1361 1132 1402 triumphum
1148 1371 1200 1401 31,
1213 1371 1262 1392 20.
1285 1371 1325 1392 ex
1334 1364 1463 1392 senatus

837 1405 984 1436 consulto
1009 1415 1108 1435 ovans
1135 1405 1246 1435 urbem
1276 1403 1462 1444 ingreditur,

838 1447 914 1479 ibid.
938 1451 1063 1479 creatur
1077 1457 1139 1479 cos.
1156 1457 1206 1489 49.
1223 1447 1262 1478 cf.
1279 1452 1311 1478 et
1330 1456 1381 1487 32,
1398 1453 1427 1486 7,
1443 1447 1462 1478 8

838 1494 869 1521 et
906 1514 913 1521 .

797 1532 834 1564 L.
847 1501 1016 1565 Co9rnelius
1037 1533 1205 1571 Lentulus,
1228 1533 1368 1564 Romam
1390 1531 1463 1563 mit-

838 1575 916 1606 titur
943 1576 1076 1649 nuntiuIs
1102 1575 1252 1607 victoriae
1277 1575 1318 1606 de
1345 1575 1462 1606 Perseo

839 1629 891 1656 449
906 1626 957 1658 45·
982 1627 1033 1658 459

798 1661 836 1693 L.
849 1661 1018 1692 Cornelius
1033 1628 1277 1701 Maluginensis,
1292 1670 1354 1692 cos.
1368 1669 1399 1699 3,
1412 1668 1462 1693 22.

839 1703 907 1735 eius
936 1714 984 1735 res
1012 1707 1130 1744 gestae,
1159 1703 1234 1734 ibid.
1269 1707 1301 1734 et
1335 1711 1386 1742 23,
1413 1712 1462 1742 24.

839 1751 947 1778 tuetur
980 1756 1108 1777 causam
1138 1745 1401 1784 decemvirorum,
1429 1745 1462 1776 in

841 1790 956 1829 quibus
970 1789 1088 1820 frater
1080 1788 1139 1829 ipsi
1156 1793 1223 1820 erat
1240 1798 1289 1827 40.

800 1833 836 1864 L.
851 1832 1020 1864 Cornelius
1046 1832 1185 1870 Merula,
1210 1835 1335 1872 praetor
1358 1839 1409 1870 32,
1435 1837 1462 1870 7.

841 1875 970 1905 sortitur
994 1874 1243 1905 iurisdictionem
1266 1875 1420 1905 urbanam
1443 1874 1463 1905 8

841 1922 873 1948 et
912 1916 960 1949 26.
1004 1917 1150 1948 triumvir
1185 1917 1329 1948 coloniae
1366 1917 1463 1948 dedu-

841 1961 961 1991 cendae
977 1968 1029 1999 34,
1045 1968 1095 1999 45.
1118 1970 1180 1990 cos.
1199 1969 1247 2000 54.
1272 1959 1394 1990 inducit
1409 1970 1462 1991 ex-

842 2003 976 2034 ercitum
1002 2003 1033 2033 in
1058 2002 1210 2034 Boiorum
1233 2013 1341 2042 agrum
1367 2011 1417 2042 35,
1433 2014 1462 2041 4.

842 2057 896 2077 eos
918 2045 1015 2077 vincit
1036 2045 1158 2086 proelio
1179 2055 1207 2085 5.
1231 2046 1372 2085 postulat
1391 2055 1464 2085 sup-

841 2089 1048 2129 plicationem
1065 2093 1096 2119 ct
1112 2088 1311 2128 triumphum
1327 2089 1356 2119 8.
1383 2088 1463 2119 nihil

842 2132 1005 2172 impetrat,
1020 2131 1095 2164 ibid.

800 2175 838 2207 L.
855 2175 1024 2206 Cornelius
1050 2174 1169 2215 Scipio,
1195 2174 1332 2206 interrex
1361 2181 1390 2213 7,
1415 2182 1463 2205 21.

842 2228 904 2248 cos.
923 2227 973 2257 23.

803 2261 838 2293 L.
853 2259 1021 2292 Cornelius
1043 2259 1163 2300 Scipio,
1186 2270 1248 2292 cos.
1271 2263 1303 2291 et
1327 2258 1395 2291 eius
1418 2269 1467 2290 res

842 2308 949 2344 gestae
969 2313 1016 2341 10,
1036 2313 1082 2334 11.
1107 2303 1147 2334 ef.
1163 2307 1195 2333 et
1214 2311 1263 2341 25,
1279 2301 1328 2334 26.

804 2346 840 2378 L.
854 2345 1022 2378 Cornelius
1037 2345 1156 2386 Scipio,
1167 2346 1264 2376 frater
1277 2346 1313 2376 P.
1325 2344 1466 2377 Cornelii

844 2389 1012 2430 Scipionis,
1034 2392 1199 2429 oppugnat
1222 2392 1254 2419 et
1279 2388 1365 2428 capit
1388 2398 1466 2429 opu-

846 2432 1053 2463 lentissimam
1078 2432 1187 2462 urbem
1209 2431 1342 2471 Oringin
1367 2432 1417 2469 28,
1438 2440 1466 2471 3.

845 2475 976 2506 nuntius
986 2479 1132 2515 receptae
1141 2474 1319 2514 Hispaniae
1327 2474 1466 2505 Romam

844 2528 864 2548 a
884 2518 979 2549 fratrc
999 2517 1139 2548 mittitur
1153 2528 1172 2556 4
1187 2522 1219 2548 et
1240 2525 1285 2557 17.
1306 2518 1345 2549 cf.
1362 2521 1394 2548 et
1415 2526 1467 2556 3ο,

847 2561 896 2600 38.
920 2564 1044 2592 creatur
1059 2564 1186 2600 praetor
1200 2569 1252 2599 34,
1268 2567 1317 2599 54.
1340 2559 1469 2590 sortitur

845 2603 986 2634 Siciliam
1005 2612 1054 2643 55.
1070 2613 1133 2634 cos.
1148 2601 1198 2643 36,
1210 2611 1260 2641 45.
1286 2603 1314 2634 ei
1332 2602 1469 2634 Graecia

844 2647 973 2677 decreta
996 2654 1047 2685 37,
1076 2655 1100 2678 1.
1131 2646 1304 2687 paludatus
1326 2646 1366 2676 nb
1391 2646 1468 2676 urbe

848 2689 1057 2729 proficiscitur
1072 2699 1100 2727 4.
1127 2689 1155 2720 ei
1180 2688 1309 2719 nomina¹
1329 2689 1407 2719 dunt
1427 2688 1467 2718 nd

848 2731 988 2772 ‹prinque
1004 2731 1106 2762 millia
1120 2731 1381 2767 voluntariorum,
1393 2730 1468 2761 ibid.

850 2774 969 2815 accipit
993 2775 1169 2806 exercitum
1195 2775 1252 2806 Μ.
1270 2773 1364 2805 Acilii
1392 2773 1468 2803 Gla-

851 2817 969 2848 brionis
995 2825 1021 2858 7.
1050 2817 1078 2848 ci
1107 2827 1162 2857 per
1188 2815 1410 2848 Macedonium
1438 2819 1470 2844 et

849 2859 1021 2891 Thraciam
1044 2859 1132 2891 eunti
1155 2859 1262 2890 omnin
1283 2862 1371 2898 pur-nt
1396 2855 1468 2887 1·ὴί-

851 2903 970 2943 lippus,
984 2902 1059 2934 ibid.
1086 2901 1203 2933 trniicit
1221 2901 1468 2940 Hellespontum

852 2954 901 2984 33.
942 2944 1097 2976 merificat
1133 2943 1184 2974 Ilii
1222 2942 1386 2974 Mineruio
1420 2950 1470 2981 37.
