1888 3194
388 396 452 449 Τ.
511 395 736 449 LIVII
793 394 1230 448 PATAVINI

261 547 1357 621 HISTORIARUM

472 713 557 754 AB
601 712 788 755 URBE
831 689 1157 755 CONDITA

667 858 955 934 LIBRI.

716 1006 903 1028 4*

536 1119 777 1156 EPITOME
807 1119 955 1156 LIBRI
985 1119 1088 1158 XLI.

122 1229 155 1270 I
155 1228 275 1271 G'NI
274 1229 309 1269 S
344 1230 384 1269 in
425 1229 519 1268 aede
570 1229 708 1269 Vestae
747 1231 956 1270 exstinctus
995 1235 1060 1269 est.
1139 1229 1202 1269 Ti.
1248 1228 1502 1283 Sempronius

94 1298 101 1310 ¹
128 1286 340 1329 Gracchus
367 1287 585 1341 proconsul
619 1287 828 1328 Celtiberos
859 1289 978 1327 victos
1009 1288 1050 1327 in
1080 1287 1309 1327 deditionem
1339 1287 1502 1340 accepit,

122 1351 488 1399 monumentumque
527 1359 687 1399 operum
725 1359 887 1385 suorum
927 1345 1195 1386 Gracchurim
1235 1344 1422 1399 oppidum
1462 1345 1504 1383 in

122 1402 331 1457 Hispania
359 1404 568 1442 constituit.
630 1402 694 1443 Et
711 1418 736 1442 a
757 1402 961 1443 Postumio
980 1402 1127 1443 Albino
1140 1402 1376 1457 proconsule
1402 1401 1504 1442 V-ac

124 1461 210 1501 caci
237 1475 286 1500 ac
312 1459 505 1501 Lusitani
531 1460 686 1500 subacti
712 1467 815 1501 sunt.
887 1460 1058 1516 Uterque
1085 1460 1356 1514 triumphavit.
1415 1459 1505 1499 An-

125 1518 288 1567 tiochus,
310 1517 500 1558 Antiochi
510 1518 645 1570 filius,
668 1519 773 1558 obses
794 1519 988 1559 Romanis
1014 1534 1040 1558 a
1061 1525 1181 1573 patre
1201 1518 1331 1566 datus,
1355 1523 1506 1557 mortuo

112 1575 256 1631 fratre
280 1575 450 1624 Seleuco,
473 1577 542 1630 qui
561 1577 678 1630 patri
703 1577 886 1630 defimcto
906 1583 1154 1625 successerat,
1177 1577 1218 1616 in
1239 1589 1403 1629 reqnum
1428 1574 1473 1615 S
1456 1589 1507 1629 J-

125 1634 212 1675 riae
240 1633 290 1673 ab
321 1633 414 1672 urbe
442 1633 638 1681 dimissus,
656 1641 817 1686 praeter
843 1634 1077 1688 reliyionem,
1100 1648 1180 1688 qua
1207 1634 1333 1673 multa
1361 1632 1506 1686 templa

125 1691 342 1745 maqnfiea
373 1690 507 1729 multis
538 1690 630 1729 locis
660 1692 791 1738 erexit,
813 1691 981 1730 Athenis
1010 1692 1115 1731 Iovis
1151 1691 1340 1744 Olympii,
1362 1696 1400 1729 et
1418 1690 1508 1729 An-

127 1748 293 1788 tiochiae
320 1746 547 1801 Capitolini,
576 1747 806 1787 vilissimum
833 1762 958 1802 reyem
988 1749 1075 1802 eyit.
1136 1747 1331 1788 Lustrum
1362 1762 1388 1786 a
1418 1761 1507 1787 cen-

127 1805 280 1846 soribus
320 1804 516 1844 conditum
557 1810 623 1843 est.
694 1804 820 1844 Censa
856 1811 950 1844 sunt
988 1807 1130 1844 civium
1170 1806 1304 1858 capita
1339 1805 1507 1844 ducenta

126 1863 332 1917 sexaqinta
360 1863 440 1901 tria
467 1860 594 1900 millia
614 1861 782 1901 ducenta
803 1862 1020 1916 nonayinta
1041 1867 1239 1916 quattuor.
1310 1861 1359 1910 Q.
1387 1861 1507 1902 Voco-

128 1921 218 1961 nius
243 1919 355 1960 Sara
383 1919 565 1958 tribunus
588 1919 715 1973 plebis
748 1919 866 1973 leyem
900 1919 1002 1967 tulit,
1031 1934 1078 1959 ne
1103 1920 1192 1974 quis
1219 1919 1393 1958 heredem
1421 1934 1507 1958 mu·

128 1977 259 2018 liorem
279 1978 506 2018 institueret.
575 1976 714 2017 Suasit
733 1976 851 2031 leyem
871 1977 934 2016 M.
961 1976 1084 2018 Cato.
1079 1992 1088 2001 ·
1120 1982 1248 2016 erstat
1265 1978 1392 2016 oratio
1411 1977 1504 2016 eius.

127 2035 344 2076 Praeterea
369 2049 431 2074 res
457 2040 594 2074 contra
615 2034 798 2089 Liyures,
821 2034 959 2083 Istros,
986 2034 1150 2084 Sardos,
1172 2041 1210 2074 et
1235 2033 1455 2083 Celtiberos,
1481 2050 1507 2074 a

128 2092 392 2160 compluribus
421 2092 584 2132 ducibus
611 2106 798 2146 prospere
820 2098 965 2147 qestas‚
993 2098 1032 2132 et
1059 2094 1175 2133 initia
1202 2092 1292 2132 belli
1317 2092 1508 2132 Macedo-

129 2152 210 2191 nici
258 2152 437 2199 continet,
487 2150 594 2204 quod
639 2150 821 2200 Perseus,
867 2150 1051 2205 Philippi
1079 2150 1215 2203 filius,
1262 2150 1504 2190 moliebatur.

130 2208 307 2249 Miserat
331 2209 432 2248 enim
460 2208 517 2248 ad
548 2207 720 2249 Cartha
699 2223 893 2263 stmenses
919 2208 1160 2263 leyationem,
1186 2214 1224 2248 et
1248 2208 1298 2247 ab
1326 2209 1374 2247 iis
1401 2214 1509 2248 nocte

129 2266 270 2307 audita
290 2272 405 2307 erat·
391 2298 400 2307 .
441 2266 510 2306 sed
527 2272 564 2305 et
582 2266 686 2306 alias
712 2265 907 2307 Graeciae
927 2268 1101 2307 civitates
1120 2266 1365 2306 sollicitabat.

198 2934 294 2965 VOL.
318 2937 374 2965 tv.
1268 2937 1291 2963 1}
