1888 3194
539 161 790 204 FRANC.
840 160 1219 203 GOELLERI.
1499 168 1584 206 329

241 253 456 294 Numerus
491 252 693 293 librorum
729 250 869 291 minus
904 258 1016 291 recte
1049 250 1271 291 indicatus.
1335 250 1438 291 Non
1473 252 1582 294 inest

182 311 356 352 omnino
385 309 491 351 liber
519 308 762 358 ΧΧΧΙΧ.,
783 322 923 363 neque
956 306 1061 348 liber
1083 307 1356 349 XXXVIII.
1378 307 1487 349 ultra
1514 325 1583 350 ca-

181 369 280 425 pitis
300 371 369 409 46.
394 375 556 422 partem
587 365 871 407 continuatur.
935 364 1128 406 Dubium
1159 363 1297 419 plane,
1320 379 1374 405 an
1404 379 1498 420 pars
1525 367 1579 408 A.

180 425 248 467 vel
268 424 499 479 antiquitus
518 423 613 480 plus
634 422 903 472 continuerit,
926 437 1054 478 quam
1082 421 1296 477 hodieque
1321 421 1366 462 in
1392 437 1442 462 ea
1461 437 1583 478 repe-

180 483 298 531 ritur,
320 481 521 538 quoniam
543 489 803 537 postremum
825 480 915 521 eius
942 479 1071 535 partis
1090 479 1252 529 folium,
1274 479 1378 520 item
1398 479 1582 535 primum

179 539 326 581 folium
354 539 483 594 partis
509 538 559 579 B.
583 538 776 579 sordibus
806 547 890 579 tam
916 537 1053 586 foeda,
1076 537 1200 577 tineis
1227 551 1374 592 peresa
1401 545 1511 586 sunt,
1534 546 1582 579 ut

179 596 301 638 facile
337 595 608 651 intelligatur,
640 595 783 636 multis
819 595 940 636 annis
976 604 1087 644 ante,
1119 609 1248 650 quam
1284 609 1308 635 a
1341 594 1582 651 bibliopego

180 669 267 695 uno
299 653 512 695 volumine
547 654 919 709 coniungerentur,
954 652 1036 693 illis
1068 651 1177 693 foliis
1208 651 1382 693 alteram
1418 661 1582 708 partem

179 711 280 767 (A.)
299 712 478 761 exitum,
501 710 674 752 alteram
695 710 790 767 (B.)
810 711 978 751 initium
1000 709 1207 751 habuisse.

239 769 409 810 Deinde
430 784 526 825 pars
548 768 597 810 B.
621 784 707 810 non
733 768 867 810 solum
892 768 1020 809 libros
1045 767 1144 809 inde
1166 783 1190 808 a
1210 767 1409 808 vicesimo
1430 767 1582 823 quinto

180 826 234 869 ad
262 827 538 883 trigesimum,
560 827 635 868 scd
667 827 840 882 insuper
872 835 1007 867 toturn
1035 825 1121 866 fere
1152 825 1307 866 librum
1334 825 1582 866 vicesimum

180 894 378 940 quartum
413 884 719 940 complectitur.
795 883 966 924 Etenim
1002 882 1105 924 ordo
1140 882 1342 924 librorum
1382 882 1451 923 hic
1492 892 1580 924 est:

180 941 357 983 Initium
389 941 438 983 fit
468 957 492 982 a
521 942 650 998 partis
676 942 728 983 A.
755 941 862 982 libro
895 940 1108 996 trigesimo
1140 940 1305 996 prim03
1338 940 1476 981 exitus
1510 940 1583 981 tri-

179 999 328 1055 gesimi
350 999 487 1040 octavi
507 1000 644 1055 capite
667 998 988 1055 quadragesimo
1009 1006 1141 1039 sexto.
1190 997 1242 1038 In
1263 1007 1381 1053 parte
1404 996 1453 1038 B.
1473 998 1583 1039 inest

179 1056 287 1098 liber
305 1057 528 1098 vicesimus
550 1066 725 1113 quartus
746 1065 909 1097 tanturn
931 1070 1017 1096 non
1043 1055 1208 1111 integer
1235 1070 1333 1096 cum
1361 1070 1436 1096 sex
1466 1054 1583 1097 libris

179 1113 327 1155 ordine
348 1114 563 1170 proximis.

238 1170 439 1227 Denique
465 1170 672 1212 Graffium
702 1170 823 1226 fugit,
855 1184 996 1225 neque
1028 1184 1114 1209 una
1144 1178 1293 1219 aetate,
1326 1184 1466 1225 neque
1497 1185 1583 1211 una

178 1243 307 1270 manu
329 1238 557 1284 utrumque
586 1228 741 1269 librum
770 1236 987 1268 exaratum
1018 1241 1119 1267 esse.
1182 1226 1285 1267 Pars
1307 1227 1421 1268 enim
1446 1227 1515 1276 Α.,
1537 1227 1582 1268 ni

178 1285 310 1327 seculi
339 1286 395 1328 X.
419 1295 532 1327 certe
569 1286 649 1327 XI.
673 1295 748 1335 est,
779 1284 989 1326 iudicibus
1021 1283 1165 1325 multis
1196 1284 1257 1325 rei
1285 1283 1582 1340 diplomaticae

177 1343 335 1400 peritis.
399 1343 647 1399 Eademque
668 1358 764 1399 pars
789 1342 972 1398 optimae
998 1350 1122 1383 notae
1145 1350 1220 1391 est,
1242 1341 1288 1382 id
1309 1341 1426 1397 quod
1446 1357 1583 1398 spero,

178 1401 395 1442 literarum
422 1401 646 1442 latinarum
675 1401 913 1442 amantibus
941 1399 1019 1441 hac
1047 1399 1234 1441 editione
1265 1400 1488 1455 probatum
1519 1400 1582 1441 iri.

181 1458 331 1499 Altera
351 1473 445 1515 pars
467 1458 561 1514 (B.)
582 1458 706 1514 longe
728 1457 938 1500 recentior
958 1466 1033 1507 est,
1051 1472 1191 1513 neque
1209 1457 1268 1498 ita
1287 1458 1423 1499 bonae
1445 1468 1582 1500 notae.

183 1514 270 1557 Sed
299 1531 413 1557 nune
445 1515 618 1572 quidem
649 1515 776 1557 modo
807 1515 860 1556 de
895 1515 1026 1571 priori
1055 1514 1180 1556 video
1216 1515 1322 1556 mihi
1354 1514 1584 1556 dicendum

179 1588 281 1614 esse.

239 1629 293 1671 In
327 1638 445 1686 parte
480 1631 534 1671 A.
569 1629 723 1670 desunt
758 1628 883 1686 plane
920 1629 1100 1679 numeri,
1138 1629 1292 1685 quibus
1327 1628 1443 1678 ordo,
1480 1629 1585 1671 ordo

181 1687 420 1730 chartarum
452 1687 662 1728 indicatur
689 1686 971 1741 (Kustoden),
1002 1687 1105 1728 item
1136 1687 1303 1727 numeri
1335 1686 1584 1743 paginarum

181 1746 354 1787 indices.
417 1745 604 1801 Paginae
635 1744 746 1785 binis
776 1743 983 1797 columnis
1013 1743 1247 1800 descriptae
1275 1744 1482 1785 linearum
1512 1744 1585 1785 tri-

181 1817 385 1860 genarum
416 1812 676 1851 octonarum,
708 1802 786 1843 sub
818 1801 947 1842 finem
981 1801 1075 1842 libri
1109 1802 1311 1858 trigesimi
1344 1801 1480 1843 octavi
1513 1801 1586 1843 tri-

181 1875 384 1917 genarum
421 1869 701 1916 septenarum.
765 1858 1020 1915 Marginalia
1055 1859 1182 1900 etiam
1216 1874 1324 1915 quae
1356 1867 1510 1900 vocant
1543 1868 1586 1900 et

181 1918 544 1974 interpunctiones
574 1917 858 1972 requiruntur.
923 1915 1112 1957 Nomina
1142 1917 1310 1973 propria
1340 1916 1470 1957 literis
1498 1931 1586 1958 ma-

181 1975 351 2017 iusculis
387 1990 474 2016 non
511 1974 723 2030 insignita,
758 1973 838 2014 nisi
870 1988 976 2023 raro,
1008 1973 1124 2015 velut
1157 1975 1201 2014 in
1234 1974 1405 2015 nomine
1437 1973 1582 2016 VAR.

182 2032 350 2074 Literae
393 2047 564 2088 quoque
605 2031 788 2072 initiales
831 2031 981 2087 passim
1023 2031 1327 2073 desiderantur.
1413 2031 1585 2073 Chartis

180 2090 316 2131 lineae
338 2089 448 2147 stylo
469 2089 668 2130 inductae
690 2088 855 2144 (blinde
879 2088 1068 2145 Linien).
1118 2088 1345 2130 Intervalla
1365 2103 1508 2129 earum
1531 2089 1585 2130 ad

182 2147 414 2204 marginem
436 2147 617 2188 subinde
645 2146 814 2203 punctis
840 2155 996 2187 notata.
1060 2146 1213 2188 Forma
1239 2146 1335 2188 libri
1358 2155 1433 2197 est,
1457 2162 1585 2203 quam

183 2214 373 2261 quartam
394 2204 618 2261 appellant.

242 2263 372 2303 Anno
406 2263 504 2303 MD
516 2262 639 2304 CXI.
674 2261 719 2302 hi
751 2261 847 2303 libri
879 2276 904 2302 a
934 2261 1176 2318 bibliopego
1209 2261 1323 2302 corio
1356 2261 1452 2303 albo
1485 2262 1586 2303 tecti

183 2330 308 2369 sunt3
341 2319 385 2360 id
418 2319 533 2376 quod
566 2328 752 2376 apparet,
782 2335 834 2361 ex
869 2320 1076 2361 anteriore
1111 2319 1324 2375 tegiminis
1356 2328 1488 2375 parte,
1518 2319 1586 2360 eui

183 2377 432 2433 impressum
473 2386 536 2418 est
576 2377 741 2434 insigne
783 2377 983 2418 ecclesiae
1020 2376 1272 2418 cathedralis
1308 2376 1586 2434 Bambergae,

183 2434 400 2476 frondibus
422 2435 619 2476 cinctum.
687 2433 823 2491 Supra
843 2435 1090 2492 inscriptum
1108 2451 1117 2475 ε

243 2491 489 2549 Capitulum
512 2491 835 2549 Bambergense.

242 2548 294 2590 In
322 2559 439 2606 parte
466 2550 678 2606 tegiminis
705 2565 848 2591 aversa
877 2549 1016 2607 clypei
1044 2550 1189 2591 insunt
1209 2549 1308 2598 duo,
1341 2549 1443 2591 item
1474 2549 1588 2591 fron·

185 2605 308 2648 dibus
339 2607 478 2648 cincti.
550 2607 665 2648 Infra
696 2607 856 2663 positus
889 2617 952 2649 est
984 2622 1120 2649 annus
1153 2607 1251 2649 MD
1264 2607 1386 2649 CXI.
1452 2607 1589 2664 Super

185 2663 342 2720 clypeis
363 2664 555 2721 adpictae
577 2665 655 2706 hae
676 2664 820 2706 literae
838 2681 847 2706 :

417 2778 450 2820 1.
476 2781 525 2821 C.
551 2779 607 2821 N.
635 2779 675 2821 s,
702 2779 756 2821 G.
781 2780 832 2822 T.
857 2780 905 2821 P.
931 2783 950 2834 ll
977 2779 1030 2821 H.
1057 2778 1110 2820 v.
1138 2779 1192 2820 K.
1218 2778 1273 2820 D.
1299 2779 1353 2819 D.

187 2896 215 2937 i.
230 2911 264 2936 c.
284 2894 310 2935 J
317 2895 503 2937 ohannes
521 2894 852 2950 Christophorus
871 2896 1145 2938 Neustaetter
1164 2896 1354 2937 Stiirmcr
1371 2895 1586 2941 Genannt,
