1888 3194
993 182 1290 220 INDEX.

435 257 572 297 religiosi
585 256 739 288 exercitui
755 257 797 288 ad
812 257 872 288 iter
884 256 1067 288 faciendum

436 307 489 340 37,
506 309 556 339 33·

395 341 532 373 Ancona
547 352 598 380 41,
617 349 645 381 5.

394 383 506 415 Ancus
528 384 672 416 Marcius
697 394 753 415 rex
778 387 914 422 creatur,
936 383 1067 423 eiusque

435 437 484 457 res
505 431 613 466 gestae
631 436 658 465 1,
681 436 733 466 32,
754 435 804 465 33.
827 426 961 457 moritur
983 431 1067 465 post-

435 479 533 508 quam
562 470 705 509 regnavit
731 479 832 499 annos
858 473 1010 508 quattuor
1036 472 1068 498 et

435 511 548 551 viginti
561 520 610 550 35.
634 511 702 542 eius
717 511 775 541 filii
792 511 977 550 conspirant
993 520 1065 540 con·

435 558 484 584 tra
500 553 712 593 Tarquinium
731 553 877 583 Priscum
893 563 943 591 40.

392 594 534 635 Ancyra,
549 597 624 626 urbs
639 595 755 625 nobilis
771 596 823 633 38,
841 605 889 632 24.

393 638 554 675 Andania,
571 648 705 677 parvum
720 637 877 676 oppidum
894 635 946 674 36,
962 645 1012 674 31.

393 681 656 716 Andranodorus,
673 689 770 718 gener
794 678 959 715 Hieronis,
980 680 1067 708 tutor

435 722 641 761 Hieronymi,
676 721 757 759 regis
794 720 924 750 Siciliae
956 729 1006 757 24,
1036 730 1065 757 4.

434 768 507 803 post
531 764 664 793 caedem
688 762 893 801 Hieronymi,
917 762 1065 792 Insulam

434 810 466 836 et
489 816 595 836 arcem
612 804 777 843 Syracusis
795 807 934 843 occupat
952 813 1000 835 21.
1023 803 1065 833 ad

433 857 506 878 eum
530 847 617 877 missi
640 846 736 886 legati
756 857 776 876 a
791 847 992 885 Syracusano
1008 856 1065 885 po-

434 890 511 928 pulo
537 899 585 920 22.
615 889 701 919 cedit
723 888 873 928 tempori,
896 888 972 919 ibid.
999 888 1067 919 eius

433 932 533 962 oratio
563 933 605 962 ad
635 931 863 971 SyracusanOS,
888 930 965 962 ibid.
1001 941 1065 961 cre-

431 978 504 1004 atur
519 978 647 1013 praetor
664 983 679 1003 2
684 982 712 1011 3
737 973 894 1004 occiditur
912 982 960 1011 24.

390 990 579 1054 Androcles,
605 1015 755 1055 princeps
779 1016 987 1046 Acarnanum
1013 1024 1065 1054 33,

437 1058 484 1089 16.

393 1101 579 1138 Androcles,
595 1100 775 1139 praefectus
791 1099 900 1131 Persei
917 1111 969 1138 44,
982 1109 1032 1139 32.

388 1144 541 1183 Androgy
544 1142 588 1180 ni,
609 1143 740 1181 quinam
765 1143 810 1173 sic
832 1143 989 1181 appellati
1015 1149 1065 1181 27,

433 1195 445 1215 1
456 1195 481 1216 1.
501 1168 709 1225 androgynus
722 1185 812 1215 vivus
824 1184 856 1214 in
869 1195 976 1214 arcam
990 1194 1063 1215 con-

431 1228 517 1258 ditus
532 1231 564 1258 et
578 1227 611 1257 in
628 1237 715 1257 mare
732 1227 892 1266 proiectus
908 1234 959 1265 37.

389 1270 603 1307 Andronicus,
619 1270 765 1306 Aetolus,
782 1269 867 1307 quod
884 1279 972 1299 arma
988 1279 1062 1299 con-

429 1316 479 1342 tra
503 1313 669 1342 Romanos
697 1312 833 1348 tulisset,
861 1311 961 1341 securi
993 1322 1062 1350 per-

430 1354 550 1384 cutitur
567 1362 619 1393 45,
637 1363 686 1392 31.

388 1396 603 1433 Andronicus,
633 1396 774 1426 Macedo
805 1402 856 1434 37,
887 1404 933 1434 13.
972 1406 1062 1434 prae-

429 1438 532 1468 fectus
550 1438 669 1475 Persei,
685 1437 876 1468 interficitur
892 1448 943 1474 44,
964 1447 1010 1468 10.

389 1481 630 1511 Androsthenes
642 1480 785 1510 defendit
796 1479 989 1510 Corinthum
1002 1480 1061 1509 for-

429 1523 505 1553 titer
513 1523 665 1553 adversus
677 1523 843 1552 Romanos
855 1531 907 1559 32,
922 1530 970 1559 23.
993 1532 1061 1552 cae-

429 1565 516 1594 ditur
529 1565 571 1594 ad
582 1564 774 1596 Corinthum
788 1572 805 1602 3
810 1572 840 1602 3,
854 1573 900 1601 14.
925 1564 993 1594 eius
1004 1564 1061 1593 im-

429 1607 600 1645 prudentia
621 1614 669 1645 15.

388 1650 527 1685 Andrus,
549 1649 656 1679 insula
676 1657 728 1687 31,
748 1657 795 1687 15.
819 1647 871 1687 36,
890 1657 937 1679 20.
968 1652 1064 1688 capta

429 1702 448 1721 a
465 1692 623 1721 Romanis
639 1701 690 1730 31,
707 1699 758 1728 45.

388 1733 612 1771 Anemurium,
643 1732 898 1773 promontorium
926 1733 1062 1764 Ciliciae

431 1785 482 1814 33,
501 1786 549 1806 20.

388 1820 530 1857 Augeae,
547 1828 621 1857 opp.
640 1827 691 1857 32,
712 1826 758 1856 13.

388 1862 529 1899 Angues,
545 1861 681 1900 praelati
695 1860 729 1890 in
745 1861 832 1890 bello
854 1870 873 1890 a
893 1860 1062 1890 sacerdoti-

429 1904 488 1932 bus
501 1902 926 1942 Tarquiniensibus,terrent
944 1903 1063 1932 milites

429 1945 526 1975 Rom.
550 1952 578 1984 7,
598 1952 644 1983 17.
669 1945 744 1981 duo,
769 1944 923 1975 sacrificio
951 1955 1062 1984 perpe-

428 1991 523 2024 trato,
547 1988 589 2017 ad
615 1991 690 2017 exta
714 1997 753 2017 ex
781 1987 908 2017 occulto
935 1987 1062 2026 allapsi,

429 2030 524 2059 edere
549 2029 648 2067 iecur,
675 2029 904 2068 conspectique
930 2033 1062 2068 repente

429 2071 575 2101 abierunt
594 2081 644 2110 25,
664 2070 710 2102 16.
733 2071 845 2110 anguis
866 2071 972 2110 specie
988 2082 1061 2101 con-

430 2113 633 2144 suetudinem
647 2123 719 2143 011111
734 2113 930 2152 Olympiade
943 2118 975 2143 et
988 2123 1060 2143 cum

429 2159 532 2185 matre
556 2156 715 2194 Scipionis
730 2156 799 2186 Afr.
821 2156 939 2185 habere
962 2155 1060 2186 credi-

430 2202 482 2227 tur
499 2197 625 2236 Iupiter
644 2197 693 2235 26,
713 2207 760 2237 19.

389 2240 424 2270 L.
440 2239 573 2269 Anicius
586 2239 713 2276 Gallus,
729 2242 854 2269 creatur
868 2245 995 2278 praetor
1009 2250 1060 2276 44,

433 2291 444 2310 1
455 2288 480 2319 7.
504 2280 537 2310 111
554 2280 723 2319 Illyricum
739 2281 890 2311 adversus
903 2280 1059 2310 Gentium

431 2322 643 2362 proficiscitur
666 2331 715 2360 3ο.
746 2322 845 2351 vincit
868 2321 997 2361 Illyrios
1021 2331 1057 2359 31

430 2368 462 2394 et
478 2372 530 2402 45,
548 2363 596 2394 26.
621 2364 649 2394 01
666 2374 699 2394 se
716 2364 805 2394 dedit
822 2364 971 2401 Gentius,
984 2363 1060 2394 ibid.

430 2408 471 2436 ob
487 2406 554 2436 eius
574 2416 623 2436 res
642 2409 746 2445 gestas
761 2406 1013 2445 supplicationes
1027 2405 1060 2435 in

430 2449 572 2479 triduum
583 2449 730 2478 decretae
742 2455 794 2486 45,
805 2456 833 2486 3.
856 2447 991 2487 Epirum
1007 2458 1060 2486 pa-

430 2494 482 2522 cat
500 2490 549 2521 26.
575 2489 699 2530 Illyrici
722 2500 771 2520 res
791 2489 968 2527 constituit,
983 2490 1059 2520 ibid.

429 2533 609 2572 triumphat
625 2533 665 2562 de
683 2532 802 2562 Gentio
818 2541 868 2570 43.

388 2577 449 2608 Cn.
474 2574 618 2612 Anicius,
647 2574 771 2613 legatus
801 2574 932 2604 Aemilii
965 2574 1059 2605 Pauli

432 2628 483 2655 44,
495 2616 547 2664 46:

388 2661 437 2691 M.
453 2659 598 2695 Anicius,
620 2661 746 2697 praetor
770 2658 997 2688 Praenestinus
1019 2669 1059 2689 ex

430 2701 532 2732 scriba
546 2709 596 2739 23,
611 2710 656 2740 19.
679 2704 786 2730 statua
798 2700 827 2731 ei
842 2701 1015 2731 Praeneste
1027 2701 1059 2731 in

429 2744 497 2773 foro
513 2746 643 2779 statuta,
659 2743 736 2773 ibid.

388 2785 536 2817 Aniensis
560 2784 661 2815 tribus
686 2785 797 2815 addita
822 2784 934 2815 ceteris
962 2794 1009 2821 10,
1029 2795 1056 2825 9.

432 2826 576 2859 centuria
593 2836 642 2864 24..
662 2834 688 2865 7.

388 2871 485 2909 Anio,
507 2870 539 2900 fl.
566 2879 592 2907 1,
615 2876 664 2907 27,
685 2868 735 2907 36.
760 2881 790 2907 4,
813 2876 856 2903 17.
881 2867 912 2907 6,
929 2879 979 2906 42.
1009 2868 1059 2906 26,

1159 267 1206 290 10.
1229 268 1310 297 pons
1324 257 1357 287 in
1376 257 1535 288 Anienem
1554 262 1582 296 7,
1599 267 1629 298 9.

1112 300 1285 340 Anitorgis,
1301 301 1375 330 urbs
1392 308 1442 338 25,
1459 309 1509 338 32.

1113 343 1256 373 Annales
1272 342 1361 373 citati
1379 351 1408 380 2,
1421 350 1470 381 54.
1495 351 1526 381 3,
1538 342 1567 373 8.
1591 352 1623 379 4,
1636 349 1686 380 34.
1713 347 1742 379 7,
1753 350 1785 381 9,

1158 385 1206 422 18,
1222 394 1272 422 42.
1296 385 1327 422 8,
1343 385 1392 421 18,
1408 393 1458 423 23,
1471 393 1521 423 30.
1544 393 1576 425 9,
1594 392 1643 422 15,
1658 392 1708 421 42.
1734 392 1786 420 21,

1156 435 1205 465 25.
1231 436 1281 464 22,
1298 436 1347 466 31.
1373 435 1423 465 23,
1439 425 1471 463 6,
1488 434 1537 464 47.
1562 435 1615 464 42,
1635 435 1681 456 11.
1710 425 1785 455 Aci-

1154 469 1232 498 liani
1250 477 1300 507 25,
1317 478 1366 509 39.
1396 468 1514 499 Graeci
1537 467 1710 507 Latinique
1732 476 1786 506 32,

1152 509 1181 541 6.
1206 511 1244 542 cf.
1268 520 1320 549 33,
1340 521 1386 541 10.
1411 510 1656 550 magistratuum
1678 519 1710 551 9,
1737 509 1774 539 18

1151 552 1319 582 annalium
1345 555 1489 583 veterum
1514 552 1658 583 confusio
1680 562 1712 593 9,
1736 559 1785 590 15.

1152 595 1304 633 exempla
1325 595 1453 625 exoleta
1471 602 1520 633 27,
1537 595 1567 625 8.
1590 594 1785 624 incertitudo

1152 645 1184 676 9,
1200 646 1252 674 44,
1265 645 1315 675 45.
1342 645 1391 673 10,
1403 646 1432 674 2,
1446 643 1493 674 17.
1518 636 1653 667 varietas
1672 646 1721 674 10,
1733 644 1785 674 30.

1154 688 1205 714 22,
1223 687 1273 725 ,31-
1299 685 1349 715 ²59
1366 687 1415 718 39·
1441 677 1559 715 26,16,
1575 688 1624 718 49·
1651 685 1702 717 ²7,
1720 685 1748 716 7·

1111 720 1259 757 Annalis,
1280 729 1457 758 cognomen
1473 720 1660 757 Villiorum,
1683 730 1722 750 ex
1746 729 1787 757 eo,

1152 765 1270 799 ortum,
1293 762 1379 800 quod
1403 761 1441 792 L.
1455 761 1576 792 Villius
1597 762 1671 792 trib.
1697 762 1785 801 pleb.

1152 804 1274 843 primus
1289 804 1393 843 legem
1405 803 1573 834 annariam
1587 803 1664 834 tulit
1675 813 1784 842 40,44.

1111 846 1149 877 L.
1170 846 1297 876 Annius
1327 846 1466 884 Setinus,
1497 849 1624 885 praetor
1653 845 1785 876 Latino-

1152 899 1235 926 rum,
1248 889 1390 919 Romam
1406 891 1557 919 evocatus
1572 888 1603 926 8,
1615 896 1645 926 3.
1668 887 1737 918 eius
1750 887 1785 917 in

1153 931 1291 961 concilio
1307 930 1498 961 Latinorum
1513 929 1615 960 oratio
1630 940 1660 968 4.
1683 929 1717 960 in
1737 939 1784 960 se-

1152 976 1231 1003 natu
1248 973 1345 1003 Rom.
1358 973 1513 1012 postulat,
1522 975 1559 1002 ut
1575 973 1687 1002 consul
1701 973 1785 1002 alter

1152 1019 1185 1046 et
1200 1019 1384 1046 senatorum
1405 1025 1478 1054 pars
1496 1014 1630 1045 dimidia
1649 1025 1668 1046 e
1688 1013 1783 1045 Latio

1152 1060 1319 1088 sumantur
1339 1065 1367 1096 5.
1391 1057 1521 1095 labitur,
1544 1060 1577 1087 et
1598 1057 1645 1088 ita
1666 1056 1783 1096 impin-

1151 1100 1236 1140 gitur
1251 1110 1339 1136 saxo,
1356 1103 1392 1130 ut
1407 1099 1552 1139 sopiatur
1567 1098 1596 1130 6.

1110 1142 1150 1173 T.
1167 1142 1304 1180 Annius,
1332 1141 1480 1172 triumvir
1509 1141 1655 1172 coloniae
1683 1140 1783 1171 dedu-

1151 1185 1284 1221 cendae,
1314 1185 1354 1214 ob
1386 1184 1542 1214 Boiorum
1571 1182 1783 1215 rebellionem

1152 1226 1315 1257 Mutinam
1332 1226 1474 1265 confugit
1492 1235 1541 1263 21,
1558 1235 1607 1265 25.

1108 1268 1146 1299 Τ.
1161 1269 1287 1299 Annius
1303 1269 1438 1306 Luscus,
1453 1272 1581 1307 praetor
1595 1278 1648 1306 41,
1664 1277 1714 1299 22.
1738 1267 1783 1298 10-

1149 1315 1242 1350 gatus
1264 1312 1306 1341 ad
1328 1321 1377 1341 res
1401 1311 1592 1350 repetendas
1614 1309 1649 1340 111
1670 1310 1782 1340 Mace-

1150 1353 1279 1383 doniam
1296 1353 1410 1383 missus
1426 1363 1479 1391 42,
1496 1360 1544 1391 25.
1570 1351 1716 1382 triumvir
1731 1362 1781 1382 co-

1150 1395 1232 1425 lonis
1252 1395 1431 1434 Aquileiam
1451 1393 1648 1425 deducendis
1663 1403 1715 1432 43,
1734 1403 1781 1434 19.

1108 1438 1265 1467 Annonae
1280 1437 1393 1466 habita
1409 1446 1485 1466 cura
1500 1436 1628 1466 Romae
1645 1446 1674 1473 2,
1686 1446 1718 1477 9,
1731 1445 1782 1475 34.

1153 1489 1202 1516 10,
1222 1489 1268 1510 11.
1292 1489 1439 1509 annonae
1455 1477 1570 1509 caritas
1589 1481 1688 1517 atque
1706 1478 1783 1508 inde

1149 1522 1262 1551 turbae
1286 1531 1315 1559 2,
1335 1530 1385 1559 34.
1410 1532 1441 1559 4,
1460 1530 1507 1551 12.
1539 1520 1644 1551 vilitas
1664 1529 1716 1559 31,
1731 1527 1781 1559 50.

1149 1567 1251 1600 tanta,
1261 1567 1297 1593 ut
1313 1567 1471 1593 mercator
1486 1572 1543 1602 pro
1558 1566 1690 1593 vectura
1704 1572 1782 1593 nau-

1149 1606 1189 1636 tis
1204 1605 1368 1645 reliquerit
1383 1606 1583 1636 frumentum
1598 1614 1651 1644 30,
1667 1605 1718 1644 38.

1108 1648 1231 1679 Annuli
1253 1648 1407 1687 gemmati
1431 1647 1558 1678 Sabinis
1576 1656 1604 1685 Ι,
1623 1656 1669 1677 11.
1693 1645 1782 1678 aurei

1150 1701 1248 1730 quare
1263 1701 1300 1721 ac
1317 1691 1446 1729 quando
1462 1690 1590 1720 Romae
1609 1688 1727 1729 positi?
1749 1699 1781 1730 9,

1152 1742 1180 1772 7,
1194 1731 1243 1770 46.
1267 1733 1445 1763 occisorum
1459 1732 1501 1762 ad
1517 1732 1648 1763 Cannas
1660 1732 1782 1762 Roma—

1149 1785 1264 1805 norum
1294 1774 1442 1812 detracti,
1471 1774 1618 1804 modium
1647 1774 1782 1813 explent

1151 1827 1202 1855 23,
1236 1827 1283 1848 12.
1321 1817 1442 1847 annulo
1472 1815 1624 1848 Marcelli
1659 1815 1783 1855 potitur

1151 1859 1332 1897 Hannibal,
1359 1869 1461 1898 eoque
1486 1859 1603 1889 frustra
1630 1858 1673 1889 ad
1697 1858 1781 1889 frau-

1150 1903 1224 1932 dem
1240 1902 1332 1932 abuti
1349 1905 1483 1932 conatur
1500 1907 1551 1940 27,
1568 1901 1617 1931 28.

1108 1946 1222 1975 Annus
1237 1955 1256 1974 a
1273 1945 1386 1974 Numa
1402 1943 1565 1983 Pompilio
1587 1943 1630 1973 ad
1652 1951 1780 1973 cursum

1148 1987 1246 2017 lunae
1269 1986 1302 2016 in
1326 1985 1497 2017 duodecim
1517 1993 1643 2015 menses
1664 1983 1780 2014 descri—

1150 2032 1225 2068 ptus
1240 2038 1330 2069 1,19.
1352 2027 1528 2067 multiplici
1543 2025 1659 2057 clade'
1649 2025 1781 2065 insignis

1150 2080 1245 2109 4,12.
1269 2071 1375 2100 hieme
1390 2070 1497 2109 gelida
1512 2072 1544 2099 et
1559 2068 1613 2098 1111
1615 2077 1670 2098 osa
1685 2075 1716 2106 5,
1731 2077 1779 2107 13.

1148 2113 1292 2143 siccitate
1317 2116 1350 2143 et
1374 2111 1485 2150 inopia
1508 2111 1636 2150 frugum
1657 2119 1709 2148 40,
1729 2119 1779 2157 29.

1148 2155 1269 2191 solaris,
1281 2154 1357 2184 ibid.
1380 2153 1456 2183 anni
1473 2152 1648 2183 consularis
1663 2152 1780 2191 princi-

1148 2197 1238 2235 pium
1256 2196 1428 2226 Kalendae
1445 2194 1583 2226 Sextiles
1599 2203 1629 2232 3,
1645 2193 1674 2225 6.
1699 2194 1780 2225 Idus

1148 2238 1258 2268 Maiae
1279 2246 1309 2276 3,
1331 2236 1382 2275 36,
1404 2238 1454 2276 38.
1480 2237 1559 2267 Idus
1581 2237 1780 2268 Decembres

1148 2291 1179 2318 4,
1195 2287 1245 2318 37.
1270 2288 1300 2318 5,
1315 2289 1345 2320 9.
1373 2279 1546 2310 Kalendae
1569 2279 1726 2309 Octobres
1749 2286 1780 2318 5,

1147 2331 1176 2361 9.
1212 2322 1397 2357 Quinctiles
1422 2330 1452 2360 5,
1478 2330 1528 2360 32.
1559 2321 1591 2358 8,
1615 2330 1665 2352 2ο.
1699 2321 1780 2351 Idus

1147 2364 1287 2394 Martiae
1313 2373 1363 2401 22,
1393 2373 1418 2395 1.
1460 2373 1618 2394 annorum
1644 2362 1779 2402 indices,

1148 2405 1241 2443 clavi,
1257 2407 1345 2445 apud
1362 2405 1527 2436 Volsinios
1545 2412 1573 2444 7,
1589 2414 1618 2444 3.

1106 2449 1330 2485 Antemnates,
1356 2448 1482 2487 populi,
1504 2448 1545 2478 ad
1569 2448 1712 2478 Romam
1735 2446 1778 2478 vi-

1147 2491 1287 2521 dendam
1303 2490 1550 2530 proficiscuntur
1562 2499 1590 2527 1,
1601 2499 1631 2530 9.
1654 2490 1778 2520 bellum

1147 2536 1262 2572 parant
1283 2533 1323 2563 ob
1343 2536 1473 2572 raptum
1489 2531 1628 2562 filiarum
1648 2541 1696 2563 10.
1723 2541 1778 2571 pa-

1147 2575 1250 2605 lantes
1265 2574 1299 2604 in
1313 2574 1395 2614 agris
1410 2572 1637 2613 opprimuntur
1655 2583 1703 2604 11.

1106 2617 1251 2647 Antenor
1277 2616 1436 2646 Troianus
1465 2625 1539 2645 cum
1569 2614 1777 2646 multitudine

1149 2659 1316 2689 Henetum
1341 2658 1427 2688 venit
1453 2657 1486 2687 in
1511 2656 1617 2688 sinum
1637 2656 1777 2688 Adriati-

1147 2710 1221 2730 cum
1241 2710 1268 2737 1,
1288 2710 1313 2731 1.

1104 2744 1259 2779 Antenor,
1285 2741 1466 2781 praefectus
1492 2739 1601 2772 classis
1624 2741 1776 2772 Macedo-

1145 2784 1248 2819 nicae,
1278 2783 1364 2823 capit
1394 2783 1591 2822 hippagogos
1620 2782 1777 2813 Eumenis

1146 2838 1197 2865 44,
1210 2827 1258 2858 28.
1284 2825 1399 2856 traiicit
1412 2825 1643 2857 Cassandream
1660 2833 1712 2864 45,
1728 2834 1776 2861 10,

1148 2877 1197 2906 31.
