1888 3194
598 157 726 200 LIB.
760 157 900 199 XLV.
943 156 1082 198 CAP.
1121 161 1156 199 7.

180 263 267 291 non
288 263 424 298 ausus,
447 249 490 289 in
511 247 641 289 latere
667 246 813 303 templi
841 261 970 302 prope
998 245 1200 301 angulum
1222 246 1446 287 obscurum
1467 247 1572 289 deli-
1591 260 1633 292 U.
1650 261 1688 293 C.
1711 262 1783 301 584.

180 307 272 348 tuit.
333 305 461 347 Pueri
489 304 593 361 regii
620 303 734 361 apud
765 303 1024 345 Macedonas
1047 303 1304 344 vocabantur
1330 303 1568 359 principum
1585 303 1623 335 Α·
1647 304 1685 336 C.
1713 304 1781 337 168.

176 362 310 413 liberi,
341 362 395 403 ad
425 361 704 403 ministerium
736 361 858 402 electi
886 360 1006 416 regis.
1071 360 1135 401 Ea
1161 359 1322 409 cohors,
1351 358 1595 416 persecuta*

174 434 317 476 regem
345 419 590 476 fugientem,
613 434 666 460 ne
689 427 779 460 tum
800 417 974 474 quidem
1001 416 1264 466 abscedebat,
1286 417 1422 458 donec
1452 417 1566 459 iussu

177 475 258 518 Cn.
276 475 443 518 Octavii
458 476 777 532 pronuntiatum
793 485 857 517 est
876 489 952 531 per
971 489 1236 531 praeconem,
1256 479 1268 498 ‘
1282 473 1440 530 Regios
1461 489 1565 530 pue·
1579 487 1670 527 Regii
1685 491 1776 528 pueri

174 539 264 575 ‘ros
285 532 629 590 Macedonasque
650 533 764 583 alios,
787 533 861 589 qui
885 532 1178 574 Samothracae
1200 540 1351 581 essent,
1373 532 1407 573 si
1429 540 1561 574 trans-
1575 533 1741 562 transeunt

173 590 307 632 ‘irent
336 590 392 632 ad
423 591 650 640 Romanos,
682 590 1028 639 incolumitatem,
1061 589 1382 645 libertatemque
1414 598 1458 630 et
1487 604 1562 631 sua
1573 573 1750 646 {alas-Roma-

171 647 337 689 ‘omnia
362 657 609 698 servaturos,
631 663 739 704 quae
761 656 834 689 aut
852 662 995 688 secum
1016 646 1232 696 haberent,
1254 654 1327 687 aut
1348 646 1392 687 in
1414 645 1561 688 Mace-

169 704 323 746 ‘donia
357 705 649 762 reliquissent?
707 705 781 746 Ad
820 705 928 746 hanc
960 719 1108 746 vocem
1143 704 1334 745 transitio
1370 704 1561 745 omnium

166 761 276 803 facta
305 771 380 813 est,
413 763 668 819 nominaque
699 762 856 804 dabant
886 761 940 803 ad
969 760 1020 803 C.
1042 761 1307 803 Postumium
1343 761 1560 803 tribunum

165 819 359 861 militum.
422 820 599 862 Liberos
627 835 797 876 quoque
830 834 978 876 parvos
1013 819 1149 875 regios
1180 818 1256 860 Ion
1290 818 1560 860 Thessaloni-

164 877 299 918 censis
323 877 499 919 Octavio
526 878 718 919 tradidit:
752 892 831 919 nec
853 877 1088 933 quisquam,
1111 885 1276 932 praeter
1296 875 1557 932 Philippum,

163 934 396 976 maximum
433 944 535 976 natu
570 950 623 976 ex
658 935 767 984 filiis,
802 949 899 976 cum
935 949 1032 989 rege
1068 934 1249 975 relictus.
1319 933 1358 974 T
1362 948 1432 974 um
1467 948 1556 976 sese
1571 944 1732 977 Traditse

162 991 383 1048 filiumque
423 992 600 1034 Octavio
641 992 835 1040 tradidit3
888 991 1099 1032 fortunam
1140 991 1339 1047 deosque,
1376 1006 1557 1047 quorum
1569 997 1636 1020 rex.

162 1049 367 1105 templum
388 1058 488 1098 erat,
511 1048 627 1090 nulla
646 1064 725 1105 ope
746 1048 980 1104 supplicem
1009 1049 1210 1098 iuvantes,
1232 1063 1442 1091 accusans,
1504 1048 1557 1090 In

159 1106 411 1162 praetoriam
436 1121 586 1147 navem
614 1106 775 1162 imponi
803 1106 961 1146 iussus:
995 1104 1146 1147 eodem
1167 1114 1210 1146 et
1230 1106 1423 1161 pecunia,
1446 1121 1554 1162 quae

157 1163 377 1219 superfuit,
399 1162 539 1204 delata
558 1171 643 1204 est:
679 1162 979 1219 extemploque
1006 1162 1147 1203 classis
1168 1162 1462 1218 Amphipolim
1490 1178 1556 1204 re-

157 1221 276 1276 petit.
338 1219 446 1262 Inde
471 1219 673 1262 Octavius
693 1235 835 1276 regem
863 1220 908 1260 in
935 1228 1069 1261 castra
1095 1219 1149 1261 ad
1179 1219 1395 1260 consulem
1427 1220 1552 1270 misit,
1567 1234 1750 1266 Adducitur

156 1277 394 1334 praemissis
439 1277 582 1328 literis,
625 1286 672 1319 ut
711 1277 757 1319 in
802 1285 1008 1334 potestate
1049 1291 1148 1318 eum
1188 1291 1276 1318 esse
1317 1285 1360 1318 et
1399 1276 1553 1319 adduci
1565 1277 1606 1324 ²¹51
1623 1278 1731 1308 Aemi-

155 1334 293 1377 δοῦρε.
1564 1319 1655 1352 lium.

216 1391 458 1434 Secundam
477 1407 570 1435 eam
592 1392 778 1443 Paullus,
800 1391 908 1434 sicut
929 1400 1031 1442 erat,
1048 1391 1267 1434 victoriam
1286 1399 1414 1442 ratus,
1432 1391 1553 1434 victi-
1641 1396 1679 1438 7.

154 1463 243 1491 mas
273 1450 428 1492 cecidit
457 1465 508 1492 eo
538 1450 713 1499 nunti03
751 1458 806 1500 et,
828 1449 1003 1491 consilio
1023 1449 1240 1499 advocato,
1262 1449 1402 1490 literas
1431 1464 1552 1505 prae-

154 1507 255 1549 toris
275 1523 409 1564 quum
439 1508 664 1558 recitasset,
690 1507 744 1556 Q.
764 1507 938 1549 Aelium
960 1507 1233 1548 Tuberonem
1264 1507 1431 1548 obviam
1460 1507 1550 1563 regi

153 1564 288 1606 misit:
322 1573 483 1606 ceteros
504 1580 673 1606 manere
694 1565 738 1605 in
759 1565 967 1621 praetorio
988 1564 1231 1620 frequentes
1251 1564 1381 1605 iussit.
1446 1564 1549 1606 Non

152 1621 252 1663 alias
272 1621 326 1663 ad
348 1621 480 1663 ullum
505 1622 790 1678 spectaculum
819 1631 936 1663 tanta
963 1621 1190 1663 multitudo
1211 1621 1403 1663 occurrit.
1467 1621 1549 1663 Pa-

152 1686 264 1720 trum
285 1688 420 1721 aetate
445 1679 617 1736 Syphax
638 1694 712 1720 rex
734 1687 880 1735 captus
907 1679 952 1719 in
971 1688 1104 1720 castra
1127 1678 1320 1720 Romana
1340 1678 1547 1720 adductus

150 1745 262 1778 erat:
296 1746 588 1794 praeterquam
611 1736 727 1792 quod
757 1751 836 1778 nec
867 1751 953 1786 sua,
976 1751 1054 1777 nec
1084 1736 1223 1792 gentis
1247 1735 1357 1776 fama
1377 1751 1547 1792 compa—

150 1794 319 1844 randus,
357 1804 457 1836 tunc
493 1795 674 1836 accessio
711 1794 861 1835 Punici
898 1793 997 1835 belli
1032 1793 1179 1842 fuerat,
1217 1793 1325 1834 sicut
1363 1792 1546 1834 Gentius

151 1850 431 1893 Macedonici.
495 1852 672 1893 Perseus
692 1860 819 1907 caput
847 1850 945 1892 belli
966 1859 1076 1892 erat:
1111 1866 1189 1892 nec
1221 1850 1350 1906 ipsius
1381 1859 1544 1892 tantum

118 1909 277 1965 apatris
304 1909 469 1965 avique,
491 1924 597 1965 quos
627 1909 831 1964 sanguine
860 1923 908 1949 ac
939 1923 1094 1963 genere
1123 1908 1408 1962 contingebat,
1435 1908 1545 1949 fama

146 1976 419 2023 conspectum
455 1981 553 2008 eum
590 1966 807 2015 efficiebat,
842 1965 917 2007 sed
952 1965 1210 2021 effulgebant
1240 1964 1463 2021 Philippus
1496 1981 1543 2006 ac

148 2021 334 2080 Magnus
356 2023 614 2071 Alexander,
637 2023 711 2080 qui
731 2038 943 2064 summum
964 2023 1187 2079 imperium
1218 2022 1262 2062 in
1292 2023 1392 2063 orbe
1415 2031 1544 2063 terra-

114 2091 240 2123 3rum
273 2080 562 2123 Macedonum
595 2081 791 2123 fecerant.
854 2080 978 2122 Pullo
1009 2080 1186 2122 amictus
1214 2079 1236 2100 ³*
1264 2078 1336 2120 illo
1365 2079 1543 2121 Perseus

114 2137 159 2179 4i
221 2153 356 2180 ressus
385 2147 449 2181 est
478 2148 624 2188 castra,
647 2138 764 2180 nullo
794 2153 965 2180 suorum
998 2137 1079 2179 alio
1109 2136 1277 2186 comite,
1300 2137 1372 2193 qui
1406 2137 1542 2178 socius

144 2153 391 2238 effamitatis
431 2196 775 2238 miserabiliorem
814 2210 913 2237 eum
953 2195 1118 2237 faceret.
1197 2193 1402 2251 Progredi
1442 2210 1541 2251 prae

1499 164 1578 202 179

864 2312 930 2343 alio
955 2313 1075 2343 comite.
1100 2312 1209 2343 (ἷκεν.
1256 2310 1544 2342 Drakenborchius

187 2322 206 2344 2
230 2315 345 2345 Patris
370 2314 500 2355 auique,
529 2324 606 2354 quoe
638 2313 817 2352 sanquine]

865 2355 1083 2385 coniecturam
1123 2353 1255 2385 Graevii
1293 2354 1409 2394 probat
1451 2356 1543 2394 pullo

144 2356 280 2396 Aliquid
313 2356 512 2387 intercidisse
545 2355 708 2386 existimat
743 2356 819 2386 Cre-

144 2398 272 2436 vierius,
287 2398 342 2438 qui
360 2408 454 2429 voces
468 2403 499 2430 et
514 2403 689 2430 ceterorum
706 2409 817 2437 rcynm

142 2445 220 2472 ante
264 2452 318 2472 uos
339 2442 501 2480 sanquine
521 2441 722 2481 reponendas
742 2451 814 2471 cen-

141 2489 200 2515 set.
262 2484 369 2514 eviore
381 2483 567 2514 coniectum
584 2482 770 2514 Perizonius
783 2487 814 2514 et

140 2537 219 2567 quoe
234 2527 475 2557 emendandum
493 2530 612 2557 censet.

185 2578 204 2608 3
221 2570 319 2600 Pullo
329 2571 464 2599 ainictus
476 2570 491 2584 '
504 2570 556 2599 illo
569 2568 725 2606 Perseus]
747 2568 812 2598 De-

141 2615 309 2651 pravatum
350 2611 436 2642 hunc
474 2612 580 2642 locum
613 2611 689 2641 varii
723 2611 814 2641 variis

140 2653 332 2684 coniecturis
357 2658 533 2685 tentarunt.
579 2653 671 2685 Nihil
701 2654 812 2692 proba-

140 2695 248 2734 biliun,
259 2707 357 2736 quam
369 2697 455 2736 quod
468 2696 606 2735 suggerit
620 2696 814 2733 Gronovius,

140 2738 195 2777 qui
220 2749 330 2770 vocem
351 2741 406 2769 illo
425 2745 608 2779 corruptum
631 2749 698 2769 esse
721 2743 814 2778 putat

140 2789 181 2810 ex
195 2782 280 2820 filio,
295 2785 328 2812 et
350 2786 515 2821 praeterea
539 2782 624 2812 nmle
645 2781 811 2811 tmieeuuu

141 2821 237 2853 fuine
271 2823 303 2854 in
334 2828 441 2855 vetere
470 2823 659 2864 exemplari.
721 2824 813 2863 Legit

141 2873 237 2902 ergo:
263 2866 360 2896 Pullo
379 2868 515 2897 amictus
531 2869 671 2898 Peneus
692 2868 811 2905 inqu-⁸-

141 2917 196 2937 ιω
222 2911 268 2938 eut
294 2912 422 2946 σαιιηιῑ
448 2910 534 2949 filio,
565 2910 654 2941 nullo
681 2919 811 2940 suerum

863 2399 1000 2428 amictus
1015 2398 1180 2437 cumfilio,
1197 2396 1294 2426 modo
1316 2406 1392 2427 mox
1410 2407 1468 2437 pro
1482 2399 1538 2437 sa-

862 2445 946 2471 cere!
963 2440 1087 2479 legatur
1093 2440 1251 2478 faciebat.

904 2495 922 2521 4
944 2484 1045 2513 Nullo
1075 2493 1206 2512 suornm
1236 2482 1301 2512 alio
1329 2483 1451 2519 cernite,
1480 2484 1536 2513 rui

857 2527 960 2555 socius
997 2525 1207 2562 calamitatis]
1250 2524 1414 2554 Nimirum
1448 2535 1482 2555 so
1500 2536 1535 2555 us

858 2578 931 2597 cum
972 2567 1038 2597 filio
1079 2566 1237 2597 minorem
1282 2566 1532 2598 misericordiam

859 2611 1036 2649 fletumque
1060 2610 1207 2640 movebat
1228 2608 1421 2646 videntibus,
1436 2620 1532 2649 quam

858 2653 882 2682 si
893 2663 968 2690 grex
980 2653 1065 2683 circu.
1076 2662 1150 2683 cum
1166 2652 1331 2691 plangeret
1343 2652 1534 2688 amicorum,

860 2696 1049 2734 luctumque
1095 2695 1301 2725 incenderet:
1349 2695 1433 2734 quod
1472 2695 1532 2734 ipsi

859 2738 992 2776 contigit
1023 2742 1145 2778 postea,
1172 2747 1272 2776 quum
1304 2736 1335 2767 in
1366 2737 1532 2776 triumpho

859 2780 990 2811 Aemilii
1016 2781 1196 2811 duceretur.
1245 2779 1318 2810 lloc
1344 2779 1416 2810 ideo
1444 2785 1531 2809 nota-

859 2823 973 2860 vimus,
1003 2823 1079 2863 quin
1111 2821 1284 2853 Douintiun
1311 2822 1397 2852 hune
1426 2822 1531 2851 locuni

858 2876 971 2897 niumm
988 2876 1051 2897 nen
1068 2875 1136 2896 esse
1151 2864 1332 2904 suspicatus
1348 2869 1405 2896 est.
1425 2865 1530 2896 Cum.

1233 2951 1307 2987 >1¹2
