1888 3194
505 189 630 232 LIB.
665 189 808 230 XLII.
854 190 1000 231 CAP.
1034 194 1100 231 30.
1428 194 1481 234 63

93 296 232 338 neque
247 281 463 322 Romanos
481 294 602 336 posse
618 293 800 335 aequum
818 293 987 321 censere
1004 278 1201 320 adversus
1215 279 1385 322 fratrem
1402 296 1481 322 ux·
1496 288 1540 321 U.
1556 289 1595 321 C.
1617 289 1689 328 581.

94 339 175 382 oris
194 352 308 380 arma
326 336 457 386 ferre3
489 345 533 379 et
553 336 667 394 apud
686 336 841 378 Persea
860 337 1060 378 victorem
1081 337 1245 378 veniam
1270 352 1346 393 per
1365 353 1480 379 soro-
1494 333 1532 362 A.
1556 332 1594 363 C·
1611 340 1689 399 ‹17¹-

93 411 182 438 rem
197 394 500 451 impetrabilem
516 394 616 436 fore.
662 394 919 443 Ariarathes,
937 393 1241 450 Cappadocum
1257 410 1345 445 reX,
1360 410 1479 452 prae·
1492 384 1659 448 ¹3:2¹3?ssss

94 462 285 509 terquam
305 452 419 509 quod
442 452 645 494 Romanis
665 467 741 494 suo
761 452 932 493 nomine
960 452 1115 493 auxilia
1144 451 1355 508 pollicitus
1376 461 1478 502 erat,
1492 463 1524 489 et
1542 460 1667 491 Persea.

62 521 147 552 3ex
176 525 262 567 quo
293 520 356 552 est
387 511 555 551 iunctus
585 509 769 551 Eumeni
793 509 1006 560 affinitate,
1035 509 1080 550 in
1108 510 1249 551 omnia
1278 509 1376 552 belli
1406 525 1480 567 pa-

92 568 234 624 cisque
275 583 318 609 se
359 567 666 609 consociaverat
706 566 889 609 consilia.
955 567 1194 609 Antiochus
1233 567 1482 610 imminebat

61 625 265 682 4quidem
286 625 476 682 Aegypti
496 641 639 682 regno,
661 634 705 667 et
724 625 948 680 pueritiam
977 625 1098 682 regis,
1121 629 1164 666 et
1189 625 1382 667 inertiam
1415 635 1481 667 tu-

92 692 230 724 torum
264 698 491 740 spernens3
533 694 577 724 et
612 682 864 740 ambigendo
901 683 954 724 de
989 683 1118 725 Coele
1159 681 1278 740 Syria
1312 698 1480 726 causam

90 740 190 782 belli
219 755 264 783 se
293 741 531 783 habiturum
554 741 830 790 existimabat,
858 751 1158 798 gesturumque
1183 741 1273 782 sine
1295 740 1380 782 ullo
1401 741 1480 782 im-

91 797 348 855 pedimento,
385 799 598 855 occupatis
635 798 839 840 Romanis
879 799 924 839 in
960 797 1240 840 Macedonico
1275 798 1397 849 bello,
1434 799 1480 840 id

91 855 271 898 bellum:
306 866 446 898 tamen
475 857 615 898 omnia
645 865 688 898 et
717 872 793 913 per
821 871 916 898 suos
946 856 1104 913 legatos
1128 857 1305 906 senatui,
1327 866 1370 898 et
1390 857 1479 913 ipse

93 913 238 970 legatis
269 929 414 956 eorum
444 915 568 956 enixe
604 913 814 971 pollicitus
845 923 945 956 erat.
1008 914 1274 956 Ptolemaeus
1309 924 1481 971 propter

93 981 272 1014 aetatem
292 971 417 1014 alieni
439 973 565 1013 etiam
587 982 676 1013 tum
698 972 857 1013 arbitrii
878 981 977 1013 erat.
1041 972 1222 1014 Tutores
1249 981 1293 1014 et
1323 972 1479 1014 bellum

62 1029 288 1072 sadversus
310 1030 571 1071 Antiochum
593 1030 806 1086 parabant,
830 1045 914 1086 quo
936 1029 1196 1071 vindicarent
1215 1029 1377 1072 Coelen
1401 1029 1480 1087 Sy-

92 1086 208 1136 riam,
240 1096 282 1129 et
319 1087 521 1128 Romanis
553 1087 695 1128 omnia
729 1086 1035 1143 pollicebantur
1065 1087 1119 1128 ad
1152 1087 1480 1129 Macedonicum

91 1143 261 1186 bellum.
324 1144 548 1186 Masinissa
568 1155 610 1186 et
630 1145 841 1186 frumento
871 1144 1039 1186 iuvabat
1062 1145 1290 1195 Romanos,
1314 1155 1356 1186 et
1377 1160 1481 1186 aux-

92 1201 163 1244 ilia
188 1217 284 1244 cum
312 1202 547 1259 elephantis
568 1201 917 1259 Misagenemque
948 1202 1082 1244 filium
1113 1203 1278 1244 mittere
1309 1202 1362 1244 ad
1393 1202 1482 1244 bel·

93 1259 181 1301 lum
202 1260 383 1317 parabat.
449 1260 637 1302 Consilia
657 1270 798 1302 autem
829 1260 873 1301 in
899 1275 1068 1302 omnem
1088 1260 1297 1302 fortunam
1320 1261 1377 1302 ita
1397 1260 1482 1302 dis-

92 1318 228 1375 posita
246 1317 452 1361 habebat:
485 1319 519 1360 si
540 1333 670 1375 penes
688 1319 906 1360 Romanos
926 1318 1099 1360 victoria
1118 1328 1239 1368 esset,
1261 1333 1355 1360 suas
1376 1334 1482 1375 quo-

94 1391 177 1432 que
207 1376 252 1417 in
282 1376 432 1418 eodem
462 1386 573 1418 statu
602 1391 817 1430 mansuras
846 1391 910 1417 res
941 1391 1043 1426 esse,
1065 1391 1203 1432 neque
1236 1375 1344 1418 ultra
1363 1376 1483 1433 quic-

94 1448 221 1490 quam
251 1434 529 1476 movendum:
563 1449 649 1476 non
670 1434 783 1476 enim
804 1449 996 1491 passuros
1019 1433 1247 1484 Romanos,
1269 1434 1353 1475 vim
1378 1434 1484 1475 Car-

94 1492 424 1548 thaginiensibus
455 1491 617 1534 afferri:
651 1492 685 1533 si
712 1491 864 1533 fractae
893 1501 1031 1534 essent
1052 1507 1153 1548 opes
1175 1493 1481 1542 Romanorum,

95 1564 202 1605 quae
225 1559 313 1591 tum
341 1559 609 1606 protegerent
633 1549 1016 1606 Carthaginienses,
1038 1565 1155 1591 suam
1177 1565 1345 1604 omnem
1368 1550 1483 1591 Afri-

95 1622 187 1648 cam
225 1606 324 1649 fore.
388 1607 584 1658 Gentius,
619 1623 696 1649 rex
737 1607 989 1664 Illyriorum,
1025 1607 1180 1649 fecerat
1218 1608 1371 1664 potius,
1408 1623 1484 1650 cur

96 1674 310 1721 suspectus
330 1674 437 1706 esset
460 1665 675 1714 Romanis,
699 1680 825 1721 quam
851 1665 947 1707 satis
978 1674 1189 1715 statuerat,
1212 1676 1348 1709 utram
1369 1666 1484 1708 fove-

97 1732 161 1764 ret
180 1731 363 1779 partem;
397 1723 642 1779 impetuque
670 1723 814 1779 magis,
838 1737 965 1778 quam
995 1722 1181 1772 consilio,
1204 1723 1268 1764 his
1299 1732 1371 1765 aut
1402 1723 1483 1764 illis

97 1795 140 1821 se
170 1779 443 1821 adiuncturus
473 1779 701 1822 videbatur.
767 1780 900 1837 Cotys
921 1780 1079 1830 Thrax,
1105 1780 1364 1838 Odrysarum
1393 1796 1480 1831 rex,

97 1837 314 1879 evidenter
335 1837 620 1879 Macedonum
643 1838 770 1894 partis
791 1848 890 1879 erat.

155 1894 274 1936 Haec
301 1895 508 1936 sententia
538 1895 706 1951 regibus
733 1911 865 1952 quum
895 1907 1002 1936 esset
1032 1895 1085 1937 de
1115 1895 1239 1946 bello,
1268 1895 1313 1937 in
1343 1895 1482 1938 liberis
1558 1899 1625 1937 30.

64 1939 289 2009 ⁶gentibus
317 1952 567 2009 populisque
594 1952 712 2009 plebs
742 1952 899 2009 ubique
931 1953 1065 1994 omnis
1085 1953 1215 1995 ferme
1237 1954 1272 2003 ’ζ
1295 1963 1342 1994 ut
1362 1953 1481 2004 solet,
1496 1954 1580 1990 Quis
1597 1955 1677 2002 lilio-

67 1992 384 2060 ⁷deterioribus‚
402 2021 490 2052 erat
510 2010 563 2051 ad
585 2025 725 2066 regem
750 2010 1092 2066 Macedonasque
1115 2011 1334 2052 inclinata:
1368 2012 1484 2068 prin-
1497 2007 1692 2071 {ffiffifm

95 2068 236 2125 cipum
257 2067 421 2110 diversa
440 2083 633 2110 cerneres
653 2067 801 2110 studia.
862 2068 963 2110 Pars
985 2068 1043 2110 ita
1063 2068 1106 2109 in
1131 2068 1344 2110 Romanos
1365 2070 1485 2111 effusi

96 2135 228 2175 erant,
242 2135 289 2167 ut
301 2126 592 2168 auctoritatem
610 2125 834 2168 immodico
848 2126 985 2167 favore
1000 2136 1316 2183 corrumperent
1329 2143 1340 2177 3
1363 2128 1485 2184 pauci

96 2199 150 2226 ex
172 2183 221 2226 iis
242 2184 398 2225 iustitia
428 2184 592 2241 imperii
616 2184 798 2225 Romani
823 2184 957 2241 capti3
993 2183 1132 2241 plures
1163 2185 1232 2234 ita,
1262 2185 1295 2226 si
1325 2185 1487 2242 praeci-

97 2257 223 2299 puam
254 2257 422 2299 operam
453 2251 685 2292 navassent,
717 2251 911 2298 potentes
941 2257 1029 2283 sese
1062 2242 1104 2282 in
1136 2243 1372 2285 civitatibus
1402 2243 1487 2284 suis

97 2300 258 2342 futuros
285 2300 374 2342 rati.
437 2299 538 2341 Pars
566 2299 696 2342 altera
720 2300 858 2356 regiae
887 2299 1138 2341 adulationis
1162 2310 1262 2350 erat,
1285 2316 1390 2357 quos
1417 2317 1486 2342 aes

96 2357 280 2400 alienum
300 2368 342 2400 et
358 2358 593 2414 desperatio
614 2373 754 2399 rerum
775 2373 956 2408 suarum,
973 2358 1123 2400 eodem
1145 2369 1341 2401 manente
1361 2368 1486 2409 statu,

141 2503 158 2533 3
186 2496 237 2525 latr
256 2505 318 2535 quo
335 2498 380 2524 est
400 2495 528 2524 iunctus
545 2495 684 2525 Eumeni
700 2496 769 2532 uffi-
814 2494 876 2524 suit
893 2494 1086 2532 Gronovius,
1101 2504 1200 2534 quum
1219 2495 1249 2525 in
1266 2494 1385 2535 scripto
1405 2496 1487 2534 lega-

98 2538 216 2575 m'mte]
249 2537 411 2567 Eumenes
427 2547 557 2567 uxorem
575 2537 710 2567 duxerat
727 2537 769 2566 A·
815 2539 888 2567 tur(
898 2539 1126 2577 'oele111.s-yriarn.
1171 2540 1293 2569 Graece
1308 2538 1417 2575 κοίλην
1433 2541 1487 2570 Συ-

98 2579 244 2610 rinmthis
275 2580 387 2615 filium,
417 2584 452 2610 ut
485 2579 648 2617 colligitur
683 2590 769 2619 supr.
814 2579 888 2619 ρίαν.
938 2580 1068 2620 Vulgati
1085 2581 1304 2620 caelesyriam.
1328 2582 1436 2612 (ἵκετ’.

100 2622 230 2653 xxxviii.
254 2631 304 2663 39.
352 2622 390 2652 Ei
419 2633 535 2652 nomen
563 2622 659 2652 fuisse
681 2626 769 2653 Stra·
857 2622 876 2653 6
898 2624 993 2653 Plebs
1008 2624 1125 2664 ubique
1138 2625 1256 2661 unitrix]
1280 2623 1484 2654 Emendatio-

98 2667 222 2696 tonicen
243 2665 337 2696 docet
356 2665 552 2696 Plutarchus
574 2665 606 2695 in
629 2665 708 2695 libro
731 2666 770 2696 dc
817 2676 888 2695 nem
906 2666 1036 2696 Gruteri
1052 2667 1141 2706 plebs
1155 2667 1267 2707 utique
1281 2668 1383 2697 omnis
1398 2677 1485 2707 pmc-

101 2708 187 2739 Fran.
204 2709 332 2739 Amore.
376 2710 529 2740 Ceterum
546 2708 717 2739 mallemus
731 2720 771 2740 ea·
816 2709 876 2739 fert
892 2708 1032 2739 Crevier.

99 2761 161 2792 quo
174 2756 245 2782 erat
260 2752 399 2782 iunctus.
423 2751 530 2783 Οιιεν.
860 2760 875 2790 7
901 2753 1013 2782 Ferme
1037 2752 1065 2786 ',
1089 2756 1124 2782 ut
1149 2751 1236 2787 solet,
1258 2752 1483 2788 delerirnribm']

143 2804 163 2831 4
185 2795 366 2825 Pueritiam
382 2795 483 2834 nqis]
516 2793 548 2824 lu
570 2798 637 2824 emt
664 2794 769 2824 Ptole·
819 2794 984 2824 Excidissc
1009 2794 1139 2825 verbum
1162 2794 1305 2834 aliquod,
1324 2795 1419 2834 qual(-
1441 2806 1474 2823 c.-

101 2844 212 2867 mswus
240 2836 450 2874 Philometor,
476 2836 561 2867 tilius
593 2837 770 2867 Ptolemaei
815 2838 1002 2876 uersat-ens.
1019 2837 1158 2868 Crevier.
1175 2837 1346 2867 existimat.
1383 2837 1487 2873 Vulgo

103 2876 295 2918 Epiphania,
317 2880 358 2910 de
378 2890 441 2919 quo
468 2879 588 2910 mentio
613 2880 698 2910 factu
725 2885 771 2910 ent
815 2881 851 2909 ob
875 2891 977 2918 rem-m
1003 2879 1131 2920 legitur,
1145 2880 1231 2920 quod
1248 2879 1412 2911 timum-iu
1428 2878 1486 2908 dio—

103 2929 188 2960 supr.
205 2921 292 2952 xxxi.
310 2931 336 2952 τ.
354 2927 386 2952 et
401 2922 477 2953 alibi
494 2922 631 2962 saepius.
655 2924 762 2953 (Ὶιιει.
818 2922 926 2962 plicet.

147 2971 164 3000 5
181 2963 443 3003 Coelen-Syriam!
462 2964 515 2996 Sic
527 2965 686 2996 edendum
700 2976 771 2995 vcn-
