1888 3194
600 437 637 499 I
684 437 751 499 N
799 437 866 499 D
912 436 974 499 E
1022 438 1096 499 X

418 599 531 654 IN
603 599 909 654 TITII
982 599 1286 653 LIVII

190 750 1024 807 HISTORIARUM
1096 749 1510 835 LIBROS

517 904 655 954 QUI
708 904 1184 950 SUPERSUNT.

752 1065 945 1087 4-

150 1200 257 1232 ABAcr
284 1208 359 1230 cum
385 1199 458 1231 aliis
484 1199 582 1230 luxus
608 1197 830 1230 instrumentis

194 1242 336 1282 primum
353 1243 495 1273 Romam
512 1242 640 1273 advecti
658 1251 710 1283 39,
727 1240 756 1272 6.

150 1285 257 1323 Abba,
272 1285 348 1316 urbs
364 1285 494 1316 Africae
511 1294 562 1324 3ο,
581 1292 608 1324 7.

150 1327 327 1365 Abbassus,
343 1327 502 1368 oppidum
519 1328 571 1367 38,
591 1335 638 1366 15.

150 1370 293 1408 Abdera,
308 1370 467 1410 oppidum
485 1378 537 1409 45,
555 1379 604 1412 29.

151 1412 328 1443 Abderitae
354 1416 534 1452 queruntur
559 1413 647 1452 apud
679 1414 828 1443 senatum

194 1454 236 1485 de
257 1454 450 1486 erudelitate
471 1454 652 1491 Hortensii,
674 1459 706 1485 et
728 1455 760 1484 in
782 1453 828 1484 in-

193 1500 320 1537 tegrum
335 1497 550 1528 restituuntur
565 1506 618 1536 43,
631 1496 661 1528 6.
693 1496 828 1527 Abderi-

193 1542 300 1570 tarum
316 1549 392 1579 ager
407 1539 459 1578 38,
476 1549 527 1578 41.

152 1581 294 1620 Abelox,
324 1582 443 1613 nobilis
480 1581 615 1623 Sagunti
647 1581 828 1621 Hispanus,

193 1625 320 1655 obsides
338 1625 561 1664 Hispanorum
584 1624 728 1664 Sagunto
751 1624 828 1655 edu—

193 1671 263 1698 ctos
278 1667 377 1698 tradit
395 1667 554 1698 Romanis
571 1676 622 1705 22,
640 1676 690 1698 22.

151 1709 344 1750 Aborigines
365 1710 541 1750 iunguntur
563 1710 693 1740 foedere
715 1708 828 1740 Troia-

193 1752 244 1782 nis
264 1761 290 1791 1,
311 1762 336 1784 1.
363 1757 518 1792 petuntur
533 1753 631 1790 bello,
646 1753 829 1792 ducemque

197 1794 352 1825 Latinum
369 1795 525 1826 amittunt
543 1804 570 1826 2.

152 1837 330 1877 Abrupolis
350 1848 447 1877 regno
472 1838 650 1878 expellitur
668 1848 688 1868 a
711 1837 829 1868 Perseo

195 1889 248 1918 42,
268 1889 317 1919 13,
334 1890 384 1918 4ο-

151 1921 190 1953 C.
208 1922 360 1960 Aburius,
376 1923 501 1963 legatus
515 1923 557 1954 ad
574 1922 781 1954 Masinissam
797 1927 830 1954 et

195 1964 479 2005 Carthaginienses
494 1975 546 2003 42,
559 1964 614 2003 35.

152 2006 201 2038 Μ.
218 2007 372 2045 Aburius,
394 2007 542 2038 tribunus
569 2006 683 2047 plebis,
705 2017 829 2038 moram

193 2049 288 2080 affert
319 2050 368 2081 M.
397 2050 515 2081 Fulvio
541 2050 744 2090 triumphum
777 2060 829 2090 pe-

194 2092 278 2123 tenti
300 2100 352 2133 39,
374 2103 403 2131 4.
433 2097 562 2132 praetor
586 2102 638 2130 41,
663 2093 709 2124 18.
738 2093 827 2123 iuris-

195 2133 373 2166 dictionem
394 2135 478 2166 inter
498 2135 682 2176 peregrinos
699 2135 831 2166 sortitur

200 2186 211 2207 1
240 2200 247 2208 .

155 2186 302 2260 Aby9dus,
319 2219 530 2261 Hellesponti
547 2221 622 2251 urbs
638 2229 690 2259 32,
703 2229 752 2259 33.
778 2229 830 2260 33,

197 2270 250 2300 3ο,
266 2263 317 2301 38.
342 2266 531 2303 oppugnata
553 2274 573 2294 a
596 2263 753 2303 Philippo
777 2272 829 2302 31,

200 2313 250 2342 14,
270 2303 316 2336 16.
340 2306 435 2345 eique
456 2305 567 2336 dedita
592 2314 637 2344 17.
662 2315 827 2345 oppugua-

197 2350 262 2385 tur,
277 2351 309 2378 et
333 2348 536 2387 relinquitur,
555 2357 574 2378 a
597 2348 755 2378 Romanis
778 2355 831 2387 37,

196 2398 228 2430 9,
249 2398 295 2421 12.
320 2390 470 2429 Abydeni
495 2400 560 2420 non
583 2390 762 2421 admittunt
786 2392 829 2421 le-

195 2435 288 2471 gatos
306 2432 453 2472 Philippi
471 2441 523 2471 31,
541 2431 586 2463 16.

155 2473 347 2513 Academia,
375 2475 580 2515 gymnasium
609 2475 748 2506 Athenis
778 2484 829 2514 31,

199 2526 249 2555 24.

155 2559 338 2597 Acanthus,
362 2561 450 2598 urbs,
476 2560 505 2591 vi
532 2559 669 2600 capitur,
693 2570 731 2591 ac
758 2560 831 2590 diri-

198 2602 286 2643 pitur
301 2611 354 2641 31,
370 2611 420 2641 45.

156 2644 311 2676 Acaridos
327 2646 443 2682 Come,
460 2645 548 2676 vicus
564 2645 616 2684 38,
637 2654 684 2684 15.

156 2688 343 2718 Acarnanes
355 2688 506 2728 dirempti
519 2689 560 2719 ab
574 2688 698 2718 Aetolis
715 2687 765 2724 26,
784 2697 831 2726 ²4·

198 2730 240 2760 nb
261 2730 386 2762 Aetolis
408 2730 482 2761 victi
507 2731 697 2771 Philippum
721 2732 831 2761 adver-

199 2781 254 2802 sus
268 2782 324 2803 eos
338 2777 501 2804 arcessunt
521 2782 536 2803 2
541 2781 569 2811 5.
594 2773 776 2809 coniurant,
787 2784 832 2811 se,

201 2813 259 2844 nisi
277 2814 423 2852 victores,
438 2826 478 2846 ex
495 2816 565 2846 acie
585 2826 648 2846 non
665 2816 832 2853 redituros,

202 2854 277 2886 ibid.
299 2856 418 2888 foederi
431 2868 504 2889 cum
521 2858 678 2889 Romanis
688 2858 780 2894 inito,
791 2860 832 2888 nb

204 2897 372 2938 Philippo,
396 2899 610 2931 Macedoniae
635 2910 719 2939 rege.
739 2901 833 2931 ascri-

917 1199 1039 1229 buntur
1056 1208 1106 1240 29,
1123 1208 1170 1230 12.
1194 1200 1235 1230 ob
1251 1200 1332 1231 duos
1347 1200 1490 1239 iuvenes,
1504 1211 1551 1232 re-

917 1241 1045 1281 ligionis
1066 1242 1300 1281 imprudentes,
1315 1244 1357 1273 ab
1373 1244 1550 1274 Athenien-

916 1283 1004 1314 sibus
1025 1284 1224 1322 interfectos,
1240 1285 1384 1316 Atticam
1406 1286 1550 1326 depopu-

918 1326 1026 1357 lantur
1046 1326 1170 1357 auxilio
1189 1328 1412 1358 Macedonum
1431 1337 1484 1367 31,
1504 1338 1551 1367 14.

917 1379 1028 1400 eorum
1055 1369 1230 1400 concilium
1256 1369 1444 1401 Leucadem
1469 1371 1551 1401 indi-

917 1411 1001 1442 citur
1024 1420 1076 1451 33,
1103 1410 1150 1444 16.
1177 1417 1334 1452 respuunt
1361 1413 1550 1444 societatem

918 1454 1016 1485 Rom.
1047 1454 1127 1485 ibid.
1172 1454 1207 1485 in
1239 1455 1439 1486 deditionem
1474 1465 1552 1496 pop.

918 1496 1016 1528 Rom.
1054 1496 1189 1528 veniunt
1231 1504 1278 1536 17.
1329 1508 1349 1529 a
1393 1498 1553 1529 Romanis

915 1539 1018 1569 aversi
1050 1538 1102 1578 36,
1133 1549 1180 1571 11.
1214 1543 1382 1571 tentantur
1411 1541 1453 1571 ab
1484 1541 1551 1571 An-

915 1581 1036 1619 tiocho,
1059 1581 1136 1612 ibid.
1162 1582 1372 1613 Acarnanum
1394 1582 1553 1614 factiones

916 1633 969 1662 43,
1006 1633 1053 1665 19.
1099 1633 1211 1654 eorum
1249 1624 1387 1655 concilio
1426 1625 1553 1656 Leucas

917 1666 1069 1696 eximitur
1086 1674 1138 1705 45,
1156 1675 1206 1705 31.

874 1708 1057 1740 Acarnania
1080 1708 1131 1747 26,
1155 1718 1206 1747 24,
1228 1708 1279 1748 36.
1303 1709 1372 1740 eins
1395 1709 1476 1740 situs
1499 1719 1551 1749 33,

919 1760 966 1791 17.

875 1795 1081 1825 Acarnanum
1100 1798 1211 1834 portus
1228 1794 1278 1833 28,
1297 1802 1324 1834 7.

875 1837 1012 1867 Accensi
1029 1837 1150 1868 milites
1170 1847 1197 1875 1,
1213 1846 1263 1876 43.
1288 1838 1319 1875 8,
1335 1837 1365 1869 8.

876 1879 994 1910 Accius
1014 1890 1038 1910 s.
1055 1880 1154 1910 Attus
1170 1880 1308 1917 Navius,
1323 1891 1426 1920 augur
1446 1885 1551 1912 cotem

917 1922 1077 1953 novacula
1093 1922 1221 1953 discidit
1243 1932 1269 1959 1,
1285 1921 1336 1961 36.

876 1965 987 1995 Accua
1003 1964 1174 2004 oppidum,
1192 1965 1221 1995 vi
1239 1971 1370 2005 captum
1390 1975 1440 2004 24,
1459 1976 1509 1998 2ο.

876 2008 1014 2038 Acerrae
1027 2007 1174 2047 direptae
1190 2012 1222 2038 et
1238 2007 1388 2039 incensae
1400 2019 1420 2039 a
1434 2009 1553 2040 Poenis

920 2058 971 2088 23,
992 2058 1038 2088 17.
1062 2050 1275 2080 restituuntur
1292 2059 1342 2088 27,
1361 2059 1390 2089 3.

877 2092 1047 2123 Acerranis
1071 2092 1183 2122 civitas
1207 2092 1275 2123 sine
1300 2094 1452 2133 suffragio
1477 2094 1554 2126 data

918 2135 950 2172 8,
970 2143 1018 2174 17.

877 2177 1002 2208 Achaia
1020 2184 1071 2216 25,
1092 2185 1138 2216 15.
1163 2186 1216 2216 31,
1233 2176 1282 2209 26.

876 2219 999 2251 Achaei
1031 2219 1190 2250 auxilium
1222 2221 1398 2260 impetrant
1428 2232 1447 2252 a
1477 2222 1552 2254 Phi-

918 2262 1010 2302 lippo
1027 2266 1139 2293 contra
1155 2263 1389 2294 Machanidam
1406 2268 1438 2295 et
1455 2266 1552 2295 Aeto-

918 2305 967 2335 los
999 2313 1049 2344 27,
1079 2314 1128 2346 29.
1167 2305 1324 2345 Philippo
1353 2307 1395 2337 ad
1428 2307 1554 2347 Dymas

919 2351 1091 2378 occurrunt
1105 2356 1157 2386 31.
1174 2358 1248 2378 cum
1261 2349 1386 2379 Aetolis
1400 2349 1554 2389 Eleisque

917 2390 958 2420 ad
973 2390 1144 2421 Messenen
1166 2401 1317 2430 prospere
1339 2397 1484 2432 pugnant
1502 2401 1553 2431 32.

918 2442 1029 2463 eorum
1057 2433 1231 2464 concilium
1260 2433 1353 2473 Aegii
1382 2434 1432 2471 28,
1459 2443 1486 2473 7.
1521 2440 1554 2465 et

919 2475 1023 2515 Argis,
1044 2475 1099 2506 ubi
1120 2476 1161 2506 de
1182 2476 1270 2506 bello
1293 2477 1478 2507 consultant
1499 2477 1554 2507 ad-

920 2528 1027 2549 versus
1045 2518 1155 2549 Nabin
1173 2527 1226 2557 31,
1244 2526 1292 2557 25.
1318 2519 1441 2550 Achaei
1465 2519 1553 2559 pepi-

919 2565 1045 2600 gerunt,
1071 2570 1105 2591 se
1131 2561 1306 2601 quotannis
1331 2561 1490 2593 iuraturos
1520 2562 1552 2592 in

922 2604 1017 2634 verba
1039 2603 1182 2644 Philippi
1206 2612 1258 2642 32,
1278 2613 1306 2643 5.
1334 2604 1372 2634 iis
1392 2605 1551 2644 quaedam

921 2647 1015 2676 urbes
1036 2646 1224 2683 redduntur,
1242 2647 1316 2677 ibid.
1341 2656 1395 2677 eos
1415 2658 1435 2677 a
1455 2647 1553 2677 socie-

920 2692 988 2718 tate
1013 2688 1160 2729 Philippi
1183 2694 1328 2719 avertere
1355 2696 1491 2720 conatur
1514 2689 1553 2719 Τ.

921 2730 1099 2766 Quinctius
1122 2741 1186 2763 cos.
1216 2741 1261 2772 ¹9·
1295 2732 1466 2771 expellunt
1490 2733 1553 2771 Cy-

921 2773 1074 2811 cliadam,
1091 2774 1166 2806 ibid.
1191 2784 1265 2804 cum
1284 2775 1397 2805 Attalo
1415 2779 1447 2804 et
1466 2774 1553 2804 Rho-

920 2816 982 2847 diis
993 2817 1147 2847 adversus
1161 2817 1353 2855 Philippum
1367 2816 1553 2846 societatem

920 2859 1058 2898 iungunt
1076 2867 1125 2897 23.
1150 2863 1221 2898 post
1240 2859 1366 2897 longum
1384 2863 1415 2888 et
1432 2857 1552 2896 ancipi-

922 2905 986 2932 tem
1022 2901 1288 2932 deliberationem
1329 2900 1484 2930 Rotnani·
1521 2911 1554 2931 ue

1258 2942 1271 2959 ‚b
1301 2955 1325 2980 ,rx
