1888 3194
896 186 1188 225 INDEX.

395 266 476 298 tioni
491 265 625 306 Sagunti
643 263 828 305 praeficitur
841 264 882 294 ab
899 262 1024 294 Hanni-

397 311 470 341 bale
486 309 707 350 proficiscente
727 307 759 338 in
777 307 935 337 Oretanos
950 306 1026 337 Car-

399 356 597 393 petanosque
614 361 666 388 21,
679 361 725 381 12.
749 350 965 389 depopulatur
980 358 1027 379 so-

399 396 520 427 ciorum
538 394 651 434 populi
664 394 761 424 Rom.
778 402 868 432 agros
884 399 934 430 45.
959 401 1028 431 per-

400 439 542 478 sequitur
557 438 734 473 Romanos,
746 446 765 466 a
778 434 965 466 Trasimeno
981 434 1028 464 fu-

399 481 522 522 gientes
542 490 592 518 22,
608 478 637 510 6.
670 478 851 519 praefectus
873 477 1029 516 equitum,

400 525 514 555 suadet
531 521 711 554 Hannibali
734 524 806 560 post
821 521 947 551 cladem
964 520 1029 549 Ro-

399 576 569 598 manorum
592 566 634 595 ad
657 565 797 602 Cannas,
816 566 852 593 ut
871 561 1030 601 quampri-

400 620 491 640 mum
514 609 656 640 Romam
680 609 769 647 petat
793 613 842 644 51.
867 605 905 636 cf.
929 608 961 635 et
982 612 1032 642 23,

406 652 453 683 18.

360 693 530 731 Malacini,
547 702 598 732 33,
616 702 664 723 21.

359 737 472 768 Malea
492 745 546 809 31,
569 746 610 773 44
633 738 665 764 et
688 740 739 772 47.
763 742 814 772 32,
840 731 884 762 16.
911 730 961 769 36,
983 740 1031 768 42.

426 790 455 817 2,
472 787 488 817 5
513 802 521 809 .

359 791 491 853 Mgileae
507 818 761 860 promontorium
778 826 829 855 34,
846 826 896 856 32.

346 865 585 904 ‚Maleventum
601 872 632 903 9,
650 869 698 900 27.
727 870 774 897 10,
793 867 841 898 15.

360 907 522 938 Maliacus
544 905 632 935 sinus
653 911 704 943 27,
720 913 769 943 3ο.
795 911 845 941 31,
866 900 915 940 46.
941 910 991 942 32,
1013 913 1032 940 4

404 953 436 980 et
452 958 502 987 32.
528 946 578 988 36,
598 957 644 986 14.

362 991 529 1023 Malitiosa
543 990 623 1021 silva
642 999 670 1027 1,
687 998 736 1027 3ο.

362 1034 531 1066 Maliensis
545 1042 620 1073 ager
635 1032 666 1062 in
684 1030 822 1062 Graecia
839 1039 891 1069 42,
908 1039 957 1068 40.

362 1076 524 1114 Malleoli,
540 1075 640 1116 ignita
655 1075 721 1105 tela
738 1074 788 1113 38,
805 1072 834 1104 6.

362 1120 508 1151 Malloea
531 1117 747 1150 Perrhaebiae
771 1125 822 1155 31,
841 1125 891 1154 41.
916 1114 967 1153 36,
987 1124 1037 1154 13.

405 1171 457 1204 39,
472 1170 520 1201 25.
544 1161 575 1192 vi
591 1160 717 1200 capitur
732 1170 752 1190 a
767 1158 938 1198 Menippo,
954 1159 1035 1188 duce

405 1204 560 1236 Antiochi
583 1203 635 1243 36,
662 1213 709 1234 10.
747 1202 924 1232 Malloeam
948 1200 1036 1240 capit

406 1247 580 1288 Philippus
600 1255 646 1285 13.
671 1245 797 1285 capitur
812 1247 844 1275 et
857 1243 1005 1283 diripitur
1016 1253 1035 1274 a

405 1289 564 1321 Romanis
580 1299 631 1327 42,
648 1287 698 1327 67.

363 1331 552 1363 Mamertini
570 1332 620 1368 28,
637 1331 687 1361 28.

363 1375 401 1406 C.
412 1375 581 1406 Mamilius
594 1374 737 1411 Vitulus,
750 1373 872 1412 primus
884 1382 923 1402 ex
940 1372 1035 1411 plebe

405 1418 493 1449 curio
508 1416 670 1448 maximus
686 1419 810 1447 creatur
827 1422 878 1453 27,
893 1414 922 1445 8.
946 1424 1035 1453 prae-

405 1464 454 1491 tor
471 1468 520 1500 35.
553 1459 684 1490 sortitur
706 1458 849 1489 Siciliam
874 1455 913 1496 36
933 1460 965 1487 et
985 1457 1034 1495 38.

405 1504 530 1543 legatus
552 1503 593 1533 ad
618 1501 809 1540 Philippum
832 1509 882 1539 3ο,
902 1498 951 1530 26.
982 1509 1035 1538 pe-

406 1545 548 1576 stilentia
563 1544 698 1575 moritur
713 1553 765 1581 41,
782 1541 830 1573 26.

364 1588 402 1619 L.
418 1587 597 1625 Mamilius,
621 1585 754 1617 Tusculi
777 1585 925 1622 dictator,
947 1584 1036 1615 auxi-

406 1630 485 1661 lium
506 1631 567 1661 fert
584 1628 742 1661 Romanis
758 1637 788 1667 3,
808 1627 855 1658 18.
887 1628 1038 1659 Romana

406 1673 536 1704 civitate
553 1673 690 1703 donatur
706 1680 754 1713 29.

365 1717 438 1747 Oct.
452 1714 619 1746 Mamilius
635 1714 851 1750 Tusculanus,
863 1714 903 1743 ab
918 1713 1037 1752 Ulysse

407 1759 545 1798 Deaque
571 1757 665 1789 Circe
691 1756 844 1787 oriundus
875 1766 901 1794 1,
926 1765 975 1797 49.
1008 1755 1037 1786 ei

406 1801 508 1831 filiam
531 1804 669 1840 nuptum
694 1800 749 1829 dat
768 1798 963 1838 Tarquinius
980 1798 1037 1829 Su-

406 1845 535 1884 perbus,
561 1843 638 1873 ibid.
677 1843 719 1872 ad
749 1852 823 1872 eum
854 1842 1037 1872 exsulatum

406 1886 474 1917 abit
497 1896 585 1917 socer
607 1895 636 1924 2,
661 1892 707 1924 15.
742 1883 882 1915 concitat
907 1883 1038 1923 triginta

407 1929 545 1969 populos
568 1929 720 1959 adversus
742 1928 909 1958 Romanos
928 1927 974 1957 18.
1004 1926 1037 1957 in

407 1982 516 2012 pugna
531 1972 572 2002 ad
585 1970 752 2010 Regillum
769 1971 875 2000 lacum
893 1970 1036 2000 vulnera-

408 2018 462 2045 tur
482 2024 493 2044 1
521 2039 528 2045 .

366 2057 410 2093 Q.
424 2024 603 2094 Mariiilius,
619 2055 732 2087 aedilis
747 2055 852 2095 plebis
869 2063 918 2095 27,
936 2054 986 2093 36.

366 2100 409 2136 Q.
424 2099 591 2130 Mamilius
614 2098 779 2130 Thurinus
805 2101 932 2137 praetor
954 2107 1038 2128 crea-

407 2146 472 2180 tur,
495 2152 570 2173 cum
596 2141 710 2172 aedilis
737 2141 782 2180 pl.
806 2143 888 2171 esset
913 2140 964 2177 28,
991 2150 1037 2171 10.

407 2184 537 2215 sortitur
552 2183 803 2214 iurisdictionem
828 2183 1038 2222 peregrinam,

408 2228 464 2259 sed
479 2226 598 2266 accipit
610 2225 766 2262 Galliam,
781 2225 858 2256 ibid.

366 2269 564 2300 Mandonius
591 2278 640 2305 22,
667 2278 716 2298 21.
754 2268 851 2298 frater
878 2267 1038 2304 Indibilis,

410 2312 587 2351 Ilergetum
609 2310 711 2349 reguli
729 2308 779 2347 26,
795 2319 845 2349 49.
876 2309 943 2340 eius
959 2319 1039 2339 uxor

409 2357 505 2393 capta
520 2353 600 2383 flens
615 2353 655 2382 ad
672 2353 770 2391 pedes
786 2351 944 2390 Scipionis
967 2362 1036 2390 pro-

409 2395 544 2432 cumbit,
577 2395 828 2432 obtestaturque,
858 2397 893 2423 ut
929 2404 1037 2424 curam

408 2438 601 2469 feminarum
643 2436 818 2475 impensius
855 2437 1038 2466 custodibus

409 2481 662 2517 commendaret,
674 2479 749 2509 ibid.
775 2479 972 2509 Mandonius
987 2479 1038 2510 de-

410 2523 478 2554 ficit
493 2523 535 2553 ad
552 2523 718 2553 Romanos
735 2528 785 2559 27,
805 2528 851 2560 17.
876 2521 903 2551 01
920 2521 1037 2552 coniux

411 2570 443 2597 et
458 2566 549 2596 liberi
565 2565 752 2600 redduntur,
762 2563 837 2595 ibid.
861 2564 982 2601 deficit,
994 2568 1037 2603 et,

411 2607 578 2639 concitatis
599 2606 818 2647 popularibus,
832 2616 923 2646 agros
942 2607 1040 2637 socio-

410 2661 480 2681 rum
511 2649 625 2690 populi
653 2648 793 2680 Romani
824 2649 1041 2689 depopulatur

413 2694 463 2731 28,
480 2703 529 2731 24.
563 2702 679 2732 magna
703 2702 811 2731 pugna
833 2691 969 2722 vincitur
990 2702 1039 2732 33.

410 2735 534 2777 petenti
558 2735 685 2766 veniam
708 2734 843 2774 ignoscit
866 2734 973 2774 Scipio
990 2745 1039 2774 34.

411 2778 521 2809 deficit
540 2788 560 2808 a
575 2777 744 2814 Romanis,
759 2777 815 2807 sed
831 2777 1039 2816 comprehen-

412 2832 464 2852 sus
479 2820 616 2851 traditur
631 2820 672 2850 ad
687 2819 882 2859 supplicium
902 2829 952 2860 29,
969 2830 996 2859 3.

369 2863 602 2903 Mandropolis,
632 2862 788 2902 oppidum
820 2862 851 2891 in
879 2862 956 2892 Asia
983 2863 1039 2893 1111-

412 2917 498 2945 11010,
520 2906 562 2937 acl
583 2906 668 2945 quod
684 2905 744 2936 Cn.
763 2904 906 2936 Manlius
929 2907 1038 2936 consul

1111 262 1145 293 in
1166 263 1253 294 bello
1269 266 1380 295 contra
1395 262 1626 303 Gallograecos
1640 265 1744 293 castra

1113 305 1230 345 posuit,
1247 307 1298 345 38,
1312 314 1358 345 15.

1072 348 1257 387 Manduria,
1273 349 1431 389 oppidum
1454 348 1487 379 in
1511 347 1708 386 Sallentinis,
1723 358 1744 379 a

1116 391 1159 427 Q.
1173 392 1274 422 Fabio
1291 401 1352 422 cos.
1369 391 1399 422 vi
1416 391 1540 431 capitur
1559 398 1609 430 27,
1628 398 1675 430 15.

1072 434 1190 464 Manes
1209 444 1236 472 1,
1257 444 1306 465 20.
1339 434 1488 465 Manium
1512 434 1744 473 placandorum

1115 477 1193 507 ritus
1205 478 1337 507 edocere
1348 477 1485 507 debebat
1500 476 1645 516 pontifex
1657 486 1743 507 max.

1116 519 1191 549 ibid.
1231 519 1302 549 Diis
1325 520 1478 550 Manibus
1500 519 1689 558 Tellurique
1711 528 1745 549 se

1117 561 1252 592 devovet
1269 561 1391 592 Decius
1407 563 1437 598 8,
1453 571 1481 602 9.

1077 603 1114 634 P.
1129 604 1296 641 Manilius,
1312 604 1435 643 legatus
1457 604 1490 634 in
1507 604 1677 644 Illyricum
1693 610 1745 643 45,

1123 656 1134 676 1
1144 654 1170 685 7.

1076 688 1150 719 Sex.
1168 688 1324 718 Manilius
1348 688 1381 718 in
1405 688 1581 719 secessione
1604 688 1746 719 militum

1120 741 1192 761 cum
1207 731 1254 761 M.
1264 730 1372 770 Oppio
1384 741 1527 762 summae
1539 741 1644 762 rerum
1660 741 1750 770 prae-

1120 777 1167 803 est
1184 782 1213 812 3,
1231 782 1280 813 51.

1077 816 1267 856 Manipulus
1286 826 1313 853 1,
1327 824 1376 856 52.
1402 823 1430 856 7,
1448 825 1495 854 24.
1519 817 1606 847 leves
1621 815 1749 847 vicenos

1118 859 1248 895 milites,
1274 859 1371 889 aliam
1397 860 1524 889 turbam
1551 862 1748 890 scutatorum

1118 902 1258 932 habebat
1273 902 1304 940 8,
1321 903 1349 932 8.

1077 944 1222 975 Manliae
1251 945 1354 984 gentis
1383 946 1511 975 decreto
1540 948 1682 982 cautum,
1707 954 1750 975 ne

1121 987 1191 1026 quis
1210 987 1326 1018 deinde
1347 988 1395 1018 M.
1413 987 1557 1018 Manlius
1572 991 1704 1019 vocetur
1717 985 1750 1025 6,

1122 1039 1171 1061 20.

1079 1072 1248 1103 Manliana
1263 1071 1398 1113 imperia
1414 1084 1444 1111 4,
1462 1083 1511 1114 29.
1536 1074 1567 1111 8,
1584 1080 1611 1112 7.

1079 1115 1267 1146 Manlianus
1282 1116 1381 1146 saltus
1396 1116 1429 1146 in
1447 1116 1607 1156 Hispania
1623 1125 1674 1155 40,
1691 1125 1741 1157 39.

1080 1158 1197 1188 Manlii
1214 1158 1354 1195 Acidini,
1369 1159 1433 1189 duo
1449 1159 1581 1190 iuvenes
1599 1158 1750 1197 illustres,

1121 1201 1240 1231 tribuni
1256 1201 1396 1231 militum
1414 1212 1465 1239 42,
1482 1211 1531 1242 49.

1080 1244 1118 1274 A.
1133 1243 1288 1281 Manlius,
1305 1242 1373 1284 (cui
1396 1244 1429 1274 in
1453 1244 1536 1274 Livii
1559 1243 1750 1284 exemplari-

1122 1287 1181 1316 bus
1192 1296 1360 1326 perperam
1371 1287 1545 1326 apponitur
1554 1297 1750 1327 praenomen

1122 1328 1176 1369 C.)
1195 1339 1256 1359 cos.
1275 1339 1304 1366 2,
1321 1337 1371 1367 54.
1402 1333 1570 1360 accusatur
1590 1332 1662 1369 post
1677 1339 1750 1360 con-

1121 1372 1274 1409 sulatum,
1289 1372 1365 1403 ibid.
1396 1372 1553 1410 tribunus,
1568 1372 1636 1403 eius
1658 1382 1751 1403 accu-

1122 1417 1217 1451 sator,
1233 1414 1319 1444 domi
1342 1414 1542 1452 interficitur,
1560 1415 1636 1446 ibid.
1668 1415 1751 1455 lega-

1121 1460 1173 1487 tus
1189 1457 1334 1487 Athenas
1353 1456 1468 1487 missus
1486 1458 1593 1497 legum
1610 1467 1706 1488 causa
1722 1466 1753 1496 3,

1123 1507 1172 1538 31.
1197 1499 1358 1529 decemvir
1373 1503 1498 1530 creatur
1513 1509 1563 1540 33.

1081 1542 1120 1572 A.
1135 1542 1291 1580 Manlius,
1311 1541 1383 1573 trib.
1405 1542 1473 1574 mil.
1493 1553 1554 1574 cos.
1572 1546 1638 1583 pot.
1654 1553 1685 1582 4,
1700 1541 1752 1574 61.

1122 1583 1238 1615 iterum
1264 1592 1294 1624 5,
1319 1585 1348 1615 8.
1382 1585 1513 1616 tertium
1541 1585 1586 1618 16.
1618 1587 1753 1626 legatus,

1123 1637 1252 1658 auream
1280 1631 1435 1658 crateram
1462 1629 1581 1659 donum
1606 1628 1753 1668 Apollini

1124 1670 1274 1710 Delphos
1303 1671 1364 1701 fert
1392 1671 1441 1702 28.
1478 1681 1498 1702 a
1528 1671 1752 1711 Liparensium

1123 1711 1234 1753 piratis
1250 1717 1374 1753 captus,
1389 1716 1422 1744 et
1437 1713 1596 1752 dimissus,
1610 1714 1687 1745 ibid.

1082 1756 1121 1786 A.
1135 1756 1290 1794 Manlius,
1305 1756 1452 1787 tribunus
1466 1756 1620 1796 militum,
1633 1756 1752 1788 11110111-
1799 1766 1802 1770 ·

1125 1798 1207 1829 citur
1223 1806 1273 1838 27,
1291 1806 1340 1838 27.

1083 1841 1122 1872 A.
1136 1842 1281 1872 Manlius
1296 1841 1512 1881 Capitolinus,
1526 1841 1598 1874 trib.
1610 1842 1678 1873 mil.
1690 1852 1752 1874 cos.

1123 1888 1190 1924 pot.
1214 1883 1245 1923 6,
1269 1894 1294 1915 1.
1325 1884 1442 1915 iterum
1467 1894 1513 1916 11.
1548 1885 1679 1916 tertium
1702 1894 1753 1917 21.

1124 1930 1272 1966 quartum
1295 1926 1346 1966 36.
1375 1928 1472 1958 frater
1491 1928 1539 1959 M.
1556 1927 1674 1959 Manlii
1692 1928 1755 1960 Ga-

1124 1969 1264 2009 pitolini,
1279 1980 1353 2000 cum
1369 1980 1407 2001 eo
1422 1974 1543 2001 vestem
1565 1981 1631 2001 non
1648 1973 1754 2001 mutat

1126 2022 1175 2043 20.

1082 2056 1121 2086 A.
1135 2054 1280 2086 Manlius
1303 2055 1496 2095 Torquatus,
1519 2059 1647 2095 praetor
1668 2064 1752 2086 crea-

1125 2101 1176 2128 tus
1193 2105 1244 2136 45,
1264 2107 1310 2136 14.
1341 2098 1469 2128 sortitur
1489 2097 1679 2136 Sardiniam,
1697 2098 1753 2129 sed

1124 2139 1157 2170 in
1173 2140 1370 2179 provinciam
1393 2140 1438 2170 ire
1455 2140 1589 2180 nequiit,
1604 2150 1753 2172 exercen-

1125 2182 1174 2212 dis
1195 2182 1320 2212 iudiciis
1344 2193 1384 2213 ex
1408 2183 1684 2214 senatusconsulto
1706 2193 1753 2214 re-

1124 2228 1233 2255 tentus
1251 2223 1298 2255 16.

1082 2267 1278 2297 A.Manlius
1294 2267 1410 2305 Vulso,
1433 2278 1495 2299 cos.
1517 2278 1568 2306 40,
1589 2276 1638 2310 59.
1667 2268 1754 2300 male

1124 2319 1190 2339 rem
1213 2309 1294 2349 gerit
1310 2311 1461 2341 adversus
1477 2311 1576 2341 Istros
1592 2320 1643 2349 41,
1660 2312 1752 2352 5—8.

1124 2353 1300 2391 populatur
1321 2352 1449 2383 Istriam
1468 2363 1515 2391 14.
1546 2353 1670 2384 obsidet
1686 2354 1753 2385 Ne-

1124 2394 1259 2467 sacgium
1270 2405 1346 2435 opp.
1358 2402 1404 2434 15.
1421 2395 1753 2435 dimittiturRomam,

1126 2437 1168 2466 ibi
1194 2461 1201 2468 .

1084 2480 1121 2511 C.
1136 2480 1290 2517 Manlius,
1305 2480 1376 2511 trib.
1399 2481 1465 2512 mil.
1483 2491 1544 2512 cos.
1566 2484 1632 2520 pot.
1653 2479 1684 2520 6,
1701 2490 1751 2521 30.

1125 2523 1211 2553 male
1226 2533 1293 2553 rem
1308 2523 1401 2563 gerit,
1416 2524 1491 2554 ibid.

1085 2565 1145 2596 Cn.
1160 2565 1314 2603 Manlius,
1328 2576 1389 2597 cos.
1404 2575 1433 2604 2,
1445 2575 1495 2605 43.
1518 2565 1552 2596 111
1567 2566 1689 2606 proelio
1699 2576 1750 2597 oc-

1127 2607 1239 2638 ciditur
1257 2615 1307 2647 47.

1085 2651 1144 2682 Cn.
1158 2650 1315 2687 Manlius,
1334 2661 1396 2682 cos.
1421 2657 1450 2689 7,
1470 2660 1515 2681 12.
1539 2651 1691 2683 Tiburtes
1710 2653 1752 2684 ad

1125 2693 1252 2723 moenia
1273 2692 1399 2724 Romae
1419 2693 1526 2731 vincit,
1542 2693 1616 2725 ibid.
1641 2704 1751 2725 secun-

1125 2736 1202 2766 dum
1233 2745 1297 2765 cos.
1335 2734 1381 2766 16.
1424 2736 1575 2767 adversus
1610 2736 1753 2768 Faliscos

1127 2777 1348 2818 proficiscitur,
1371 2777 1446 2808 ibid.
1477 2778 1580 2818 legem
1603 2779 1643 2810 de
1669 2779 1751 2811 vice-

1125 2821 1206 2851 sima
1221 2820 1486 2851 manumissorum
1508 2821 1540 2851 in
1557 2821 1666 2853 castris
1679 2822 1753 2861 fert,

1126 2863 1200 2894 ibid.
1228 2863 1367 2893 interrex
1395 2870 1441 2902 17.
1472 2874 1582 2895 censor
1608 2874 1655 2896 22.
1685 2875 1750 2896 ma-

1125 2905 1220 2945 gister
1235 2905 1378 2945 equitum
1398 2907 1444 2936 28.
