1888 3194
327 160 405 198 182
835 156 983 198 TITI
1020 156 1200 198 LIVII

116 249 161 281 U·
179 250 218 281 C·
241 250 313 290 584·
325 252 475 286 ventus
505 243 737 301 legatomm
768 245 885 286 auxit
914 246 1054 302 potius
1082 247 1274 288 tim01em
1296 245 1466 295 civitati,
1489 259 1617 300 quam
1637 244 1716 285 mi-

115 292 166 364 *ῗο
181 292 315 366 {55¹2}
328 302 432 343 nuit.
498 302 655 344 Omnia
674 303 788 343 enim
809 303 1025 359 Popillius,
1049 319 1156 360 quae
1188 303 1341 359 singuli
1369 302 1636 366 universique
1664 316 1716 343 eo

116 335 245 416 p'erlftas·
328 359 438 401 bello
469 360 675 401 hostiliter
700 360 908 410 dixeiant,
934 361 1215 417 fecerantque,
1238 360 1402 401 retulit:
1437 368 1491 409 et,
1514 359 1577 400 vir
1597 372 1718 414 asper

327 417 511 473 ingenio,
535 418 714 473 augebat
734 418 993 459 atrocitatem
1014 433 1171 468 eorum,
1194 433 1301 474 quae
1323 417 1574 482 dicerentur,
1596 415 1718 456 vultu

329 475 436 516 truci
471 483 513 516 et
548 475 804 516 accusat01ia
837 490 964 516 voce:
1008 484 1067 525 ut,
1100 490 1232 531 quum
1267 474 1457 531 propriae
1494 472 1716 515 simultatis

328 532 445 573 nulla
472 547 595 573 causa
622 547 718 572 cum
747 532 912 573 civitate
934 540 1053 581 esset,
1076 548 1130 573 ex
1158 532 1281 573 unius
1309 531 1510 573 senatoris
1531 529 1717 572 Romani

328 589 565 639 acerbitate,
588 589 722 644 qualis
752 589 795 629 in
827 604 869 629 se
898 589 1080 630 universi
1101 597 1269 630 senatus
1289 589 1452 630 animus
1473 596 1593 637 esset,
1615 601 1717 628 con-

120 648 262 679 Decimii
327 646 543 687 iectarent.
607 647 656 687 C.
676 645 862 686 Decimii
889 646 1141 687 moderatior
1162 646 1293 687 oratio
1313 646 1404 695 fuit,
1427 645 1513 701 qui,
1537 645 1606 686 ‘in
1626 643 1717 701 ple-

118 691 306 724 moderatio.
330 708 342 727 ‘
357 704 496 759 115(1110
522 718 680 752 00111111,
703 718 810 758 quae
833 711 1158 743 commemorata
1188 718 1212 743 a
1241 702 1424 758 Popillio
1455 711 1605 751 essent,
1627 701 1717 742 cul-

329 766 452 816 ‘pam
490 775 575 800 non
608 774 737 815 penes
772 759 989 815 populum,
1022 759 1096 800 sed
1131 774 1261 815 penes
1295 774 1451 815 paucos
1485 759 1717 800 concitores

329 817 471 872 ‘vulgi
499 817 612 865 esse,’
633 816 752 857 dixit.
816 822 828 839 ‘
845 815 942 866 Eos,
963 816 1153 857 venalem
1184 816 1371 872 linguam
1401 816 1617 865 habentes,
1643 815 1718 856 de-

329 880 341 898 ‘
357 883 470 914 creta
498 873 624 929 plena
653 873 792 928 regiae
823 873 1113 914 assentationis
1133 873 1300 915 fecisse:
1334 881 1377 914 et
1397 888 1466 914 eas
1485 873 1717 929 legationes

329 931 526 980 (111151550,
565 946 742 995 quarum
784 930 976 972 Rhodios
1015 945 1180 996 semper
1218 946 1306 972 non
1345 930 1485 972 minus
1522 930 1714 986 puderet,

329 994 483 1053 ‘quam
512 988 761 1044 poeniteret.
827 987 948 1036 Quae
971 988 1125 1038 omnia,
1148 988 1182 1029 si
1203 1004 1252 1029 ea
1272 1003 1391 1029 mens
1417 988 1576 1044 populo
1595 987 1714 1037 foret,
1728 997 1746 1029 5

328 1052 338 1070 ‘
355 1046 401 1086 in
421 1046 558 1102 capita
587 1046 809 1086 noxiorum
830 1061 1007 1086 ver.sura
1013 1045 1022 1063 ’
1084 1046 1196 1087 Cum
1228 1061 1381 1101 magno
1402 1060 1571 1086 assensu
1597 1044 1717 1086 audi-

328 1112 393 1144 tus
423 1111 498 1152 est,
530 1118 617 1144 non
647 1103 778 1158 magis
810 1118 871 1168 eo,
905 1103 1021 1159 quod
1050 1103 1367 1144 multitudinem
1397 1117 1509 1144 noxa
1537 1102 1714 1152 levabat,

326 1175 456 1225 quam
485 1160 600 1216 quod
635 1160 801 1216 culpam
838 1160 883 1200 in
919 1169 1109 1201 auctores
1143 1168 1334 1202 verterat.
1398 1159 1548 1216 Itaque
1582 1174 1715 1216 quum

324 1217 535 1273 principes
568 1231 712 1259 eorum
746 1217 949 1258 Romanis
980 1217 1297 1273 imesponderent
1328 1231 1598 1273 nequaquam
1629 1225 1716 1258 tam

325 1283 443 1331 grata
455 1275 586 1316 oratio
603 1289 747 1315 eorum
763 1274 855 1324 fuit,
871 1274 957 1330 qui,
973 1290 1080 1330 quae
1095 1274 1300 1331 Popillius
1316 1275 1538 1324 obiecerat,
1553 1273 1714 1315 diluere

325 1340 542 1388 utcunque
557 1332 696 1373 conati
711 1340 826 1380 sunt3
860 1347 986 1387 quam
1000 1347 1159 1382 eorum,
1177 1332 1251 1388 qui
1266 1331 1486 1373 Decimio
1475 1347 1520 1372 m
1534 1331 1716 1373 auctori-

116 1392 274 1439 Damnati
324 1390 402 1431 bus
423 1389 476 1430 ad
496 1389 708 1445 piaculum
729 1404 864 1430 noxae
885 1389 1131 1430 obiiciendis
1152 1389 1306 1430 assensi
1327 1397 1435 1430 sunt.
1481 1388 1715 1430 Decretum

114 1436 334 1512 ‘flfflessfftse⁰·
324 1447 452 1503 igitur
473 1446 697 1502 extemplo,
720 1455 780 1496 ut,
798 1446 871 1502 qui
892 1461 968 1511 pro
990 1446 1144 1487 Peiseo
1165 1446 1361 1488 adversus
1383 1446 1599 1487 Romanos
1619 1445 1716 1487 dix-

323 1505 402 1546 isse
425 1504 541 1560 quid,
559 1513 631 1545 aut.
651 1504 807 1553 fecisse,
829 1504 1191 1553 convincerentur,
1213 1504 1360 1560 capitis
1380 1503 1715 1545 condemnaren-

323 1570 402 1603 tur.
466 1561 748 1602 Excesseiunt
772 1561 874 1602 urbe
906 1561 983 1601 sub
1004 1561 1188 1602 adventu
1212 1561 1502 1602 Romanorum
1524 1560 1746 1616 quidam,6

323 1619 393 1660 alii
428 1627 606 1659 mortem
643 1618 721 1659 sibi
757 1618 1058 1659 consciverunt.
1128 1618 1294 1674 Legati,
1327 1633 1413 1659 non
1444 1617 1554 1659 ultra
1585 1632 1714 1674 quam

322 1676 511 1732 quinque
546 1675 634 1716 dies
672 1675 817 1716 Rhodi
848 1676 1008 1725 morati,
1033 1675 1347 1717 Alexandream
1376 1675 1710 1732 proficiscuntur.

323 1733 418 1774 Nee
449 1749 499 1774 eo
530 1732 698 1789 segnius
728 1733 885 1774 iudicia
911 1747 964 1773 ex
992 1732 1162 1774 decreto
1187 1748 1326 1774 coram
1351 1733 1416 1774 his
1435 1732 1546 1774 facto
1567 1732 1713 1774 Rhodi

322 1791 649 1832 exercebantur:
680 1805 808 1846 quam
828 1791 1180 1846 perseverantiam
1200 1791 1246 1831 in
1266 1789 1537 1847 exsequenda
1556 1804 1601 1831 re
1622 1789 1713 1832 De·
1726 1800 1744 1834 7

322 1848 435 1889 0111111
457 1848 606 1889 lenitas
627 1848 661 1888 δέ.

179 1900 242 1939 11.
384 1906 530 1953 Quum
559 1905 663 1946 haec
693 1912 952 1960 gererentur,
976 1905 1215 1946 Antiochus
1234 1905 1386 1946 frustra
1405 1904 1576 1946 tentatis
1595 1911 1742 1946 moe-8

109 1956 273 2027 fyesAegy
276 1967 310 1996 P
323 1963 446 2003 nibus
463 1961 757 2002 Alexandreae
775 1962 1042 2003 abscesserat:
1078 1970 1192 2002 ceter
1193 1977 1301 2017 aque
1319 1962 1518 2018 Aegypto
1538 1962 1710 2028 potitus,

123 2008 143 2029 ¹‘
320 2019 465 2060 ielicto
488 2018 684 2074 Memphi
709 2018 864 2059 maiore
887 2018 1142 2068 Ptolemaeo,
1164 2019 1233 2059 cui
1253 2033 1430 2074 regnum
1452 2018 1598 2084 quaeri
1626 2019 1712 2060 suis

319 2076 475 2117 viribus
495 2075 728 2125 simulabat,
747 2083 794 2116 ut
813 2075 1015 2116 vict01em
1037 2090 1136 2116 mox
1157 2075 1494 2140 aggrederetur,
1484 2091 1529 2117 m
1543 2075 1711 2141 Syriam

320 2134 553 2175 exercitum
592 2131 779 2173 abduxit.
844 2131 938 2173 Nee
979 2132 1104 2173 huius
1143 2132 1372 2174 voluntatis
1411 2132 1501 2174 eius
1541 2133 1711 2189 ignarus

320 2191 587 2233 Ptolemaeus
623 2189 725 2230 dum
760 2190 1035 2231 conterritum
1077 2190 1306 2231 obsidionis
1346 2198 1464 2231 metu
1502 2190 1710 2232 minorem

318 2249 487 2289 fratrem
511 2247 696 2297 haberet,
719 2262 838 2303 posse
859 2262 901 2288 se
930 2247 1061 2303 recipi
1081 2247 1389 2297 Alexandreae,
1412 2256 1455 2289 et
1475 2262 1614 2289 sorore
1634 2246 1710 2289 ad-

319 2307 500 2354 iuvante,
519 2313 561 2346 et
576 2319 662 2346 non
678 2304 1008 2360 repugnantibus
1028 2304 1163 2346 fratris
1185 2305 1340 2355 amicis,
1358 2313 1492 2354 ratus3
1525 2305 1709 2361 primum

317 2363 371 2404 ad
401 2377 597 2411 sororem,
620 2361 773 2402 deinde
804 2361 858 2402 ad
887 2362 1055 2402 fratrem
1086 2362 1325 2418 amicosque
1350 2363 1452 2412 01115,
1474 2377 1562 2403 11011
1591 2361 1708 2418 prius

317 2420 479 2461 destitit
514 2419 692 2468 mittere,
719 2433 845 2474 quam
878 2434 1024 2474 pacem
1058 2434 1155 2460 cum
1186 2419 1235 2460 iis
1266 2420 1543 2460 confirmaret.
1609 2418 1709 2460 Sus-

316 2486 487 2533 pectum
517 2476 780 2517 Antiochum
817 2476 1022 2524 effecerat,
1055 2476 1183 2532 quod,
1219 2484 1358 2518 cetera
1394 2476 1594 2533 Aegypto
1629 2475 1707 2518 sibi

359 2645 374 2676 5
399 2638 435 2667 Si
464 2648 503 2667 ea
532 2647 620 2667 mens>
647 2638 767 2675 populo
789 2637 895 2675 foret]
934 2636 988 2666 Ita
1031 2638 1117 2666 recte
1133 2634 1260 2666 dicitur.
1286 2636 1326 2666 cf.
1343 2646 1428 2674 supr.
1444 2635 1476 2667 ii.
1495 2643 1545 2675 55.

314 2679 499 2711 emendavit
523 2679 589 2709 Iac.
615 2678 797 2708 Gronovius
820 2688 877 2717 pro
902 2678 985 2717 vulg.
1076 2685 1092 2716 7
1115 2679 1253 2708 Decimii
1280 2679 1438 2715 lenitasffl
1474 2679 1600 2709 Vocem
1626 2680 1706 2719 affe-

313 2724 339 2753 si
356 2727 462 2752 tamen
475 2722 594 2760 populo
603 2722 701 2759 foret.
1031 2721 1121 2750 rebat
1137 2724 1209 2758 post
1225 2721 1341 2750 lenitas
1356 2721 1575 2759 reponendam
1596 2725 1706 2752 censet

355 2763 374 2795 6
397 2765 463 2794 Sub
480 2764 638 2800 adventu]
663 2763 689 2792 F
693 2761 842 2792 robenius
856 2763 914 2792 sub
931 2763 985 2791 ad-
1031 2761 1198 2800 Siaonius,
1191 2773 1197 2780 ·
1223 2763 1377 2799 efficiebat
1393 2762 1578 2801 Douiatffls,
1593 2774 1705 2795 accen-

314 2811 443 2838 ventum
480 2805 634 2845 reposuit..
665 2805 720 2834 sed
752 2808 891 2834 veterem
924 2805 986 2833 lec-
1032 2805 1124 2834 flerat
1139 2804 1320 2834 Crevierius
1336 2805 1476 2844 supplet.

312 2850 433 2879 tionem
448 2847 609 2878 revocavit
620 2847 813 2877 Gronovius.
840 2846 987 2884 Utraque
1074 2846 1093 2875 8
1117 2847 1297 2877 Antiochus
1325 2848 1476 2887 frustra]
1515 2848 1555 2878 cf.
1587 2847 1703 2889 Polyb.

312 2891 434 2923 locutio
450 2893 507 2922 sub
525 2891 678 2927 adventu,
694 2892 726 2919 et
741 2890 798 2919 sub
815 2890 986 2919 adventum
1034 2888 1114 2918 Exc.
1135 2888 1164 2917 V
1167 2891 1210 2919 at.
1228 2888 1316 2919 xxxi.
1338 2899 1362 2920 1.
