1888 3194
457 155 879 199 EDITIONUM
926 157 1117 199 LIVII.
1402 163 1486 201 463

221 248 358 290 tuerit.
423 246 630 288 Adiectae
662 256 760 286 sunt
789 245 989 287 Rhenani
1021 261 1068 287 ac
1099 245 1272 287 Gelenii
1295 248 1490 289 Annota-

219 306 366 353 tiones,
389 311 432 344 et
455 302 657 344 Glareani
675 302 971 359 Chronologia.
1024 303 1251 359 Perperam
1276 302 1490 345 Hearnius

218 370 262 403 et
290 360 480 402 Clericus
511 360 555 400 in
584 359 731 400 Indice
763 360 894 401 Editt.
920 360 1086 401 Livian.
1117 360 1317 409 referunt,
1341 361 1493 401 editio-

219 432 318 459 nem
351 417 461 458 hanc
493 417 750 458 recensuisse
783 417 1059 473 Hervagium,
1088 417 1162 473 qui
1197 432 1289 458 eam
1328 425 1492 458 tanturn

221 475 333 532 typis
354 474 439 515 suis
461 473 692 530 descripsit.

93 535 215 575 1551.
251 531 515 572 Francofurti
533 531 698 572 duobus
714 529 999 572 voluminibus
1016 546 1113 572 eum
1129 530 1256 572 Notis
1273 531 1493 572 Guilielmi

150 588 424 637 Godelevaei‚
448 588 492 628 in
513 588 647 629 forma
668 586 889 643 octuplice.

281 644 372 686 Has
404 645 494 686 eius
527 644 662 686 Notas
692 645 829 686 variae
863 644 968 686 aliae
999 645 1207 686 editiones
1240 654 1335 701 post
1365 645 1497 702 adop—

223 711 377 744 tarunt.

95 763 217 803 1552.
251 759 422 801 Parisiis
467 759 582 815 apud
626 758 886 800 Michaelem
928 759 1231 808 vascosanum,
1274 759 1318 800 in
1364 758 1498 801 forma

151 818 320 859 maiore.

283 873 498 915 Maittaire
535 873 578 914 in
622 872 778 913 Annal.
823 873 1009 930 Typogr.
1053 882 1153 914 tom.
1198 872 1278 914 III.
1319 889 1358 929 p.
1399 876 1494 915 613.

223 932 377 980 refert„
406 930 539 972 Mich.
559 930 848 971 vascosanum
881 930 989 972 hanc
1018 930 1249 971 editionem
1281 930 1497 972 dedicasse

224 988 378 1030 Iacobo
401 987 610 1036 Varadeo,
643 988 687 1028 in
718 1002 914 1043 supremo
946 988 1172 1028 Parisiensi
1204 998 1352 1029 senatu
1383 989 1499 1043 regio

224 1045 474 1093 consiliario,
519 1044 695 1100 epistola
737 1044 836 1084 data
879 1044 934 1084 X.
980 1044 1068 1085 Cal.
1112 1044 1206 1085 Iun.
1251 1046 1314 1087 M.
1329 1046 1384 1086 D.
1400 1046 1494 1087 LII.

226 1102 437 1143 Prodiisse
469 1109 609 1142 autem
642 1116 738 1142 eum
762 1101 1124 1142 Annotationibus
1155 1101 1428 1151 diversorum,
1459 1112 1501 1143 et

223 1159 269 1200 in
293 1158 494 1200 Glareani
518 1158 857 1199 Annotationum
890 1158 1026 1208 fronte
1056 1158 1151 1213 legi,
1176 1159 1286 1214 typis
1315 1158 1501 1215 descrip-

226 1226 311 1257 tam
334 1230 422 1256 esse
444 1215 558 1270 apud
582 1214 843 1256 Michaelem
865 1215 1154 1256 Vascosanum
1178 1225 1219 1256 et
1238 1215 1499 1257 Audo’enum

226 1273 422 1315 Parvum.
462 1270 679 1313 Fabricius
720 1272 764 1312 in
807 1271 1009 1313 Biblioth.
1048 1272 1142 1313 Lat.
1182 1281 1371 1322 testatur,
1409 1288 1502 1314 eam

227 1331 447 1372 adiunctas
487 1329 681 1371 habuisse
725 1329 851 1370 Laur.
886 1329 1034 1371 Vallae
1079 1329 1411 1371 Emendationes
1461 1340 1504 1372 et

228 1387 464 1444 Epistolam
503 1386 826 1443 Apologeticam
868 1386 921 1428 de
963 1387 1128 1428 duobus
1165 1387 1409 1443 Tarquiniis
1450 1388 1503 1428 ad

229 1445 498 1501 Alpbonsum
533 1444 698 1485 Siciliae
724 1444 916 1500 Regem3
954 1444 1150 1486 Sabellici
1182 1445 1284 1486 item
1313 1454 1356 1486 et
1386 1444 1504 1487 Rhe-

229 1502 329 1544 nani
370 1517 417 1543 ac
462 1501 632 1543 Gelenii
676 1501 822 1542 Notas.
867 1501 1112 1543 Editionem
1159 1502 1268 1543 hanc
1312 1502 1502 1544 nondum

229 1559 372 1600 videre
414 1559 605 1614 contigit,
647 1567 690 1600 et
730 1559 829 1600 hinc
870 1559 1007 1600 verbis
1047 1560 1138 1600 eius
1178 1560 1502 1601 controversiam

233 1632 400 1658 movere
435 1631 612 1672 nequeo.
677 1615 831 1657 Dicere
870 1625 1012 1656 tamen
1049 1616 1183 1666 liceat,
1221 1617 1502 1672 suspicionem

231 1674 335 1715 mihi
386 1684 526 1714 natam
579 1688 680 1721 esse,
731 1673 1016 1714 Vascosanum
1072 1683 1233 1714 tantum
1289 1674 1503 1729 repetiisse

262 1731 412 1772 riorem
455 1731 685 1772 editionem
725 1730 822 1770 anni
865 1731 1180 1772 M.D.XL111.
1220 1740 1262 1771 et
1298 1731 1397 1772 hinc
1428 1746 1504 1787 pro

278 1788 444 1829 henano
475 1797 517 1829 et
547 1787 729 1828 Geleuio
759 1787 1015 1828 Glareanum
1049 1788 1368 1829 memorandum
1401 1803 1502 1830 esse.

233 1846 379 1887 Potuit
396 1854 535 1886 antem
556 1845 632 1900 ipsi
652 1844 788 1885 fraudi
806 1844 931 1885 fuisse
956 1844 1101 1885 titulus
1123 1845 1256 1886 obiter
1279 1845 1501 1901 inspectus.

237 1902 365 1944 Certe
401 1902 484 1951 illo,
515 1901 587 1957 qui
622 1902 747 1957 priori
780 1901 956 1942 editioni
989 1902 1244 1957 praefigitur,
1277 1912 1319 1944 et
1353 1903 1393 1943 in
1427 1903 1504 1944 hac

233 1960 514 2001 verisimiliter
536 1959 738 2014 repetitus
760 1967 834 2007 est,
860 1967 1047 2007 testatur,
1071 1959 1113 1999 in
1137 1959 1322 2001 editione
1346 1961 1506 2001 Vasco-

234 2032 334 2059 sana
375 2016 544 2057 Livium
590 2015 785 2071 diligenti
830 2016 1119 2057 observatione
1164 2017 1505 2058 Annotationum

236 2074 434 2116 Rhenani
467 2083 510 2114 et
541 2072 712 2114 Gelenii
745 2073 1005 2129 recognitum
1040 2089 1086 2114 ac
1118 2075 1356 2115 restitutum
1390 2090 1504 2116 esse:

236 2131 351 2188 quod
376 2131 547 2172 forsitan
578 2131 634 2171 ita
661 2131 883 2186 acceperit,
907 2131 1024 2186 quasi
1050 2131 1247 2172 Rhenani
1269 2141 1311 2172 et
1335 2130 1506 2173 Gelenii

238 2189 550 2230 Annotationes
582 2187 749 2229 additae
784 2188 966 2236 fuerint3
1006 2203 1114 2244 quae
1149 2197 1261 2230 certe
1297 2189 1340 2229 in
1373 2189 1509 2245 prima.

236 2246 467 2287 Vascosani
491 2245 678 2286 editione
701 2245 876 2286 omissae
899 2254 1007 2286 sunt.

113 2306 234 2344 1553.
270 2302 486 2359 Lugduni,
510 2303 552 2343 in
574 2302 707 2343 forma
730 2303 896 2343 maiore.

245 2379 256 2387 ·
296 2359 347 2401 In
403 2360 529 2400 huius
589 2359 789 2400 editionis
850 2360 973 2400 titulo
1029 2360 1133 2402 haec
1189 2369 1290 2402 nota
1343 2361 1510 2416 conspi-

224 2417 362 2458 citur:
448 2422 459 2440 ‘
482 2416 684 2472 Lugduni
746 2417 859 2473 apud
919 2417 1156 2458 Antonium
1217 2418 1508 2466 Vincentium,

242 2479 252 2497 ‘
272 2475 332 2516 M.
349 2475 402 2515 D.
417 2474 553 2515 L111.’
616 2473 692 2514 llla
713 2489 810 2515 vero
837 2474 879 2514 iu
905 2475 995 2515 eius
1017 2475 1100 2516 fine
1119 2491 1127 2516 :
1164 2481 1175 2498 ‘
1197 2475 1413 2530 Lugduni,
1437 2490 1511 2516 ex-

243 2531 451 2572 ‘cudebat
502 2530 714 2572 Iohannes
758 2530 1005 2581 Frellonius‚
1053 2533 1332 2573 M.l).1.111.’
1396 2532 1511 2573 Hinc

243 2587 526 2643 colligendum
560 2598 635 2636 est,
671 2588 838 2628 Livium
874 2589 984 2644 typis
1022 2588 1232 2638 Frellonii‚
1265 2589 1338 2630 sed
1370 2604 1510 2645 sump-

245 2645 354 2686 tibus
394 2645 613 2686 Vincentii
659 2645 917 2701 descriptum
954 2645 1092 2687 fuisse.
1173 2648 1311 2695 Certe,
1356 2646 1510 2687 Frello-

245 2702 362 2742 nium
395 2701 625 2743 Vincentio
658 2702 784 2743 libros
817 2702 1027 2744 excudere
1061 2703 1230 2744 solitum
1264 2703 1402 2752 fuisse,
1438 2704 1512 2743 ob-

246 2767 382 2799 servat
405 2758 620 2800 Maittaire
645 2759 799 2800 Annal.
825 2760 950 2816 Typo
981 2775 1024 2801 ra
1056 2760 1096 2801 h.
1122 2769 1220 2801 tom.
1246 2759 1326 2801 111.
1351 2775 1389 2816 p.
1419 2764 1510 2801 141.

249 2815 451 2856 Continet
484 2815 587 2856 haec
618 2815 762 2864 editio,
797 2832 905 2872 quae
941 2775 1075 2865 &alm
1117 2816 1357 2865 Sabellicus,
1399 2817 1513 2857 Rhe-

251 2885 396 2919 nanus,
437 2871 654 2921 Gelenius,
692 2872 939 2919 Glareanus,
977 2873 1178 2914 Veleurio
1214 2883 1254 2914 et
1289 2873 1356 2914 alii
1396 2873 1516 2914 Livi.»
