1888 3194
674 202 1105 245 KREYSSIGII.
1514 211 1593 250 371

189 320 235 348 se
276 308 531 349 conveniant
570 322 620 350 ac
661 308 926 364 discrepent,
964 309 1206 364 scripturae
1238 309 1531 354 diversitatem
1567 329 1592 354 a

187 373 288 417 Nic.
304 374 547 417 Carbachio
569 390 624 418 ex
644 376 794 418 codice
817 376 1082 432 Moguntino
1103 384 1320 420 enotatam
1342 378 1445 421 huic
1466 396 1592 436 prae-

185 441 335 483 fationi
354 442 415 483 ita
439 442 617 493 subieci,
641 451 702 494 ut,
725 445 903 486 resectis
935 444 1002 493 iis,
1025 459 1136 499 quae
1168 445 1223 486 ad
1255 460 1346 487 rem
1375 461 1460 488 non
1493 463 1591 502 per-

183 508 321 550 tinere
370 509 634 561 viderentur,
686 511 847 553 codicis
904 511 1018 553 illius
1067 510 1326 555 lectionibus
1377 512 1586 557 lectiones

181 575 384 617 editionis
407 576 705 620 Ascensianae
727 593 765 620 a.
796 579 916 620 1513.
940 578 1226 634 praefigerem
1254 587 1298 621 et
1327 579 1585 624 lectionibus

180 642 225 684 in
252 644 400 686 codice
426 644 743 702 Bambergensi
764 661 939 701 quoque
968 647 1169 701 repertis,
1192 661 1373 701 quarum
1400 649 1583 690 maxime

177 713 479 755 memorabiles
530 714 726 756 asterisci
775 714 899 769 signo
944 714 1102 762 notavi,
1146 713 1315 758 literam
1354 716 1410 758 B.
1453 718 1584 758 ascri-

179 778 343 829 berem,
365 780 592 836 simulque,
615 797 749 837 quum
771 781 1185 823 Drakenborchium
1209 782 1292 824 hac
1313 783 1356 824 in
1379 798 1424 825 re
1448 783 1583 840 negli-

179 847 353 902 gentius
377 857 595 891 versatum
623 864 718 891 esse
747 849 1068 899 intellexissem,
1090 865 1115 892 a
1136 851 1395 905 quibusnam
1417 853 1580 894 codicis

179 913 429 970 Moguntini
449 917 654 959 lectiones
674 919 857 973 primum
873 918 916 959 in
933 918 1138 960 orationis
1155 926 1406 960 contextum
1421 920 1581 962 fuerint

177 990 395 1038 receptae,
418 983 742 1040 diligentissime
763 985 1009 1027 indicarem.

232 1049 383 1106 Atque
404 1051 512 1094 haec
528 1053 705 1107 quidem
727 1053 781 1095 de
803 1053 966 1094 codicis
985 1053 1321 1109 Bambergensis
1343 1055 1576 1097 virtutibus

174 1124 218 1159 et
237 1118 350 1161 vitiis
373 1119 535 1161 dixisse
558 1120 754 1162 sufficiat.
815 1120 958 1162 Venio
985 1136 1100 1163 nunc
1128 1122 1182 1162 ad
1211 1136 1334 1163 usum
1356 1122 1485 1164 huius
1507 1138 1577 1165 co-

172 1184 295 1236 dicis,
331 1186 419 1241 qui,
457 1201 590 1241 quum
629 1187 672 1228 in
711 1186 975 1230 bibliotheca
1010 1187 1328 1243 Bambergensi
1361 1189 1435 1230 diu
1470 1190 1574 1232 deli-

172 1253 339 1305 tuisset,
372 1254 570 1310 adeoque
604 1271 629 1296 a
663 1255 1028 1298 Drakenborchio
1060 1257 1261 1310 usurpari
1295 1257 1574 1311 nequivisset,

169 1329 321 1364 nostra
353 1323 526 1366 demum
559 1331 715 1375 aetate,
749 1325 793 1366 id
827 1325 946 1379 quod
980 1339 1244 1380 magnopere
1273 1324 1495 1376 laetamur,
1518 1341 1574 1368 ex

171 1390 361 1432 tenebris
392 1391 436 1432 in
464 1390 602 1434 lucem
635 1399 702 1433 est
736 1391 945 1447 prolatus.
1008 1392 1250 1434 Maximum
1281 1393 1373 1434 eius
1403 1394 1575 1436 deside-

169 1457 293 1508 rium,
317 1465 365 1500 ut
393 1459 544 1501 ordine
569 1474 659 1501 rem
687 1475 940 1516 persequar,
964 1461 1129 1516 primus
1157 1461 1345 1502 omnium
1367 1462 1573 1504 excitavit

169 1526 304 1581 magis
327 1540 455 1582 quam
483 1526 675 1582 explevit
703 1528 856 1570 Franc.
883 1527 1181 1578 Bartholinus,
1204 1529 1293 1583 qui,
1315 1544 1448 1584 quum
1472 1529 1572 1571 libri

170 1592 371 1635 tricesimi
396 1595 510 1636 tertii
534 1610 633 1650 pars
655 1596 790 1638 maior
811 1611 865 1638 ex
888 1597 1037 1638 codice
1059 1597 1357 1651 antiquissimo
1379 1597 1572 1652 Mogun-

170 1661 254 1703 tiae
285 1676 323 1702 a.
354 1662 476 1703 1518.
510 1663 694 1717 primum
726 1664 843 1705 edita
873 1672 1003 1719 atque
1035 1671 1135 1719 post
1157 1663 1261 1705 Aldi
1292 1671 1336 1706 et
1363 1663 1571 1706 Frobenii

168 1742 294 1770 curas
316 1744 341 1770 a
366 1728 537 1784 Sigism.
562 1729 748 1773 Gelenio
771 1730 969 1772 Basileae
997 1746 1035 1773 a.
1066 1732 1185 1772 1535.
1210 1731 1265 1772 ad
1288 1732 1449 1773 codicis
1471 1731 1571 1774 Μο-

166 1797 349 1852 gunfini,
364 1812 492 1852 quem
510 1807 660 1853 postea
678 1813 888 1853 nusquam
905 1799 1154 1853 investigari
1173 1799 1366 1854 potuisse
1383 1806 1568 1850 constat,

166 1863 298 1906 fidem
330 1865 553 1919 recognita
598 1868 770 1916 esset¹¹‚
806 1866 1024 1908 sexdecim
1058 1866 1203 1921 priora
1245 1866 1439 1908 eiusdem
1470 1866 1568 1908 libri

165 1933 309 1988 capita
339 1947 435 1974 cum
467 1934 637 1988 septimi
669 1934 823 1975 decimi
854 1933 1065 1989 particula
1095 1948 1150 1976 ex
1183 1934 1331 1976 codice
1359 1934 1568 1977 Bamber-

165 2001 286 2055 gensi
313 2001 678 2056 negligentissime
700 2002 920 2056 descripta
941 2017 976 2043 a.
1000 2003 1122 2043 1615.
1147 2002 1325 2043 Romam
1349 2003 1568 2044 transtulit

164 2069 310 2125 ibique
345 2085 457 2112 anno
489 2070 747 2125 insequenti,
786 2070 873 2111 suis
911 2077 954 2111 et
989 2068 1093 2110 Ant.
1118 2070 1388 2126 Quaerengii
1421 2086 1565 2114 emen-

164 2137 412 2180 dationibus
445 2138 486 2179 in
519 2137 652 2180 libelli
681 2138 874 2193 margine
907 2137 1101 2188 adiectis,
1124 2137 1184 2179 ita
1212 2138 1403 2189 edidit¹²,
1426 2146 1474 2181 ut
1500 2154 1565 2181 re-

882 2270 965 2301 curis
1011 2270 1207 2302 recensuit.”
1272 2270 1429 2303 Similiter
1468 2273 1562 2304 Wal-

882 2313 989 2344 chium
1008 2324 1136 2353 quoque
1156 2314 1342 2346 Emendatt.
1358 2315 1428 2346 Liv.
1445 2326 1473 2355 p.
1490 2325 1561 2355 245.

882 2367 927 2395 sq.
944 2367 1075 2393 errasse,
1093 2356 1157 2387 iam
1179 2357 1212 2387 in
1236 2357 1340 2396 Epist.
1356 2358 1398 2388 ad
1415 2358 1560 2390 Goeller.

884 2409 914 2438 p.
934 2407 1005 2438 477.
1024 2399 1144 2430 monui.

211 2279 244 2301 11
272 2270 446 2310 perperam
477 2270 563 2301 enim
592 2270 766 2302 Goellerus
795 2271 837 2301 ad

165 2311 233 2344 Liv.
258 2313 446 2344 XXXIII.
466 2323 513 2345 20.
537 2324 568 2353 p.
594 2323 662 2345 100.
684 2314 724 2344 de
742 2314 837 2343 verbo

161 2360 331 2395 superaret
358 2355 390 2385 in
418 2356 512 2387 Frob.
545 2366 570 2387 ι.
599 2360 684 2387 reete
710 2356 837 2386 adiecto

165 2398 245 2428 liuec
271 2398 460 2428 annotavit:
495 2398 660 2438 “Nempe
687 2399 741 2438 qui
771 2398 837 2429 uni-

162 2450 235 2471 cum
261 2440 404 2470 codicem
428 2441 499 2471 MS.
517 2446 756 2477 retractaverint,
773 2442 836 2472 Ge-

162 2483 276 2520 lenius,
294 2484 424 2513 verbum
449 2494 468 2513 a
493 2484 695 2522 Μομςυηῑίιιίκ
717 2488 838 2514 temere

161 2525 227 2556 sive
244 2525 366 2556 incuria
387 2526 538 2556 omia-<inin
564 2527 739 2565 reposuit.”
755 2532 786 2556 et
804 2537 835 2566 p.

161 2570 232 2608 358.
278 2571 298 2584 ‘⁸
313 2568 490 2605 Quoniam,
528 2569 643 2608 inquit,
678 2568 731 2608 qui
770 2569 835 2599 edi-

160 2609 281 2642 tionem
304 2611 482 2651 principem
502 2611 728 2649 Moguntinnni
746 2622 834 2641 curu-

162 2657 286 2690 verunt,
302 2654 406 2684 multa
429 2659 550 2684 temere
572 2659 603 2685 et
629 2665 684 2694 pro
703 2654 833 2684 arbitrio

161 2699 339 2733 mutarunt,
375 2696 549 2727 editionem
597 2697 832 2727 Frnbenianam

160 2737 236 2768 anni
266 2747 354 2777 153¹.
378 2740 604 2770 conserendum
632 2751 699 2770 esse
727 2740 832 2770 existi-

161 2779 258 2817 mavi,
270 2781 321 2811 cui
341 2782 478 2820 praefuit
492 2782 660 2818 Gelenius,
676 2782 720 2812 vir
736 2782 767 2812 in
786 2782 836 2812 liis

161 2822 254 2852 rebus
276 2832 403 2854 sunium
426 2834 499 2854 curn
526 2824 694 2862 diligentia
719 2824 833 2855 versari

160 2863 284 2900 solitus,
306 2865 360 2903 qui
386 2867 456 2896 cod.
482 2866 613 2896 unicum
642 2868 725 2903 MS„
750 2868 835 2897 unde

160 2905 260 2935 editio
278 2906 470 2945 maguntina
487 2909 670 2947 parabatur.
686 2909 835 2939 secundis

931 2451 965 2471 η
992 2441 1102 2472 Editio
1132 2441 1281 2481 princeps
1306 2442 1372 2473 sive
1398 2443 1560 2481 Romana,

883 2484 934 2514 eni
960 2485 1056 2523 casp.
1082 2484 1285 2523 Lusignanus
1313 2487 1476 2524 praestitus
1500 2492 1559 2523 est,

880 2527 927 2557 ita
948 2526 1151 2557 inscribitur:
1179 2527 1217 2558 ¹1¹.
1238 2527 1319 2557 Livii
1340 2528 1556 2558 llistminnun

880 2569 921 2599 nl)
941 2569 982 2600 U.
1001 2570 1038 2600 C.
1058 2569 1154 2599 Liber
1174 2569 1360 2601 XXXIII.
1385 2572 1558 2610 praecipua

881 2616 983 2651 purte,
1010 2623 1093 2651 quue
1123 2612 1377 2649 desiderabatur,
1407 2615 1558 2652 expletus

879 2665 917 2684 ex
937 2654 1046 2684 codiee
1065 2655 1296 2694 manuscripto.
1316 2655 1454 2690 Romae.
1469 2657 1556 2695 apud

882 2697 993 2727 Barth.
1040 2697 1249 2728 Zunnettum.
1303 2697 1392 2730 16¹6.
1463 2699 1557 2728 llaec

878 2739 977 2770 editio
994 2739 1141 2770 Venetiis
1153 2744 1185 2770 et
1202 2739 1331 2770 Parii-siis
1343 2741 1455 2770 eodeni
1470 2751 1556 2770 nnnc»

880 2782 1017 2822 repetita
1032 2787 1090 2814 est.
1141 2783 1213 2814 Vid.
1232 2782 1371 2814 Fabricii
1399 2783 1555 2813 Biblioth.

882 2825 952 2855 Lat.
978 2825 1032 2856 lib.
1057 2825 1083 2857 1.
1105 2835 1176 2864 cup.
1207 2834 1252 2856 ιι.
1277 2829 1355 2857 tom.
1382 2825 1409 2856 Ι.
1437 2836 1466 2864 p.
1486 2828 1554 2862 2⁸5.

880 2868 929 2898 ed.
951 2866 1076 2899 Ernent.

1205 2961 1322 3001 nb2
