1888 3194
718 185 1010 226 INDEX.

171 264 291 304 Pheea,
307 264 463 306 oppidum
479 270 532 302 32,
550 271 600 302 14.

169 307 350 346 Phecadus,
364 307 438 338 urbs
454 314 507 344 31,
523 314 574 343 41.

169 350 330 389 Pheneus,
345 349 501 389 oppidum
519 348 570 386 28,
588 353 616 386 7.

169 393 304 431 Pherae,
319 392 476 432 oppidum
494 399 546 429 32,
566 399 613 429 13.
638 397 690 428 33,
705 388 735 420 6.
761 389 842 420 Phe-

211 435 254 466 ris
271 435 421 466 exclusus
437 433 610 473 Philippus
624 432 706 463 redit
721 432 755 462 in
771 433 843 463 Ma-

211 478 376 509 cedoniam
406 486 456 516 32,
487 485 533 516 13.
575 475 756 506 Antiochus
786 486 841 515 op-

210 525 333 561 pugnat
349 524 379 550 et
397 519 484 560 capit
500 519 620 549 Pheras
635 517 686 557 36,
702 528 731 560 9.
760 518 841 549 Phe-

209 573 264 594 rae
279 573 312 594 se
329 563 452 594 dedunt
469 562 626 593 Romanis
646 571 692 601 14.

169 606 294 637 Pherae
309 606 342 637 in
361 605 520 636 Laconico
536 615 609 645 agro
628 614 678 644 35,
693 613 742 644 30.

169 649 385 680 Pheraeorum
410 649 489 679 fides
512 659 585 688 erga
609 648 774 678 Romanos
790 646 842 687 36,

210 702 241 734 9.
266 702 377 723 eorum
392 702 466 732 ager
480 696 619 722 vastatur
630 701 649 721 a
662 693 777 722 Perseo
789 700 841 730 42,

171 777 358 816 Pherinum,
374 778 528 818 oppidum
547 786 598 816 32,
618 787 664 816 14.

170 821 277 860 Phila,
298 822 373 852 urbs
396 831 447 859 42,
471 820 521 860 67.
545 833 597 860 44,
617 830 647 859 2,
668 829 698 860 3,
721 827 750 860 7,
771 821 790 851 8
811 823 843 851 et

170 907 301 938 Phileas
321 906 526 942 Tarentinus,
550 907 596 937 vir
618 906 753 946 inquieti
775 906 840 937 ani-

211 949 268 988 mi,
283 950 392 981 educit
415 949 560 981 custodia
582 949 707 980 obsides
723 949 842 980 Taren-

211 993 353 1024 tinorum
386 1002 437 1032 25,
466 1000 492 1032 7.
539 992 632 1032 virgis
664 1002 775 1023 caesus
803 992 843 1023 de

213 1046 290 1067 saxo
307 1035 466 1073 deiicitur,
481 1035 558 1066 ibid.

171 1079 393 1117 Philemenus,
416 1078 635 1109 coniuratione
658 1078 745 1108 facta
769 1089 842 1109 cum

211 1122 374 1152 nobilibus
389 1121 558 1152 iuvenibus
570 1121 763 1159 Tarentinis,
774 1131 843 1161 pro-

212 1164 261 1195 dit
278 1164 458 1195 Hannibali
471 1164 649 1194 Tarentum
667 1172 718 1202 25,
730 1164 748 1194 8
766 1168 798 1194 et
813 1174 842 1206 9.

212 1217 286 1238 cum
313 1207 509 1246 reciperetur
531 1206 709 1237 Tarentum
735 1217 755 1237 a
778 1207 843 1237 Ro-

211 1249 327 1287 manis,
356 1250 403 1280 ita
439 1249 533 1289 perit,
563 1253 600 1279 ut
630 1259 745 1289 corpus
776 1249 844 1281 eius

211 1303 370 1333 nusquam
387 1293 483 1323 fuerit
498 1293 664 1323 inventum
684 1301 734 1331 27,
753 1291 800 1324 16.

171 1336 386 1374 Philetaerus,
400 1337 498 1367 frater
513 1335 671 1366 Eumenis
686 1345 738 1373 42,
755 1344 804 1375 55.

172 1379 349 1420 Philippei,
364 1379 488 1409 nummi
502 1378 590 1409 aurei
605 1387 655 1418 34,
667 1388 715 1418 52.
736 1388 845 1419 37,59.

216 1431 268 1463 39,
285 1430 301 1461 5
319 1426 351 1453 et
369 1430 396 1461 7·
419 1433 472 1461 44,
491 1431 537 1460 14-

173 1465 412 1506 Philippopolis
426 1464 624 1502 Thessaliae,
639 1465 752 1495 eadem
771 1475 846 1495 cum

218 1508 377 1548 Philippis
392 1507 580 1539 Thessaliae
597 1516 648 1548 39,
666 1515 714 1546 25.

173 1551 412 1592 Philippopolis
428 1551 586 1581 Thraciae
602 1559 654 1591 39,
668 1559 716 1590 53.

173 1594 358 1635 Philippus,
380 1594 596 1625 Macedonum
614 1603 679 1624 rex.
710 1593 751 1624 ad
770 1603 845 1624 eum

215 1637 312 1678 legati
339 1637 426 1667 missi
453 1637 494 1667 ad
519 1637 757 1676 deposcendum
781 1636 844 1667 De-

215 1680 366 1711 metrium
392 1680 545 1710 Pharium
571 1689 621 1717 22,
645 1688 694 1719 33.
726 1679 847 1719 legatos

215 1723 317 1754 mittit
331 1724 373 1754 ad
390 1723 610 1754 Hannibalem
630 1731 680 1760 23,
695 1731 744 1761 33.
772 1732 845 1753 eum

215 1767 300 1797 inter
315 1770 347 1797 et
366 1765 583 1796 Hannibalem
601 1765 736 1796 foederis
752 1766 847 1805 leges,

216 1809 294 1841 ibid.
326 1809 367 1840 ad
387 1819 461 1840 eum
486 1809 583 1849 legati
601 1811 779 1839 Poenorum
797 1817 846 1847 34,

215 1851 409 1893 legationem
444 1852 578 1882 alteram
609 1852 650 1882 ad
679 1851 847 1882 Hanniba-

216 1895 280 1926 lem
294 1895 393 1925 mittit
404 1904 453 1936 39.
478 1895 600 1925 bellum
613 1899 721 1925 movet
734 1904 847 1934 parum

216 1948 368 1978 prospero
399 1942 516 1969 eventu
544 1947 595 1976 24,
620 1947 669 1975 40.
708 1937 847 1968 subitam

216 1981 456 2022 expeditionem
476 1980 508 2011 in
527 1980 729 2011 Oricinorum
750 1984 848 2020 atque

216 2024 476 2064 Apolloniatium
506 2024 586 2054 fines
614 2024 692 2054 facit
720 2022 771 2061 26,
799 2033 847 2063 25.

214 2067 249 2098 in
271 2067 472 2098 Thessaliam
497 2067 673 2104 descendit,
695 2066 771 2097 ibid.
803 2077 848 2097 re-

166 2123 171 2128 ·
216 2110 265 2141 dit
282 2111 420 2148 Pellam,
435 2110 512 2141 ibid.
537 2110 676 2140 Achaeis
690 2109 848 2140 auxilium

215 2153 277 2184 fert
301 2161 352 2193 27,
377 2163 416 2195 29
439 2157 471 2184 et
495 2162 545 2192 30.
581 2153 679 2183 vincit
705 2153 849 2190 Aetolos,

216 2196 292 2227 ibid.
321 2196 346 2227 it
361 2196 394 2226 in
413 2197 683 2236 Peloponnesum,
699 2195 775 2226 ibid.
803 2206 848 2226 re-

217 2239 311 2279 pellit
327 2240 504 2277 Romanos,
523 2239 717 2279 populantes
738 2248 848 2277 agrum

217 2282 423 2314 Corinthium
437 2291 486 2321 31.
511 2282 699 2322 popularem
713 2292 746 2312 se
761 2291 848 2321 prae-

217 2325 284 2363 bet,
306 2325 382 2356 ibid.
420 2325 488 2356 eius
511 2325 713 2356 intoleranda
739 2324 850 2362 libido,

217 2367 295 2399 ibid.
335 2368 561 2408 Polycratfflm,
587 2368 678 2399 Arati
704 2367 848 2399 Achaeo-

218 2421 287 2441 rum
313 2411 465 2451 principis
487 2421 632 2448 uxorem,
650 2414 793 2451 asportat
816 2410 848 2441 in

218 2454 459 2491 Macedoniam,
475 2454 550 2485 ibid.
582 2454 760 2493 periculum
781 2453 850 2484 eius

218 2502 251 2528 et
276 2497 406 2537 insignis
431 2496 585 2527 fortitudo
612 2496 642 2527 in
668 2507 775 2536 pugna
795 2496 848 2526 ad-

220 2551 326 2571 versus
354 2541 449 2572 Rom.
474 2550 649 2579 eorumque
675 2539 777 2570 socios
800 2548 849 2577 32.

217 2583 300 2614 redit
325 2583 357 2614 in
382 2582 622 2620 Macedoniani,
637 2582 712 2613 ibid.
745 2582 850 2612 horta-

218 2630 270 2658 tur
290 2637 328 2658 ac
351 2631 460 2657 tuetur
475 2626 576 2657 socios
593 2628 644 2662 28,
661 2634 689 2664 5.
721 2625 852 2656 Attalus

218 2670 319 2700 ferme
344 2670 385 2701 ab
413 2680 451 2701 eo
477 2669 671 2709 opprimitur
697 2676 723 2708 7.
763 2667 850 2707 capit

219 2712 393 2749 Toronem‚
417 2713 540 2750 urbem,
561 2711 636 2744 ibid.
671 2712 739 2743 eius
762 2716 850 2742 metu

220 2755 434 2786 Machanidas
449 2765 660 2795 compressus,
676 2755 752 2785 ibid.
782 2754 851 2785 eius

218 2797 321 2828 oratio
354 2798 385 2828 in
423 2799 560 2829 concilio
591 2798 792 2829 Achaeorum
821 2799 850 2828 8.

220 2841 320 2871 classe
343 2841 374 2871 in
396 2841 557 2872 Aetoliam
580 2841 757 2877 contendit,
773 2840 848 2872 ibid.

219 2883 251 2914 in
276 2894 406 2922 regnum
431 2883 524 2921 redit,
540 2887 575 2914 ut
593 2883 752 2915 Dardanis
772 2883 848 2914 infc-

220 2930 268 2958 mt
285 2926 418 2964 bellum,
429 2926 504 2958 ibid.
528 2926 557 2958 ci
573 2927 712 2958 ducenta
727 2926 848 2966 argenti

929 264 1054 294 talenta
1065 263 1260 303 pollicentur
1269 263 1560 306 Carthaginienses,

930 309 967 335 ut
987 305 1021 335 in
1044 305 1190 337 Siciliam
1212 309 1269 337 aut
1287 306 1320 337 in
1344 307 1474 339 Italiam
1496 312 1558 339 tra-

929 347 1018 378 iieiat
1035 357 1086 389 29,
1102 360 1130 387 4.
1162 359 1235 380 cum
1259 359 1297 380 eo
1321 359 1434 389 pacem
1450 350 1559 382 Aetoli

928 390 1052 421 faciunt
1071 401 1118 422 12.
1148 391 1291 431 itemque
1313 392 1465 431 Romani,
1481 393 1559 424 ibid.

929 443 987 473 per
1009 434 1131 473 legatos
1153 434 1246 473 petit,
1261 434 1320 465 sibi
1342 435 1465 466 restitui
1487 437 1559 466 Ma-

929 476 1140 515 cedonas,qui
1151 477 1238 516 apud
1252 477 1466 508 Hannibalem
1479 488 1559 509 mer-

929 519 1007 550 cede
1033 519 1236 557 militassent,
1259 519 1410 559 captique
1436 520 1469 550 in
1493 521 1559 551 vin-

929 562 1009 593 culis
1030 566 1134 592 essent
1151 571 1202 600 3ο,
1219 573 1268 600 42.
1286 563 1324 593 cf.
1341 566 1373 593 et
1390 571 1439 601 33.
1470 563 1560 594 triste

927 615 1114 645 responsum
1137 605 1250 645 legatis
1275 615 1294 635 a
1320 610 1432 636 senatu
1455 606 1559 636 reddi-

928 652 998 678 turn
1012 657 1061 686 42.
1084 648 1113 678 ei
1129 649 1251 678 bellum
1268 648 1425 679 indictum
1439 656 1560 687 31,5—

929 692 958 722 8.
983 691 1154 731 Philippus
1166 696 1331 731 oppugnat
1345 691 1495 731 Abydum
1512 701 1560 730 14.

928 735 1041 765 foedus
1066 734 1134 765 eius
1157 744 1230 764 cum
1254 734 1427 772 Antiocho,
1449 734 1560 774 Syriae

929 788 1012 817 rege,
1028 777 1104 808 ibid.
1135 778 1257 808 bellum
1280 777 1363 808 inter
1378 787 1452 808 eum
1468 781 1500 808 et
1517 778 1559 807 A-

929 820 1122 858 thenienses,
1144 820 1220 851 ibid.
1256 831 1330 851 cum
1353 830 1446 861 aegre
1468 819 1560 850 susti-

929 868 1019 894 neret
1040 863 1188 894 Attalum
1210 864 1420 903 Rhodiosque
1442 863 1560 901 hostes,

929 917 969 937 ne
992 907 1142 937 Romano
1162 906 1292 946 quidem
1317 907 1402 937 bello
1424 910 1561 937 terretur

934 949 979 981 16.
1035 950 1188 989 Abydum
1219 950 1317 990 capit,
1342 949 1419 980 ibid.
1450 953 1482 980 et
1512 956 1560 988 17.

930 1003 1003 1023 eum
1027 993 1180 1023 audacter
1197 993 1373 1032 alloquitur
1390 993 1437 1023 M.
1451 991 1559 1022 Aemi-

929 1036 1003 1073 lius,
1019 1036 1142 1075 legatus
1159 1036 1254 1067 Rom.
1276 1036 1322 1066 18.
1345 1035 1471 1066 insueto
1489 1045 1562 1066 vera

929 1079 1039 1109 audire
1064 1078 1199 1109 ferocior
1222 1078 1346 1109 videtur
1372 1078 1467 1118 legati
1492 1088 1559 1108 ora-

931 1122 987 1159 tio,
1002 1121 1078 1152 ibid.
1114 1121 1286 1161 Philippus
1311 1121 1392 1161 petit
1415 1121 1561 1151 Athenas

932 1174 982 1202 24.
1005 1164 1071 1194 edit
1087 1164 1245 1204 proelium
1261 1164 1469 1194 memorabile
1486 1173 1559 1194 cum

931 1207 1193 1244 Atheniensibus,
1205 1207 1280 1238 ibid.
1304 1207 1435 1244 recedit,
1447 1211 1479 1237 et
1494 1216 1561 1237 om-

931 1249 985 1280 nia
1008 1250 1091 1280 circa
1114 1250 1259 1280 Athenas
1281 1250 1389 1287 diruit,
1410 1250 1486 1280 ibid.
1517 1250 1561 1280 A·

931 1293 1047 1323 chaeos
1063 1293 1213 1323 Romano
1236 1293 1358 1331 illigare
1380 1293 1466 1323 bello
1482 1293 1561 1322 frus-

930 1339 980 1366 tra
998 1340 1131 1366 conatur
1148 1343 1196 1374 25.
1231 1336 1377 1366 Athenas
1399 1339 1431 1366 et
1456 1335 1563 1366 Pirae-

933 1388 1007 1409 eum
1028 1379 1143 1409 frustra
1159 1382 1264 1409 tentat
1283 1377 1330 1409 26.
1363 1378 1461 1408 diruit
1483 1382 1563 1408 tem-

932 1422 988 1461 pla
1003 1421 1087 1452 circa
1103 1421 1258 1459 Athenas,
1273 1421 1349 1452 ibid.
1381 1421 1448 1451 eius
1463 1431 1562 1461 appa-

932 1468 1020 1495 ratus
1038 1465 1084 1494 28.
1110 1465 1232 1504 legatos
1247 1465 1347 1495 mittit
1362 1465 1403 1494 ad
1419 1464 1564 1502 Aetolos,

931 1507 1006 1538 ibid.
1048 1507 1183 1538 miratur
1209 1508 1431 1539 Romanorum
1461 1511 1565 1538 castra

933 1559 982 1589 34.
1021 1551 1178 1581 detrectat
1205 1561 1347 1590 pugnam
1371 1548 1420 1590 36.
1459 1550 1564 1581 caedit

933 1604 1027 1633 vagos
1042 1594 1288 1624 frumentatores
1304 1594 1400 1624 Rom.
1416 1593 1493 1624 ibid.
1517 1603 1564 1623 re-

932 1636 1065 1676 pellitur
1080 1644 1129 1675 37.
1161 1636 1193 1667 in
1215 1646 1331 1675 magno
1347 1639 1394 1666 est
1410 1635 1564 1676 periculo,

932 1679 1009 1711 ibid.
1036 1679 1156 1710 recedit
1177 1679 1226 1717 38.
1254 1678 1359 1710 caedit
1376 1678 1508 1710 Aetolos
1523 1688 1560 1717 41

933 1726 966 1753 et
983 1732 1032 1760 42.
1056 1722 1087 1752 in
1104 1732 1178 1753 eum
1193 1722 1440 1753 Atheniensium
1457 1722 1563 1752 decre-

933 1769 967 1796 ta
980 1776 1029 1804 44.
1053 1765 1270 1803 Thaumacos,
1282 1765 1397 1796 frustra
1413 1768 1565 1803 tentatos,

934 1808 1049 1839 deserit
1065 1808 1238 1848 Philippus
1253 1817 1304 1847 32,
1318 1820 1346 1847 4.
1372 1808 1440 1839 eius
1455 1808 1563 1839 anxie-

933 1856 982 1882 tas
998 1856 1031 1882 et
1046 1862 1140 1882 curae
1157 1860 1185 1890 5.
1217 1851 1368 1882 conciliat
1388 1850 1446 1881 sibi
1465 1850 1564 1882 Grae-

935 1905 989 1925 cos
1015 1898 1047 1925 et
1074 1895 1284 1932 Macedonas,
1307 1894 1384 1925 ibid.
1426 1898 1565 1934 occupat

933 1938 1043 1968 fauces
1057 1936 1269 1978 Antigoneae,
1284 1937 1361 1968 ibid.
1391 1941 1494 1967 castra
1511 1947 1565 1977 po-

934 1981 981 2011 nit
997 1981 1036 2011 ad
1053 1980 1172 2018 Aoum,
1184 1980 1260 2011 ibid.
1285 1980 1353 2011 eius
1367 1979 1565 2019 colloquium

934 2034 1007 2054 cum
1024 2023 1063 2054 T.
1079 2023 1247 2060 Quinctio,
1264 2033 1326 2054 cos.
1347 2033 1392 2054 10.
1424 2033 1497 2053 eum
1514 2032 1565 2062 ag-

933 2067 1075 2106 greditur
1094 2066 1269 2102 Quinctius
1292 2070 1324 2096 et
1350 2066 1458 2106 fugere
1481 2066 1567 2105 cogit

935 2110 967 2140 in
989 2109 1190 2140 Thessaliam
1212 2119 1258 2140 12.
1288 2109 1320 2139 in
1338 2109 1565 2140 Macedoniam

937 2152 1108 2193 Philippus
1131 2152 1211 2183 redit
1240 2161 1285 2191 ¹3·
1323 2152 1391 2183 eius
1413 2151 1567 2182 societate

935 2195 1057 2233 relicta,
1082 2195 1204 2226 Achaei
1233 2205 1266 2226 se
1293 2195 1472 2235 adiungunt
1500 2195 1566 2225 Ro-

936 2239 1038 2269 manis
1063 2247 1193 2280 19—23.
1229 2238 1297 2269 cius
1319 2248 1436 2268 nomen
1460 2237 1492 2268 in
1516 2248 1567 2268 co—

936 2281 1034 2312 mitiis
1064 2282 1253 2321 Argivorum
1292 2281 1461 2312 recitatum
1496 2284 1569 2320 post

937 2325 1062 2362 Iovem,
1092 2325 1292 2365 Apollinem,
1321 2328 1353 2355 et
1388 2324 1567 2354 Herculem

938 2376 986 2407 25.
1025 2367 1093 2398 eius
1116 2368 1279 2408 praefecto
1305 2367 1443 2398 Philocli
1468 2368 1569 2406 Argos

937 2411 1093 2451 proditur,
1108 2410 1183 2442 ibid.
1219 2411 1286 2441 eius
1311 2421 1385 2442 cum
1410 2409 1568 2446 Quinctio

937 2465 998 2485 cos.
1016 2453 1212 2494 colloquium
1231 2452 1365 2493 32-36,
1395 2453 1567 2492 Philippus

936 2497 1076 2528 dicacior
1105 2501 1184 2535 erat,
1210 2507 1306 2536 quam
1337 2507 1442 2536 regem
1474 2496 1567 2526 decet

937 2549 986 2579 34.
1004 2541 1044 2571 cf.
1061 2544 1093 2570 et
1111 2539 1161 2580 36,
1183 2549 1228 2578 14.
1265 2540 1345 2580 petit
1368 2551 1387 2569 a
1410 2538 1567 2575 Quinctio

937 2588 973 2614 ut
1003 2584 1124 2624 legatos
1151 2584 1289 2614 Romam
1318 2582 1444 2612 mittere
1471 2581 1566 2611 licent

938 2635 990 2664 32,
1008 2625 1057 2665 36.
1089 2626 1241 2666 impetrat
1267 2625 1407 2656 indutias
1432 2625 1464 2654 in
1488 2625 1568 2654 duos

937 2679 1073 2706 menses,
1084 2669 1159 2700 ibid.
1184 2669 1251 2699 cius
1268 2668 1375 2706 legati,
1388 2679 1420 2698 re
1437 2667 1566 2703 infecta,

937 2712 1106 2743 discedunt
1135 2713 1241 2743 Roma
1264 2720 1313 2751 37.
1353 2712 1465 2741 foedus
1491 2710 1564 2740 facit

937 2765 1009 2785 cum
1029 2755 1157 2786 Nabide
1174 2758 1223 2793 3⁸·
1250 2754 1437 2792 Argivorum
1456 2753 1564 2782 urbem

938 2797 1136 2829 fiduciariam
1162 2798 1283 2828 Nabidi
1307 2797 1414 2832 tradit,
1435 2795 1510 2825 ibid.
1534 2798 1565 2824 ct

936 2851 1003 2880 sqq.
1034 2841 1103 2871 eius
1117 2845 1292 2880 apparatus
1307 2848 1358 2877 33,
1376 2848 1403 2877 3.
1433 2838 1473 2867 nd
1491 2846 1564 2867 curn

936 2883 1101 2914 contendit
1125 2883 1300 2918 Quinctius
1323 2893 1384 2911 cos.
1409 2880 1483 2910 ibid.
1514 2889 1564 2909 co-

938 2927 1061 2966 piarum
1080 2925 1222 2965 Philippi
1240 2934 1391 2956 numerus
1407 2934 1435 2961 4.
1463 2927 1566 2955 castus
