1888 3194
352 134 1044 180 MANUSCRIPTORUM
1094 135 1306 181 LIVII„
1438 143 1519 180 431

121 228 336 270 literarum
362 229 407 269 in
428 226 662 268 Academia
684 225 909 267 Hafniensi
938 225 1183 282 professore,
1205 226 1394 267 eiusdem
1417 228 1522 270 Msti

122 286 390 328 collationem
417 283 627 332 obtinuit3
660 298 714 324 ex
744 298 828 338 quo
858 283 985 324 etiam
1007 282 1150 332 didici,
1173 282 1364 324 codicem
1393 284 1520 349 hun-c,

123 357 251 400 quern
291 342 391 384 olim
429 340 638 382 IllustriSS.
684 339 986 396 Rostgaardius
1025 340 1280 396 possederat,
1323 355 1437 382 nunc
1478 342 1522 382 in

122 399 376 443 bibliotheca
396 399 512 454 regia
533 397 758 438 Hafniensi
780 412 990 439 asservari.

180 455 257 498 VI.
291 455 592 497 HARLEIANUS
653 455 789 496 codex
849 463 911 496 est
964 453 1290 495 Honoratissimi
1343 455 1524 496 Comitis

125 513 396 562 oxoniensis,
430 527 557 568 quem
591 512 701 554 eirca
733 512 831 553 artis
868 511 1195 569 typographicae
1233 512 1522 553 inventionem

121 579 339 613 exaratum
368 570 493 611 fuisse
523 579 648 610 testes
676 569 830 610 oculati
856 569 1102 610 retulerunt.
1168 568 1298 610 Hunc
1319 584 1405 610 una
1425 584 1521 610 cum

123 627 303 670 Hearnii
325 627 442 669 Msto
464 627 521 669 D.
545 627 797 683 plerumque
818 627 1084 668 vitiosissimo
1108 626 1308 667 Rhenani
1336 626 1523 683 Spirensi

122 685 358 728 consentire
381 693 580 741 expertus
600 699 704 725 sum.

181 743 282 785 VII.
317 741 743 784 HAvr-:RCAMHANLS
768 750 831 782 est
861 741 996 782 codex
1018 740 1070 781 V
1061 741 1111 782 1ri
1136 740 1371 782 Clarissimi
1405 739 1524 797 Sige-

122 800 230 843 berti
265 799 563 855 Havercampii
598 800 954 849 membranaceus,
991 798 1125 840 forma
1160 799 1333 847 maiori3
1382 813 1522 854 quem,

123 857 247 899 simul
269 872 365 898 cum
389 857 560 899 decadis
580 857 739 913 primae
756 857 991 913 fragmento
1012 866 1055 897 et
1077 856 1157 897 alio
1179 856 1323 897 codice
1345 856 1524 912 primam

123 914 324 957 librorum
346 915 505 956 decada
532 915 776 956 continente
806 914 849 954 in
879 914 991 954 idem
1013 913 1212 955 volumen
1241 923 1522 978 compactum,

123 972 169 1013 in
190 972 386 1013 auctione
411 971 690 1013 bibliothecae
715 971 975 1012 Markianiae
1005 971 1083 1022 sibi
1112 973 1381 1027 comparavit,
1404 981 1450 1012 ut
1479 971 1522 1011 in

124 1028 251 1070 Mstis
273 1029 458 1070 Decadis
485 1029 646 1084 primae
675 1043 790 1069 num.
816 1029 872 1069 Il.
896 1043 1021 1083 supra
1049 1043 1208 1076 monui,
1231 1028 1421 1093 mihique
1451 1044 1524 1084 pc-

124 1086 231 1128 tenti
251 1086 435 1141 benigne
458 1085 665 1126 utendum
682 1086 899 1126 concessit.
950 1085 1101 1126 Codex
1119 1096 1181 1126 est
1198 1086 1521 1134 recentissimus,

123 1143 242 1185 cuius
263 1143 367 1184 calci
394 1143 498 1183 haec
526 1142 726 1198 temporis
755 1151 856 1183 nota
884 1142 1048 1183 adiecta
1075 1153 1162 1183 est:
1197 1144 1337 1183 Finis.
1362 1144 1432 1184 die
1452 1145 1521 1184 Ql.

123 1202 278 1243 mensis
299 1201 556 1242 Decembris
582 1200 704 1241 1460.
756 1199 902 1248 Quum
925 1209 1065 1240 autem
1088 1199 1374 1240 characterum
1393 1199 1525 1240 forma

123 1257 252 1300 fidem
273 1257 410 1306 faciat,
433 1257 654 1298 adiunctos
675 1256 823 1298 decem
851 1257 1009 1313 primos
1031 1256 1142 1297 Livii
1172 1256 1312 1305 libros,
1335 1272 1459 1313 supra
1481 1257 1524 1296 in

125 1314 251 1358 Mstis
287 1314 473 1356 Decadis
512 1314 670 1370 primae
713 1329 827 1355 num.
870 1315 942 1356 VI.
981 1324 1244 1363 memoratos,
1282 1314 1333 1354 ab
1375 1314 1524 1355 eadem

124 1388 254 1415 manu
268 1372 476 1429 profectos
492 1372 631 1422 fuisse,
649 1387 720 1412 eos
737 1372 864 1413 etiam
885 1372 939 1413 ad
960 1371 1074 1413 idem
1097 1380 1263 1428 tenipus
1285 1371 1526 1413 referendos

125 1445 213 1472 esse
235 1430 423 1471 arbitror.

185 1487 311 1529 VIII.
345 1486 638 1527 LovELrAch
665 1486 849 1527 Pmms.
914 1487 982 1527 De
1010 1487 1090 1528 hoc
1118 1486 1263 1528 codice
1293 1486 1525 1528 videndum

126 1553 190 1587 est
210 1559 334 1601 supra
355 1544 465 1585 inter
486 1543 578 1584 illos
598 1543 738 1593 libros,
757 1544 830 1598 qui
852 1544 956 1584 mihi
978 1543 1030 1585 ad
1052 1544 1208 1600 primos
1229 1544 1375 1585 decem
1398 1543 1526 1584 libios

126 1611 291 1659 praesto
313 1601 495 1650 fuerunt,
519 1616 633 1641 num.
659 1601 715 1642 X.

185 1660 266 1701 IX.
302 1659 398 1699 Lov
403 1672 594 1699 Ennius
647 1657 892 1699 Sssctxnus.
983 1658 1050 1699 De
1101 1658 1181 1699 hoc
1232 1659 1357 1700 ctiam
1411 1657 1527 1698 Msto

127 1717 285 1758 ibidem
307 1716 374 1772 egi
397 1731 511 1757 num.
538 1716 616 1757 XI.

187 1773 571 1816 X.Lovr:1,1ANLS
597 1772 797 1813 Timauus
822 1771 957 1813 codex
989 1782 1051 1813 est
1082 1772 1260 1828 seiiptus
1294 1773 1338 1813 in
1375 1787 1524 1829 pelga-

128 1847 266 1881 meno,
289 1832 421 1872 forma
444 1830 600 1871 maiori.
667 1830 741 1870 Est
763 1838 903 1870 autem
927 1829 1066 1886 paullo
1089 1830 1306 1871 recentior.

189 1890 268 1931 XI.
303 1888 596 1929 Lovfflaxms
636 1886 857 1935 erwrcs
892 1887 1027 1928 codex
1069 1895 1131 1928 est
1168 1888 1525 1936 membranaceus,

128 1946 260 1988 forma
281 1945 473 1987 similiter
494 1944 654 1994 maiori,
678 1959 817 2000 neque
839 1945 964 1985 ctiam
989 1944 1218 1985 admodum
1241 1945 1452 2000 antiquus.

187 2004 294 2046 XII.
329 2003 621 2044 LovssmANrs
646 2002 855 2050 QmN'rUs
883 2002 1040 2058 pariter
1067 2001 1202 2043 codex
1231 2012 1293 2043 cst
1323 2002 1530 2043 membra-

128 2076 296 2110 naceus,
320 2060 452 2102 forma
481 2059 639 2109 maiori,
663 2060 736 2115 qui
765 2059 907 2115 paullo
937 2068 1100 2100 tantum
1129 2069 1226 2100 ante
1253 2068 1383 2102 artem
1408 2070 1530 2116 typo-

127 2118 369 2176 graphicam
391 2127 598 2174 repertam
620 2127 815 2158 exaratus
836 2132 924 2158 0550
947 2116 1124 2159 videtur.

188 2176 715 2218 XIII.RsseANA'r1ANts
747 2184 809 2216 est
845 2174 993 2224 codex,
1028 2190 1154 2231 quem
1190 2184 1324 2216 servat
1358 2174 1529 2216 Ioannis

131 2233 346 2290 Baptistae
376 2233 582 2275 Rccanati
612 2232 785 2274 Patricii
807 2232 964 2274 Veneti
993 2232 1259 2274 bibliotheca.
1323 2232 1428 2274 Eius
1456 2247 1530 2273 ex-

130 2307 177 2334 ce
232 2301 274 2333 ta
304 2290 382 2332 Vir
417 2290 684 2333 Clarissimus
717 2299 843 2347 atque
875 2291 1167 2332 Amic-issimus
1201 2289 1282 2332 Iac.
1308 2290 1531 2347 Philippus

131 2348 186 2391 D’
234 2348 404 2398 rvillius‚
423 2364 554 2405 quum
578 2349 620 2389 in
643 2349 792 2390 itinere
816 2347 962 2390 Italico
981 2348 1181 2389 Venetias
1203 2348 1349 2389 adiens
1371 2348 1529 2389 ibidem

131 2416 376 2457 moraretur,
413 2406 663 2463 impetravit,
698 2415 739 2447 et
773 2406 916 2463 patriis
949 2405 1103 2448 laribus
1135 2415 1282 2462 postca
1314 2406 1531 2447 restitutus

131 2464 314 2507 officiose
350 2464 403 2506 ad
440 2479 507 2505 me
545 2464 782 2505 transmisit.
848 2464 1002 2506 Utrum
1040 2463 1175 2505 codex
1213 2463 1282 2505 ille
1319 2464 1363 2504 in
1401 2478 1533 2504 mem·

132 2522 285 2572 branis,
307 2538 360 2564 an
383 2522 426 2563 in
448 2522 591 2563 charta
612 2534 806 2563 exaratus
831 2522 897 2572 sit,
921 2521 1027 2562 nihil
1057 2521 1204 2571 habeo,
1228 2521 1344 2578 quod
1365 2521 1529 2563 dicam:

133 2594 272 2636 neque
308 2580 486 2622 certiora
517 2579 570 2621 dc
607 2580 698 2620 eius
733 2588 868 2621 aetate
905 2579 1052 2621 afferre
1088 2594 1269 2635 possum.
1349 2578 1417 2620 Ex
1454 2594 1532 2619 usu

135 2645 277 2679 tamen
320 2637 423 2678 mihi
465 2637 666 2687 constitit,
701 2652 786 2679 non
821 2637 931 2679 inter
965 2637 1255 2693 integerrimos
1290 2652 1338 2678 ac
1375 2637 1533 2693 primae

136 2695 392 2736 auctoritatis
441 2695 709 2736 referendum
761 2710 864 2737 0550.
949 2694 999 2735 In
1051 2694 1196 2736 multis
1245 2694 1535 2736 consenticbit

136 2750 273 2792 codici
293 2751 570 2794 bibliothecae
592 2751 849 2794 Bodleianae
867 2753 978 2794 inter
999 2752 1230 2803 Laudinos,
1248 2767 1374 2809 quem
1401 2751 1480 2792 He·
1473 2766 1537 2791 ir-

138 2807 233 2849 nius
248 2808 472 2859 consuluit,
490 2819 532 2851 et
554 2809 631 2851 hac
654 2820 754 2851 nota
776 2811 827 2852 L.
848 2811 884 2852 Ι.
910 2809 1095 2852 indicare
1117 2810 1264 2851 solitus
1285 2820 1360 2851 cst.
1410 2808 1538 2850 Prac-

138 2865 279 2906 sertim
299 2881 346 2907 ve
349 2880 396 2907 ro
411 2865 521 2907 solus
537 2882 590 2907 ex
612 2868 808 2908 omnibus
831 2868 934 2908 meis
956 2867 1150 2908 exhibuit
1171 2867 1283 2908 illam
1302 2865 1537 2922 periodum,
