1888 3194
529 185 656 227 LIB.
690 184 855 226 XLIV.
903 183 1050 226 CAP.
1084 188 1151 226 22.
1462 191 1540 229 143

146 281 336 318 ‘merum
364 276 628 318 tribunorum
656 273 849 316 consules
876 283 919 315 et
949 274 1132 330 populus
1160 284 1377 317 crearent:
1410 278 1540 319 creari
1558 287 1600 319 U.
1618 288 1656 320 c.
1678 289 1752 327 584.

145 338 158 358 ‘
173 343 314 376 autem
335 333 550 374 neminem
571 347 622 374 eo
643 347 755 373 anno
775 331 953 388 placere,
971 331 1051 372 nisi
1073 332 1147 387 qui
1168 331 1371 373 honorem
1392 335 1541 389 gessis-
1556 331 1594 362 A.
1618 330 1656 362 C.
1683 330 1751 362 ¹⁶⁸·

145 396 158 415 ‘
173 400 247 432 set.
309 390 423 431 Tum
450 405 504 431 ex
531 389 726 431 omnibus
754 389 932 430 tribunis
959 388 1143 430 militum
1171 390 1233 430 uti
1262 389 1311 430 L.
1332 390 1541 432 Aemilius
1554 372 1747 455 {ffi'ssspa-

144 448 218 489 ‘in
237 447 342 489 duas
361 447 548 504 legiones
569 447 613 487 in
637 445 948 495 Macedoniam,
971 461 1077 502 quos
1097 461 1242 488 eorum
1264 446 1376 497 velit,
1399 448 1539 503 eligat,
1554 461 1636 489 ratu.

145 511 216 547 ‘et
250 514 309 554 ut,
343 504 522 546 sollenni
551 504 799 546 Latinarum
835 504 1035 560 perfecto,
1071 503 1120 544 L.
1140 503 1348 545 Aemilius
1380 505 1539 556 consul,

145 567 158 587 ‘
174 562 255 605 Cn.
281 561 483 605 Octavius
503 570 682 618 praetor,
705 561 774 602 cui
799 561 940 602 classis
964 561 1193 616 obtigisset,
1216 561 1260 602 in
1282 562 1540 617 provinciam

143 625 157 645 ‘
171 620 514 677 proficiscantur!
554 618 741 660 Additus
761 627 824 660 est
843 618 908 659 his
930 618 1076 660 tertius
1099 618 1147 660 L.
1166 619 1346 660 Anicius
1361 628 1540 675 praetor,

141 677 262 720 cuius
282 677 393 719 inter
411 677 655 733 peregrinos
670 675 903 717 iurisdictio
920 685 1019 717 erat.
1084 675 1195 716 Eum
1217 676 1259 716 in
1282 677 1540 732 provinciam

142 734 359 792 Illyricum
381 735 492 776 circa
512 733 550 775 L
582 733 785 775 chnidum
810 732 892 789 Ap.
915 733 1098 774 Claudio
1123 733 1346 775 succedere
1367 734 1538 790 placuit.

143 792 350 836 Delectus
394 807 495 834 cura
537 749 587 833 g.
612 791 779 832 Licinio
825 790 986 832 consuli
1029 791 1233 847 imposita.
1298 790 1338 833 Is
1378 800 1540 847 septem

143 851 275 893 millia
313 850 466 892 civium
505 849 795 890 Romanorum
832 858 875 889 et
914 848 1078 904 equites
1114 848 1318 890 ducentos
1359 850 1539 891 scribere

143 909 305 957 iussus;
338 917 381 949 et
401 907 523 948 sociis
544 906 726 948 nominis
748 905 891 947 Latini
913 915 1074 962 septem
1100 905 1230 946 millia
1250 906 1440 961 peditum
1462 907 1541 947 im-

112 976 303 1024 3perare,
340 964 671 1021 quadringentos
711 963 901 1019 equites3
949 972 992 1004 et
1035 962 1115 1004 Cn.
1143 962 1318 1005 Servilio
1357 963 1540 1005 Galliam

143 1022 354 1066 obtinenti
386 1021 644 1078 provinciam
676 1020 818 1061 literas
850 1020 1029 1069 mittere,
1053 1030 1100 1061 ut
1130 1031 1350 1063 sexcentos
1377 1022 1540 1077 equites

142 1080 436 1124 conscriberet.
500 1077 631 1119 Hunc
652 1077 885 1118 exercitum
907 1077 960 1118 ad
987 1076 1189 1133 collegam
1211 1078 1347 1133 primo
1369 1094 1539 1135 quoque

143 1147 332 1195 tempore
360 1136 528 1177 mittere
557 1135 601 1175 in
624 1133 922 1176 Macedoniam
951 1134 1111 1176 iussus:
1145 1149 1284 1190 neque
1310 1136 1353 1176 in
1375 1151 1425 1177 ea
1445 1151 1542 1192 pro-

141 1195 280 1238 vincia
307 1193 402 1251 plus
429 1207 556 1249 quam
584 1192 688 1234 duas
715 1191 902 1248 legiones
930 1206 1046 1240 esse3
1080 1207 1149 1233 eas
1177 1191 1342 1248 repleri,
1365 1201 1412 1233 ut
1439 1208 1541 1234 sena

141 1253 275 1295 millia
293 1251 500 1309 peditum,
523 1258 715 1291 trecenos
742 1249 945 1291 haberent
970 1248 1160 1305 equites:
1194 1258 1355 1291 ceteros
1376 1250 1540 1306 equites

141 1310 391 1368 peditesque
432 1308 476 1349 in
515 1307 734 1364 praesidiis
773 1306 967 1364 disponi:
1015 1306 1090 1362 qui
1126 1321 1272 1348 eorum
1307 1307 1451 1349 idonei
1487 1307 1541 1348 ad

142 1367 411 1410 militandum
444 1380 531 1407 non
564 1373 717 1415 essent,
747 1364 915 1406 dimitti.
978 1363 1140 1406 Decem
1169 1374 1386 1421 praeterea
1412 1364 1543 1406 millia

140 1425 333 1483 peditum
354 1424 559 1480 imperata
578 1422 713 1472 sociis,
731 1430 775 1464 et
794 1422 906 1464 octin
939 1422 1027 1463 enti
1048 1421 1223 1478 equites.
1272 1421 1323 1463 ld
1344 1422 1541 1479 praesidii

111 1483 335 1527 4additum
375 1481 542 1531 Anicio,
578 1488 744 1537 praeter
778 1479 883 1521 duas
909 1437 1118 1535 legiones,
1156 1495 1260 1536 quas
1294 1487 1460 1536 portare
1496 1480 1540 1521 in

143 1539 444 1583 Macedoniam
471 1546 535 1580 est
561 1538 708 1587 iussus,
734 1537 865 1593 quina
897 1537 1030 1579 millia
1059 1537 1253 1593 peditum
1284 1546 1328 1579 et
1354 1537 1541 1579 ducenos

142 1598 358 1648 habentes,
391 1605 581 1637 trecenos
611 1595 800 1650 equites:
834 1603 878 1636 et
910 1595 954 1636 in
982 1594 1155 1636 classem
1187 1595 1377 1651 quinque
1411 1595 1542 1636 millia

142 1656 354 1698 navalium
395 1653 554 1694 socium
595 1660 694 1693 sunt
732 1652 896 1708 scripta.
959 1651 1153 1693 Licinius
1192 1651 1339 1694 consul
1378 1652 1542 1694 duabus

142 1712 380 1770 legionibus
400 1710 589 1752 obtinere
610 1709 869 1766 provinciam
891 1709 1024 1750 iussus
1041 1725 1050 1750 :
1085 1725 1136 1753 eo
1157 1708 1312 1751 addere
1333 1710 1541 1751 sociorum

142 1771 292 1813 decem
313 1767 444 1810 millia
464 1767 669 1824 peditum,
692 1776 735 1808 et
755 1776 976 1808 sexcentos
997 1781 1018 1807 e
1054 1767 1172 1808 nites.

204 1824 587 1871 Senatusconsultis
607 1824 815 1880 perfectiS,
838 1823 888 1865 L.
907 1782 1116 1865 Aemilius
1141 1824 1287 1865 consul
1308 1840 1330 1866 e
1353 1824 1469 1865 curia
1497 1824 1540 1865 in
1619 1827 1686 1866 22.

111 1886 391 1931 sconcionem
423 1882 635 1938 processit,
669 1881 987 1937 orationemque
1025 1881 1150 1922 talem
1187 1882 1359 1923 habuit:
1407 1882 1741 1939 ‘Ani-13-Aemilji

144 1949 157 1969 ‘
172 1942 441 1985 madvertisse
463 1939 622 1989 videor,
643 1938 845 1988 Quirites,
868 1939 1068 1980 maiorem
1092 1938 1208 1989 mihi,
1226 1940 1372 1981 sortito
1395 1939 1541 1981 Mace·
1554 1927 1627 1957 ⁰⁰⁸·
1642 1931 1752 1957 ⁰¹⁷²‘¹‘'·

144 2001 343 2043 ‘doniam
378 1997 652 2055 provinciam,
688 1995 1011 2052 gratulationem
1045 1995 1210 2046 factam,
1247 2012 1374 2052 quam
1407 2012 1539 2053 quum

144 2064 246 2101 ‘aut
274 2056 422 2100 consul
454 2069 586 2096 essem
618 2053 915 2103 consalutatus,
941 2063 1014 2095 aut
1041 2069 1126 2110 quo
1155 2053 1224 2095 die
1253 2054 1541 2110 magistratum

144 2116 369 2157 ‘inissemt
401 2127 541 2169 neque
572 2111 616 2152 id
644 2112 698 2153 ob
726 2110 849 2152 aliam
878 2125 1059 2161 causam,
1082 2126 1208 2167 quam
1235 2112 1335 2168 quia
1359 2111 1469 2153 bello
1498 2112 1539 2152 in

144 2179 157 2199 ‘
173 2171 442 2221 Macedonia,
465 2169 581 2226 quod
601 2168 676 2210 diu
697 2168 887 2218 trahitur,
906 2168 1173 2210 existimastis
1194 2168 1370 2226 dignum
1393 2169 1542 2210 maies-

145 2237 157 2257 ‘
174 2238 257 2273 tate
278 2228 424 2288 populi
448 2226 631 2269 Romani
653 2226 815 2268 exitum
844 2241 920 2282 per
946 2241 1012 2268 mc
1042 2226 1202 2282 imponi
1230 2242 1362 2283 posse.
1426 2226 1542 2268 Deos

144 2294 344 2354 ‘quoque
372 2286 471 2328 huic
496 2284 643 2326 favisse
671 2283 771 2326 sorti
799 2298 933 2339 spero,
956 2283 1212 2340 eosdemque
1241 2285 1284 2325 in
1316 2284 1440 2326 rebus
1469 2300 1542 2341 ge-

111 2350 157 2384 6‘
173 2345 314 2388 rendls
344 2344 546 2386 affuturos
575 2357 676 2383 esse.
742 2340 860 2382 Haec
891 2341 1042 2397 partim
1071 2342 1246 2397 opinari,
1269 2342 1422 2398 partim
1448 2357 1542 2398 spe-

145 2410 262 2445 ‘rare
290 2416 471 2460 possum.
536 2399 647 2440 Illud
675 2398 878 2440 affirmare
909 2414 984 2455 pro
1011 2408 1126 2440 certo
1148 2399 1283 2441 habeo
1304 2399 1541 2455 audeoque,

145 2467 157 2487 ‘
174 2476 240 2503 me
262 2460 377 2503 omni
399 2473 478 2515 ope
501 2457 747 2499 annisurum
768 2471 870 2506 esse,
889 2471 942 2498 ne
964 2456 1115 2498 frustra
1130 2472 1202 2499 vos
1223 2456 1332 2499 hanc
1353 2472 1470 2513 spem
1488 2457 1541 2498 de

144 2604 206 2632 test
225 2601 305 2631 duaa
323 2600 461 2630 urbanas
482 2597 591 2635 fuisse,
611 2598 820 2637 quemadmo-
910 2608 928 2634 4
953 2598 1042 2634 Quas
1070 2602 1202 2636 portare
1232 2598 1267 2627 in
1297 2597 1541 2634 Macedoniam]

144 2644 221 2675 dum
253 2653 338 2683 nupt.
371 2641 483 2672 xxxiii.
517 2649 566 2678 25.
605 2641 740 2670 (inarum
779 2640 819 2670 le·
869 2639 942 2670 Imo
964 2641 999 2669 in
1021 2640 1198 2678 Illyricum.
1246 2639 1340 2670 Ilaec
1361 2639 1447 2669 enim
1467 2639 1543 2669 Ani-

143 2686 275 2725 gionum
290 2695 365 2716 tisun
381 2695 444 2715 non
459 2683 630 2719 indicatur,
642 2684 695 2713 scd
712 2686 822 2722 postea
867 2681 918 2712 cio
936 2681 1101 2721 provincia
1118 2682 1285 2721 obtigerat.

145 2728 222 2759 ibid.
239 2727 291 2767 36.
314 2739 369 2759 cas
389 2728 429 2758 ad
453 2727 563 2757 urbem
582 2726 735 2756 mansisse
757 2725 821 2756 col·
911 2733 928 2763 5
947 2726 1197 2765 orationemque
1212 2726 1307 2756 talem
1323 2725 1454 2761 hahuit]
1484 2724 1544 2754 P«)-

147 2770 266 2811 ligitur.
868 2767 993 2807 lybiam
1019 2767 1079 2797 hoc
1104 2768 1175 2797 loco
1197 2767 1355 2807 expilavit
1374 2767 1497 2801 Livius,
1518 2766 1541 2795 ni

190 2822 208 2852 3
232 2813 291 2844 C'n.
312 2813 466 2851 Servilio]
504 2810 622 2842 Primis
646 2810 721 2841 sunni
748 2821 821 2840 con·
869 2809 1046 2841 A.Mniun1
1064 2809 1215 2845 audieris.
1231 2810 1541 2840 animat}vertentem

145 2854 220 2892 mli,
231 2855 299 2895 qui,
311 2859 347 2886 ut
359 2865 398 2885 ex
417 2855 477 2885 hoc
492 2855 562 2885 loeo
575 2853 739 2889 ‹lint-imus,
754 2863 821 2892 pro-
867 2853 908 2883 ad
928 2852 1008 2883 Exc.
1030 2852 1104 2883 vat.
1125 2853 1239 2892 Polyb.
1257 2852 1366 2882 xxviii.
1385 2860 1415 2889 3.

147 2901 257 2934 rogato
273 2907 310 2927 ex
329 2897 500 2928 consulatu
523 2896 658 2936 imperio
675 2895 821 2926 Galliam
911 2893 931 2924 6
956 2896 1082 2925 Partim
1112 2896 1259 2934 opinari]
1297 2894 1446 2925 Ominare'
1473 2891 1542 2931 qui-

146 2938 323 2970 obtinebat.
347 2939 454 2970 Cnsv.
869 2937 1003 2968 busdam
1022 2936 1122 2975 magia
1140 2936 1271 2976 placuit.
