1888 3194
395 214 480 252 482
891 209 1302 252 PRAEFATIO

396 313 736 370 Brieglebiumffl,
770 314 1064 365 Ernestiumw,
1096 315 1442 364 Klotzschiumw,
1465 313 1790 362 Wachterumv,

396 382 722 425 Meierottonem
732 386 776 434 22,
836 383 1116 432 Schelliumffl,
1168 382 1595 441 wyttenbachi11m24,
1647 380 1792 436 Hege-

396 451 667 500 wischium²⁵‚
695 451 952 501 Krusium‘26‚
979 450 1391 501 Wachsmuthium27,
1418 450 1790 497 Lachmannum²⁸,

396 518 582 574 aliosque
615 519 759 560 fecisse
793 528 966 569 constat,
1000 520 1209 561 subtiliter
1241 527 1284 560 et
1315 520 1480 575 copiose
1514 518 1790 574 disputarent,

395 588 461 629 vel
492 589 676 644 singulos
705 588 816 628 Livii
847 589 971 637 locos,
995 588 1047 629 de
1073 589 1225 643 quibus
1251 587 1542 636 Trekelliusw,
1569 586 1792 627 Heuman-

395 670 474 696 nus
483 657 528 705 ³0,
561 655 770 696 Semlerus
779 658 822 704 ³¹,
855 655 1096 696 Foersterus
1105 657 1149 704 ³2,
1180 655 1428 695 Eckhardus
1437 657 1481 704 ³³,
1507 653 1735 695 Martinius
1743 656 1790 702 ³4,

399 721 634 763 Schellerus
643 723 686 770 ³5,

396 916 476 945 fides
504 913 588 945 Livii
615 914 799 944 defenditur
823 914 973 944 adversus
1000 913 1070 944 Ioe-

396 956 482 988 cheri
504 957 706 995 aliorumque
730 956 935 987 obiectiones.
982 956 1069 995 Lips.

400 1007 489 1070 Ui}
506 1041 533 1071 Ι.
564 1040 750 1080 Christoph.
780 1040 953 1080 Brieglebii
985 1039 1070 1072 Diss.

397 1085 437 1114 de
454 1083 546 1114 Livio
564 1083 696 1122 eiusque
712 1083 894 1114 virtutibus.
929 1083 1070 1122 Coburg‚

400 1127 490 1165 1778.

443 1178 480 1209 19
503 1167 544 1198 A.
573 1167 663 1198 Guil.
703 1167 843 1198 Ernestii
883 1168 992 1207 Progr.
1031 1167 1071 1198 de

396 1210 590 1250 panegyrica
620 1210 703 1240 Livii
741 1209 935 1249 eloquentia.
981 1209 1069 1249 Lips.

401 1253 490 1292 1787.

441 1304 481 1325 20
504 1295 531 1324 I.
564 1294 605 1325 G.
640 1294 677 1325 C.
711 1293 876 1324 Klotzchii
913 1294 1011 1325 Diss..
1030 1294 1070 1324 de

397 1337 563 1375 diligentia
594 1336 677 1368 Livii
708 1337 740 1366 in
776 1337 962 1366 enarrandis
999 1346 1069 1375 pro-

396 1379 488 1418 digiis
526 1383 612 1409 recte
649 1379 858 1409 aestimanda.
907 1379 1068 1418 Viteberg.

400 1425 457 1460 178
485 1445 491 1452 .

441 1432 479 1493 zi
504 1464 580 1494 Chr.
607 1464 660 1494 Fr.
688 1462 857 1493 Wachteri
888 1462 997 1502 Progr.
1029 1462 1067 1493 T.

396 1505 508 1536 Livius
547 1506 723 1536 Patavinus
763 1516 782 1535 a
822 1505 1069 1544 reprehensione

396 1548 629 1588 superstitionis
687 1548 846 1577 defensus.
930 1547 1068 1585 Cliviae,

400 1598 489 1630 1792·

440 1642 479 1662 22
504 1633 531 1663 Ι.
548 1633 592 1662 H.
607 1632 644 1663 L.
662 1631 887 1664 Meierottonis
904 1632 1013 1671 Progr.
1031 1632 1070 1662 de

396 1675 535 1706 candore
567 1675 660 1705 Livii.
693 1675 801 1705 Berol.
837 1673 927 1715 1796.
956 1674 1068 1705 Eiusd.

396 1718 506 1756 Progr.
533 1717 573 1747 de
600 1717 858 1747 testimoniorum
886 1716 971 1747 Livii
996 1717 1069 1748 fide.

397 1760 481 1790 Ibid.
513 1766 602 1800 1797.
636 1759 747 1790 Eiusd.
778 1759 886 1798 Progr.
914 1759 954 1789 de
985 1759 1069 1789 Livii

394 1806 463 1832 arte
478 1802 637 1832 narrandi.
661 1802 745 1832 Ibid.
766 1802 854 1842 1798.

439 1853 478 1883 23
509 1844 545 1874 C.
578 1844 619 1874 G.
652 1844 794 1880 Schelle,
826 1843 967 1873 XVelche
1002 1844 1069 1874 alte

394 1886 571 1917 klassische
597 1887 754 1923 Autmen,
779 1885 848 1922 wie,
874 1885 907 1915 in
934 1886 1070 1916 welcher

396 1929 497 1968 Folge
527 1928 594 1958 und
621 1928 833 1967 Verbindung
862 1927 920 1958 mit
948 1929 1069 1958 andern

396 1971 532 2001 Studien
562 1971 623 2000 soll
653 1981 728 2000 man
759 1970 804 2000 sie
841 1970 902 1999 auf
927 1970 1070 2000 Schulen

395 2013 483 2043 lesen
498 2016 511 2043 P
537 2012 680 2052 Leipzig,
700 2013 789 2049 1804.
808 2012 883 2042 Vol.
903 2012 930 2042 Ι.
947 2022 978 2051 p.
998 2021 1067 2050 240.

395 2064 463 2094 sqq.

441 2106 479 2134 24
504 2096 590 2127 Dan.
629 2096 854 2136 VVyttenbach
897 2096 936 2126 de
975 2095 1068 2126 Livio

397 2138 575 2175 Historico,
619 2138 652 2168 in
699 2139 905 2169 Bibliotheca
949 2137 1070 2169 Critica

396 2180 701 2217 Amstelodamensi,
720 2181 795 2210 Vol.
814 2181 884 2210 III.
902 2180 989 2210 Part.
1005 2179 1068 2210 IV.

395 2232 427 2261 p.
461 2230 509 2259 27.
537 2233 603 2261 sqq.
636 2223 702 2252 sive
731 2222 764 2252 in
795 2222 864 2252 eius
894 2221 1070 2260 opusculis

395 2264 521 2294 selectis
547 2265 596 2294 ed.
624 2264 848 2294 Friedemann.
879 2263 950 2293 Vol.
980 2263 1006 2293 Ι.
1035 2273 1066 2302 p.

397 2315 468 2336 212.
489 2315 557 2344 sqq.

439 2355 476 2385 25
503 2348 547 2378 H.
574 2347 776 2385 Hegewisch,
805 2347 916 2378 Ueber
935 2346 987 2377 die
1011 2357 1066 2386 po-

396 2389 522 2420 litische
550 2389 781 2428 Denkungsart
808 2390 863 2419 des
891 2389 1013 2426 Livius,
1035 2390 1068 2419 in

396 2432 464 2462 eius
494 2432 606 2462 Neuer
636 2431 826 2470 Sammlung
855 2431 980 2461 kleiner
1007 2431 1067 2461 his-

395 2473 550 2503 torischer
572 2474 639 2503 und
664 2473 875 2503 literarischer
898 2474 1067 2504 Schriften.

396 2516 529 2552 Altona,
549 2516 637 2553 1800.
657 2515 720 2545 No.
742 2515 802 2545 IV.
820 2525 849 2554 p.
872 2514 939 2546 166.
957 2526 1023 2555 sqq.

441 2557 479 2588 26
504 2558 579 2589 Chr.
598 2557 709 2587 Krusii
733 2557 817 2587 Diss.
835 2558 874 2587 de
896 2558 959 2588 fide
983 2557 1065 2588 Livii

395 2603 481 2630 recte
496 2600 705 2630 aestimanda.
731 2599 818 2637 Lips.
840 2600 929 2631 1812.

441 2642 478 2672 27
504 2642 560 2672 W.
579 2641 811 2671 Wachsmuths
833 2642 963 2672 Aeltere
989 2642 1066 2673 Ges-

396 2684 524 2715 chichte
537 2684 592 2714 des
602 2683 781 2714 romischen
793 2683 927 2715 Staates.
953 2685 1066 2722 Halle,

401 2727 490 2767 1819.
508 2736 538 2765 p.
557 2735 606 2764 32.
624 2736 690 2764 sqq.

441 2771 480 2800 28
504 2769 556 2799 Fr.
575 2767 775 2798 Lachmanni
793 2768 920 2798 Comm.
937 2769 977 2799 de
1000 2769 1066 2799 fon-

395 2811 482 2842 tibus
504 2810 721 2841 Historiarum
743 2810 782 2840 Τ.
801 2810 893 2841 Livii.
918 2810 1066 2850 Gotting.

400 2853 488 2883 1822.

439 2905 478 2936 ²9
502 2895 542 2926 Α.
570 2895 611 2925 D.
639 2894 787 2925 Trekells
815 2895 1065 2934 Anmerkungen

740 721 946 762 Heinzius
953 720 996 771 ³⁶,
1049 721 1204 762 Uhlius
1216 719 1259 771 ³⁷,

1674 720 1792 762 Mul-

1313 721 1563 762 Brendelius
1576 723 1622 771 ³3,

1116 912 1194 943 iiber
1217 913 1275 944 das
1298 916 1380 944 erste
1404 913 1472 943 und
1495 913 1558 943 den
1581 912 1711 953 Anfang
1734 914 1792 945 des

1115 956 1247 985 zweiten
1279 956 1391 986 Buchs
1420 966 1482 986 von
1510 955 1632 993 Livius,
1658 955 1692 986 in
1723 955 1792 987 eius

1117 998 1262 1029 Kleinen
1276 998 1452 1028 deutschen
1470 998 1657 1035 Aufs'zitzem
1668 1007 1791 1037 gesarn-

1115 1041 1195 1070 melt
1211 1041 1278 1070 und
1294 1040 1552 1080 herausgegeben
1568 1050 1630 1071 von
1652 1040 1729 1072 Chr.
1747 1040 1789 1072 G.

1116 1083 1283 1113 Haubold.
1309 1083 1452 1122 Leipzig,
1473 1083 1561 1121 1817.
1578 1093 1609 1122 p.
1628 1091 1656 1119 3.
1673 1092 1741 1122 sqq.

1117 1125 1790 1206 1233..fflissffg'spssiurfflg'10efifissmffi}

1115 1213 1147 1239 et
1176 1209 1405 1246 Quinctiliani,
1430 1209 1465 1239 in
1493 1209 1601 1240 Ikenii
1627 1210 1727 1249 Symb
1743 1209 1790 1240 ›lis

1114 1251 1273 1289 literanis,
1297 1251 1391 1283 Tom.
1413 1252 1441 1282 Ι.
1464 1252 1551 1282 Part.
1575 1251 1639 1283 IV.
1659 1262 1691 1291 p.
1715 1260 1788 1291 403.

1115 1304 1182 1333 sqq.
1214 1298 1246 1324 et
1283 1293 1316 1323 in
1354 1294 1485 1333 Sylloge
1515 1293 1789 1332 dissertationum,

1116 1336 1203 1367 Part.
1222 1337 1270 1366 II.
1289 1346 1319 1375 p.
1340 1337 1411 1374 487.
1427 1346 1494 1375 sqq.
1685 1346 1687 1349 ·

1157 1387 1193 1416 31
1222 1379 1249 1408 Ι.
1264 1379 1295 1408 S.
1309 1378 1444 1408 Semleri
1458 1377 1607 1417 Epistola
1622 1378 1664 1409 ad
1679 1378 1788 1410 Chris-

1113 1420 1204 1459 toph.
1218 1422 1299 1459 Aug.
1315 1420 1562 1457 Heumannum,
1579 1430 1644 1459 qua
1658 1430 1788 1461 respon-

1114 1463 1169 1492 det
1185 1463 1225 1492 ad
1242 1462 1457 1502 appendicem
1473 1463 1515 1492 ad
1532 1462 1788 1495 Emendationes

1114 1504 1208 1535 Livii.
1235 1505 1355 1542 Halae,
1370 1512 1460 1544 1750.

1156 1555 1195 1585 32
1221 1547 1326 1577 Locos
1351 1547 1506 1586 quosdam
1530 1547 1660 1587 Polybii
1683 1558 1703 1579 a
1726 1547 1787 1579 La-

1114 1588 1189 1619 tinis
1210 1589 1439 1629 interpretibus
1463 1589 1569 1627 Livio,
1594 1590 1788 1622 Casaubono

1115 1635 1147 1661 et
1164 1631 1297 1662 Valesio
1323 1642 1494 1671 perperam
1517 1632 1689 1663 translatos
1715 1643 1786 1672 pro-

1114 1673 1207 1713 ponit
1231 1677 1329 1713 atque
1356 1675 1520 1705 examinat
1544 1675 1583 1706 O.
1599 1674 1786 1716 christoph.

1114 1716 1311 1747 Foersterus.
1336 1716 1425 1756 Lips.
1446 1723 1534 1756 1755.

1159 1768 1198 1797 33
1224 1759 1250 1789 I.
1265 1759 1303 1789 F.
1317 1759 1483 1789 Eckhardi
1501 1759 1629 1790 Prolus.
1644 1759 1685 1790 de
1700 1769 1785 1791 com-

1113 1801 1281 1840 paratione
1298 1801 1475 1831 Alexandri
1492 1802 1604 1841 Magni
1629 1812 1703 1833 cum
1727 1802 1786 1832 im-

1113 1843 1314 1882 peratoribus
1327 1843 1485 1874 Romanis
1495 1854 1515 1874 a
1527 1844 1620 1875 Livio
1634 1844 1705 1877 Lib.
1717 1844 1785 1876 IX.

1114 1895 1184 1924 cap.
1206 1892 1252 1923 17.
1269 1886 1366 1916 facta.
1392 1885 1530 1923 Isenaci‚
1550 1885 1639 1925 1760.

1113 1928 1785 2009 ..1135.0512}fflssfffflffssssssissgssfss‘}6¹2¹}

1115 2011 1227 2043 Eiusd.
1265 2012 1534 2042 Coniecturarum
1575 2011 1785 2042 Livianarum

1114 2053 1300 2125 Pe6riculum
1328 2054 1473 2084 I.—III.
1507 2054 1678 2085 Ratisbon.
1704 2053 1785 2093 1766

1156 2146 1195 2176 35
1222 2137 1249 2167 Ι.
1276 2137 1302 2168 Ι.
1328 2137 1368 2168 G.
1393 2137 1550 2168 Schelleri
1575 2137 1785 2170 Animadver-

1113 2178 1238 2209 sionum
1264 2179 1446 2210 criticarum
1470 2180 1503 2210 in
1527 2180 1566 2211 T.
1580 2180 1664 2211 Livii
1687 2181 1786 2212 libros

1114 2221 1206 2260 Spec.
1220 2221 1247 2251 Ι.
1261 2222 1309 2251 II.
1333 2222 1522 2260 Lubbenae,
1535 2221 1689 2264 1769—70.
1701 2233 1786 2263 quae

1111 2262 1230 2293 inserta
1254 2268 1328 2293 sunt
1353 2264 1421 2294 eius
1443 2264 1728 2296 observationibus
1750 2265 1785 2296 in

1111 2305 1230 2344 priscos
1266 2306 1436 2345 scriptores
1469 2308 1636 2346 quosdam.
1695 2307 1784 2348 Lips.

1116 2349 1204 2386 1785.
1222 2358 1254 2386 p.
1273 2349 1343 2386 248.
1361 2359 1428 2388 sqq.

1157 2389 1196 2427 36
1222 2391 1248 2420 Ι.
1277 2391 1324 2421 Μ.
1352 2390 1482 2421 Heinzii
1513 2391 1784 2423 Observationum

1114 2430 1322 2462 Livianarum
1344 2433 1437 2472 Spec.
1456 2434 1601 2464 L—III.
1619 2434 1785 2473 Vinariae‚

1118 2480 1291 2513 1771—77.
1320 2485 1402 2513 quae
1429 2476 1531 2506 relata
1554 2479 1630 2506 sunt
1655 2475 1689 2506 in
1716 2476 1785 2507 eius

1112 2515 1289 2555 Syntagma
1314 2517 1554 2556 Opusculorum
1578 2518 1783 2549 scholastico-

1111 2567 1181 2587 rum
1206 2558 1282 2588 varii
1306 2559 1497 2598 argumenti.
1525 2559 1672 2600 Gotting.
1692 2560 1782 2599 1788.

1135 2623 1142 2630 .
1163 2600 1231 2630 182.
1249 2610 1262 2630 s
1309 2623 1316 2629 .

1111 2610 1132 2639 p
1156 2648 1194 2681 37
1229 2610 1481 2699 quChristqph.
1528 2642 1652 2674 Uhlius
1695 2644 1784 2675 locos

1111 2684 1266 2722 quosdam
1312 2684 1397 2715 Livii
1446 2684 1584 2716 breviter
1632 2685 1783 2718 illustrat.

1114 2726 1298 2765 Oettingae,
1320 2733 1409 2765 1773.

1155 2769 1196 2806 38
1220 2769 1261 2799 G.
1270 2768 1345 2800 Chr.
1358 2769 1523 2800 Brendelii
1535 2770 1784 2802 Observationes

1110 2810 1143 2841 in
1160 2811 1318 2850 quaedam
1336 2810 1419 2841 Livii
1436 2811 1517 2842 loca.
1541 2812 1630 2843 Part.
1644 2812 1783 2845 1.—1V.

1113 2854 1293 2892 Isebergae,
1312 2853 1489 2895 1787-90,
