1888 3194
363 172 418 210 48
875 168 1023 211 ΤΙΤΙ
1062 168 1241 210 LIVII

157 265 202 297 U.
219 265 258 297 C.
280 266 352 306 580·
364 266 413 300 ut
441 273 570 302 novos
600 260 809 302 exercitus
839 260 1032 309 scribere,
1063 267 1136 300 aut
1170 258 1511 316 supplementum
1546 258 1757 300 veteribus

154 308 196 340 A.
219 309 522 367 C2¹7²·lieeret,
562 327 788 375 utrumque
829 326 1029 374 negatum
1069 325 1142 358 est.
1204 317 1472 358 Praetoribus
1505 332 1676 373 quoque
1707 316 1754 357 in

365 373 616 431 Hispaniam
651 376 991 433 supplementum
1018 374 1260 432 petentibus
1287 383 1512 430 negatum:
1547 374 1609 415 M.
1629 374 1754 415 Iunio

364 432 410 473 in
450 433 697 484 citeriorem,
742 433 811 490 Sp.
843 433 1042 475 Lucretio
1081 432 1126 473 in
1166 432 1417 474 ulteriorem.
1490 431 1540 474 C.
1564 431 1755 473 Licinius

369 489 543 532 Crassus
573 492 775 532 urbanam
805 490 1150 539 iurisdictionem,
1183 489 1263 531 Cn.
1286 489 1466 531 Sicinius
1497 490 1606 531 inter
1634 504 1756 546 pere-

364 548 505 603 grinos
545 558 634 590 erat
674 549 855 598 sortitus,
895 547 944 589 C.
969 547 1200 588 Memmius
1243 547 1441 597 Siciliam,
1482 547 1550 603 Sp.
1578 546 1755 588 Cluvius

369 605 616 648 Sardiniam.
681 606 901 656 Consules,
924 606 976 647 ob
1003 620 1052 646 ea
1072 605 1165 646 irati
1190 605 1366 655 senatui,
1389 605 1552 646 Latinis
1571 604 1683 646 feriis
1710 604 1784 644 in]

365 663 542 719 primam
583 679 794 720 quamque
836 664 949 704 diem
987 663 1167 712 indictis,
1201 662 1246 702 in
1281 663 1537 719 provinciam
1572 663 1756 704 abituros

366 736 453 762 esse.
490 722 816 770 denuntiarunt,
859 736 937 761 nee
979 720 1204 776 quiequam
1245 720 1306 761 rei
1347 720 1540 775 publicae
1576 728 1754 768 acturoS‚

365 788 658 836 praeterquam
681 779 795 835 quod
823 778 877 819 ad
904 777 1213 834 provinciarum
1234 777 1638 819 administrationem
1659 777 1755 818 atti-

366 846 496 877 neret.

224 897 287 935 11.
425 893 630 943 Attalum,
662 894 771 949 regis
804 892 1007 934 Eumenis
1038 892 1221 942 fratrem,
1252 892 1437 948 legatum
1469 891 1630 934 venisse
1667 891 1755 933 Ro-

366 966 490 1000 mam,
517 951 710 992 Valerius
739 951 889 992 Antias
916 951 981 991 his
1006 950 1245 991 consulibus
1273 950 1426 1000 scribit,
1453 950 1507 991 ad
1531 949 1758 991 deferenda

365 1008 418 1049 de
436 1009 589 1051 Perseo
605 1009 793 1059 erimina,
811 1008 1142 1064 indicandosque
1160 1017 1380 1064 apparatus
1401 1007 1510 1049 belli.
1563 1007 1756 1049 Plurium

366 1066 549 1117 annales,
567 1076 610 1108 et
627 1067 778 1123 quibus
794 1066 1018 1107 credidisse
1036 1065 1167 1115 malis,
1184 1067 1321 1122 ipsum
1340 1065 1577 1107 Eumenem
1593 1065 1755 1106 venisse

158 1128 322 1159 Eumenes
367 1124 549 1165 tradunt.
612 1124 826 1166 Eumenes
848 1124 986 1180 igitur,
1009 1133 1057 1164 ut
1082 1123 1264 1164 Romam
1285 1123 1413 1173 venit,
1436 1131 1637 1179 exceptus
1658 1137 1755 1165 cum

157 1171 299 1245 {Qum
366 1190 483 1223 tanto
505 1182 675 1233 honore,
698 1191 902 1239 quantum
925 1197 1008 1223 non
1038 1181 1195 1222 meritis
1224 1189 1387 1222 tantum
1408 1181 1511 1231 eius,
1533 1180 1607 1222 sed
1626 1181 1758 1222 bene-

247 1239 255 1246 '
365 1239 470 1280 ficiis
491 1240 616 1281 etiam
638 1240 734 1290 suis,
756 1239 944 1296 ingentia
973 1254 1079 1294 quae
1102 1239 1146 1279 in
1167 1254 1264 1280 eum
1292 1247 1489 1294 congesta
1514 1246 1645 1288 erant,
1667 1238 1758 1279 exi-

366 1297 551 1339 stimaret
582 1298 725 1339 deberi
756 1297 934 1354 populus
966 1297 1195 1346 Romanus,
1228 1296 1272 1336 in
1307 1304 1499 1338 senatum
1534 1304 1596 1338 est
1625 1296 1757 1338 intro-

156 1363 310 1394 Perseum
367 1354 528 1397 ductus.
612 1357 819 1398 ‘Causam
858 1354 1056 1396 veniendi
1096 1354 1174 1395 sibi
1222 1354 1403 1395 Romam
1442 1354 1593 1404 fuisse,’
1633 1353 1755 1404 dixit,

156 1410 342 1480 {uslffgum
368 1418 380 1437 ‘
395 1422 560 1469 praeter
581 1413 855 1470 cupiditatem
870 1412 1032 1454 visendi
1055 1412 1154 1453 deos
1175 1411 1464 1469 hominesque,
1482 1427 1662 1468 quorum
1682 1412 1756 1453 be-

156 1459 270 1524 nffissfis
285 1460 316 1480 ⁰*
369 1476 381 1495 ‘
396 1471 546 1512 neficio
568 1471 611 1512 in
633 1487 682 1512 ea
701 1471 868 1512 fortuna
888 1479 1008 1520 esset,
1031 1485 1155 1526 supra
1182 1485 1309 1526 quam
1337 1485 1390 1511 ne
1412 1479 1554 1526 optare
1583 1469 1787 1526 quidemz

369 1528 581 1579 ‘auderet,
604 1529 729 1570 etiam
758 1537 803 1570 ut
831 1543 970 1570 coram
998 1536 1187 1569 moneret
1214 1536 1418 1578 senatum,
1442 1536 1489 1568 ut
1515 1527 1659 1568 Persei
1686 1542 1787 1573 co-3

369 1592 381 1610 ⁶
393 1587 500 1627 natis
517 1587 679 1628 obviam
696 1587 800 1627 iret.’
861 1586 992 1628 Orsus
1007 1585 1106 1626 inde
1123 1601 1147 1626 a
1168 1585 1355 1642 Philippi
1371 1585 1565 1635 consiliis,
1585 1590 1596 1608 ‘
1608 1600 1756 1626 necem

367 1649 379 1667 ⁶
396 1644 605 1685 Demetrii
623 1644 716 1684 filii’
736 1643 891 1693 retulit,
912 1649 923 1666 ‘
936 1643 1190 1684 adversantis
1213 1643 1407 1684 Romano
1428 1642 1538 1684 bello
1546 1658 1557 1692 3
1591 1641 1757 1684 Bastar-

367 1707 380 1725 ‘
396 1717 543 1743 narum
559 1711 729 1757 gentem
746 1702 928 1743 excitam
948 1700 1115 1742 sedibus
1131 1700 1228 1750 suis,
1246 1716 1426 1757 quorum
1447 1699 1612 1742 auxiliis
1626 1700 1757 1742 fretus

367 1759 439 1800 ‘in
475 1758 639 1800 Italiam
676 1759 882 1800 transiret.
946 1758 1065 1799 Haec
1102 1773 1199 1799 eum
1233 1758 1494 1800 volutantem
1526 1758 1571 1799 in
1601 1758 1756 1809 animo,

368 1822 381 1841 ⁶
394 1832 637 1874 oppressum
659 1817 757 1867 fato,
779 1832 957 1873 regnum
979 1817 1017 1857 ei
1042 1815 1271 1872 reliquisse,
1294 1831 1423 1872 quem
1443 1815 1755 1857 infestissimum

368 1880 481 1916 ‘esse
513 1875 706 1916 sensisset
743 1874 957 1915 Romanis.
1020 1872 1169 1929 Itaque
1203 1873 1368 1922 Persea,
1400 1873 1698 1914 hereditarium
1729 1888 1755 1914 a

369 1937 513 1988 ‘patre
547 1932 739 1973 relictum
774 1931 945 1980 bellum,
980 1939 1022 1971 et
1052 1930 1176 1970 simul
1208 1945 1304 1971 cum
1335 1930 1512 1986 imperio
1543 1930 1755 1981 traditum,

369 1989 563 2030 ‘iamiam
589 1989 772 2044 primum
802 1988 911 2029 alere
941 2002 987 2028 ac
1015 1987 1152 2028 fovere
1182 1987 1375 2028 omnibus
1406 1987 1598 2029 consiliis.
1660 1988 1788 2033 Flo-4

368 2052 382 2070 ‘
397 2061 487 2088 rere
508 2054 724 2102 praeterea
750 2046 982 2094 iuventute,
1005 2059 1130 2101 quam
1159 2045 1330 2101 stirpem
1355 2044 1480 2101 longa
1499 2060 1583 2101 pax
1611 2045 1750 2088 edide-

370 2110 382 2128 ‘
398 2104 462 2154 rit,
480 2104 626 2145 florere
644 2104 791 2159 opibus
811 2103 942 2158 regni,
960 2102 1107 2143 florere
1125 2102 1251 2143 etiam
1268 2110 1414 2144 aetate.
1480 2102 1600 2151 Quae
1623 2119 1755 2160 quum

370 2167 383 2185 ‘
395 2161 578 2218 corporis
598 2162 744 2202 robore
766 2176 813 2202 ac
829 2161 984 2201 viribus
1000 2160 1149 2215 vigeat,
1167 2159 1353 2200 animum
1370 2175 1457 2202 esse
1477 2160 1755 2203 inveteratum

371 2219 559 2260 ‘diutina
593 2227 679 2260 arte
713 2227 838 2274 atque
869 2233 948 2259 usu
977 2217 1086 2259 belli.
1149 2217 1239 2258 Iam
1269 2217 1368 2259 inde
1399 2234 1423 2259 a
1452 2233 1596 2274 puero,
1627 2220 1756 2276 patris

370 2282 383 2301 ‘
398 2276 687 2326 contubernio,
707 2275 743 2317 R
751 2275 909 2317 omanis
932 2290 1100 2331 quoque
1116 2274 1247 2324 bellis,
1266 2290 1351 2316 non
1372 2275 1561 2317 finitimis
1577 2284 1754 2327 tantum,

370 2340 617 2383 ‘assuetum,
647 2333 819 2374 missum
844 2349 868 2374 a
896 2342 1012 2389 patre
1040 2332 1085 2373 in
1110 2332 1400 2388 expeditiones
1424 2333 1574 2375 multas
1603 2334 1756 2376 varias-

371 2397 492 2448 ‘que.
555 2391 644 2433 Iam
673 2407 724 2432 ex
757 2406 841 2447 quo
872 2391 959 2447 ipse
991 2390 1217 2446 accepisset
1246 2405 1435 2446 regnum,
1468 2391 1613 2443 multa,
1645 2407 1754 2449 quae

416 2560 427 2580 1
456 2550 502 2580 Ob
525 2550 580 2587 ea]
614 2549 744 2589 Nempe
768 2550 853 2589 quod
878 2549 1040 2589 provincia
1084 2548 1149 2578 xxi.
1167 2558 1216 2587 50.
1233 2554 1347 2580 conata
1362 2552 1518 2590 exposuit.
1543 2551 1668 2582 RAscn.

370 2592 575 2629 Macedonia,
602 2596 632 2622 et
663 2593 712 2622 vel
743 2602 842 2622 novos
871 2592 1040 2628 exercitus,
1126 2603 1145 2629 4
1167 2593 1304 2622 Iamiam
1317 2594 1475 2631 primum]
1506 2594 1673 2634 Tanquam
1684 2596 1754 2634 pri-

370 2636 420 2665 vel
444 2635 705 2674 supplementum
726 2635 884 2665 veteribus
905 2635 1040 2665 scribere
1084 2634 1413 2674 mum‚i.e.tanquam
1426 2635 1548 2674 aliquid
1565 2636 1704 2675 primum
1715 2647 1755 2667 ac

369 2678 554 2717 negabatur.
580 2677 694 2708 Dum.
746 2678 809 2707 Pro
836 2679 872 2707 ob
897 2688 936 2709 ea
962 2679 1040 2707 irati
1085 2677 1305 2716 praecipuum,
1328 2678 1414 2716 quod
1439 2677 1640 2717 potissimum
1664 2688 1754 2719 spec—

371 2720 554 2750 Gronovius
597 2721 711 2750 obirati
755 2720 917 2757 emendat,
955 2720 1040 2759 quod
1084 2723 1177 2757 taret,
1194 2719 1376 2750 Gronovius
1392 2720 1526 2759 corrigit.
1561 2721 1754 2761 Doeringius

371 2762 528 2793 Graevius
544 2763 585 2793 ad
601 2762 668 2793 Cic.
686 2762 753 2793 Att.
772 2762 809 2793 vi.
830 2772 856 2802 3.
875 2763 997 2802 probat.
1084 2763 1213 2792 iamiam
1246 2764 1388 2801 primum
1423 2762 1663 2802 interpretatur,
1692 2764 1753 2794 hoc

415 2815 431 2835 2
455 2807 508 2836 Ne
530 2810 640 2845 optare
662 2806 804 2845 quidem]
844 2805 1040 2835 Addendum
1085 2804 1154 2844 ipso
1178 2809 1334 2844 tempore,
1350 2808 1385 2835 ut
1404 2805 1525 2835 bellum
1548 2809 1623 2836 ante
1646 2806 1754 2836 omnia

370 2849 538 2888 quicquam
554 2848 667 2878 suadet
683 2848 821 2879 Crevier.
1085 2847 1149 2877 alia
1177 2848 1263 2878 bella
1291 2848 1478 2887 gerendum,
1507 2847 1656 2880 omnibus
1682 2849 1756 2880 aliis

421 2899 437 2929 3
461 2892 574 2922 Persei
600 2891 736 2928 conatis]
779 2891 841 2921 Pro
867 2892 1040 2922 conatibus.
1085 2889 1178 2921 bellis
1193 2890 1448 2929 praeferendum.

372 2933 496 2964 Eadem
519 2933 657 2964 flexione
678 2943 752 2964 usus
767 2937 814 2964 est
832 2933 942 2964 Livius
956 2943 1041 2973 supr.
