1888 3194
644 183 938 222 INDEX.

144 254 288 295 Prusiae,
301 257 441 288 Romam
456 256 609 297 1111112144,
624 267 671 296 14.
691 259 767 290 Pto-

142 297 258 330 lemaei
274 308 326 339 31,
335 309 367 346 9.
384 299 424 330 iis
434 299 467 329 in
483 300 624 339 singulos
633 311 768 332 munera

142 340 275 380 quinum
298 340 436 371 mlllium
458 342 540 373 aeris
561 353 602 373 ex
624 347 766 375 senatus-

142 383 289 414 consulto
321 383 429 422 missa,
461 384 538 416 ibid.
585 386 766 418 Ptolemaei

141 428 175 456 et
203 425 407 465 Cleopatrae,
436 428 645 467 gratulantes,
679 430 766 470 quod

140 467 200 499 M’.
232 468 358 499 Acilius
389 469 588 501 Antiochum
625 471 765 504 Graecia

139 510 302 550 expulerit
332 519 383 551 37,
415 521 444 552 3.
488 513 691 546 Rhodiorum
723 516 765 546 ad

139 552 339 585 Antiochum
365 563 417 594 33,
442 564 491 587 20.
523 557 564 588 ad
589 557 766 597 Romanos,

139 596 342 636 querentium
364 597 404 628 de
425 597 652 639 Sinopensium
674 602 766 632 clade

139 647 193 677 40,
210 648 239 670 2.
260 639 302 670 ad
323 640 490 672 Romanos
510 653 561 680 44,
581 652 627 682 14.
651 644 766 675 horum

138 682 278 721 superba
294 682 406 721 oratio,
422 684 498 715 ibid.
524 686 578 716 alii
601 687 697 727 legati
713 695 766 726 45,

140 732 191 755 20.
214 724 386 756 miserabili
399 727 541 759 oratione
553 729 767 769 deprecantur

138 765 220 797 iram
241 767 462 800 Romanorum
485 780 534 802 22.
563 772 705 804 Romani
724 774 766 805 ad

139 807 347 841 Coriolanum
374 812 416 843 de
440 823 520 853 pace
547 814 631 846 missi
661 825 690 854 2,
715 825 765 858 39.

138 852 296 891 Athenas,
331 854 386 894 qui
423 855 549 888 Solonis
592 858 678 898 leges
713 860 766 890 de-

138 895 312 926 scriberent
331 905 362 935 3,
378 906 428 936 31.
452 898 538 930 iussu
556 900 722 932 Tolumnii
745 912 766 933 a

138 937 350 970 Fidenatibus
363 939 522 972 interfecti
538 954 568 982 4,
584 951 631 983 17.
654 944 765 985 Veios,

138 983 172 1012 et
185 982 359 1021 superbum
377 983 562 1016 Veientium
578 996 765 1028 responsum

138 1035 170 1062 4,
193 1024 243 1063 58.
275 1024 434 1064 Delphos,
456 1029 632 1060 consulturi
655 1041 763 1062 oracu-

138 1066 207 1096 lum
232 1075 262 1106 5,
284 1076 330 1106 15.
359 1069 504 1108 Apollini
529 1076 683 1104 crateram
708 1084 763 1105 au-

137 1118 225 1139 ream
247 1109 354 1140 ferunt
379 1111 427 1142 28.
452 1112 491 1142 cf.
515 1117 547 1145 et
568 1115 619 1153 28,
641 1123 690 1154 45.
721 1116 762 1147 ad

138 1150 265 1189 Gallos,
279 1161 453 1192 eorumque
473 1165 547 1186 cum
569 1156 676 1189 Gallis
700 1159 763 1190 col-

137 1193 283 1234 loquium
304 1203 335 1234 5,
351 1204 389 1235 35
411 1200 443 1227 21
464 1196 513 1236 36.
540 1199 582 1230 ad
604 1200 764 1232 Samnites

140 1244 170 1277 7,
189 1245 238 1276 31.
266 1237 298 1275 8,
319 1247 368 1277 23.
395 1239 508 1271 decem
532 1242 763 1284 Aesculapium

137 1281 179 1312 ab
195 1279 360 1320 Epidauro
378 1282 518 1314 Romam
533 1290 697 1317 arcessunt
713 1295 764 1326 33,

139 1333 191 1362 24,
212 1331 262 1362 31.
287 1332 338 1364 37,
359 1333 409 1364 55.
439 1325 471 1357 in
501 1326 695 1367 Hispaniam
722 1330 764 1361 ad

139 1366 374 1405 Hannibalem,
389 1377 452 1399 non
475 1370 692 1402 admittuntur
712 1382 764 1410 21,

138 1408 159 1441 6
179 1413 212 1441 et
231 1418 262 1449 9.
289 1409 517 1450 Carthaginem
541 1413 626 1444 missi
652 1416 698 1446 18.
725 1415 764 1446 iis

137 1453 275 1493 superbe
302 1454 496 1492 respondent
522 1456 764 1497 Carthaginien-

136 1506 199 1530 ses,
219 1494 296 1526 ibid.
322 1495 465 1527 ridentur
486 1508 506 1528 a
529 1497 634 1529 Gallis
658 1509 708 1538 20,
730 1500 763 1532 in

138 1538 226 1569 varia
243 1538 315 1568 loca
333 1538 418 1569 missi
440 1549 490 1578 22,
507 1549 556 1579 33.
580 1543 665 1573 male
681 1543 764 1574 exci-

137 1581 270 1622 piuntur
294 1581 335 1611 ab
363 1581 565 1623 Hieronymo
595 1585 763 1624 Syracusa-

137 1634 251 1655 norum
267 1634 340 1663 rcge
358 1634 407 1662 24,
423 1623 452 1656 6.
477 1626 638 1657 violantur
651 1638 671 1658 a
687 1629 763 1659 Car-

136 1666 390 1707 thaginiensibus
420 1677 470 1707 30,
502 1678 550 1708 25.
582 1671 622 1700 ad
656 1671 763 1702 Ptole-

136 1719 266 1740 maeum
290 1718 342 1748 31,
366 1720 392 1740 2.
419 1711 461 1742 ad
484 1712 686 1744 Masinissam
713 1724 762 1745 11.

137 1753 249 1783 decem
270 1753 311 1783 ad
334 1753 573 1786 constituendas
594 1766 642 1786 res
663 1757 762 1788 Grae-

136 1795 206 1826 ciae
221 1804 273 1834 33,
291 1805 341 1833 24,
357 1800 389 1826 21
406 1806 455 1835 31.
480 1798 575 1829 Asiae
592 1807 642 1838 37,
656 1807 704 1838 55.
721 1800 761 1832 cf.

135 1842 169 1869 et
194 1846 246 1877 45,
273 1846 318 1877 17.
345 1839 386 1868 ad
405 1840 602 1871 Antiochum
628 1846 659 1872 et
687 1843 761 1873 Phi-

135 1881 263 1921 lippum
281 1889 332 1920 33,
348 1889 386 1920 35
406 1887 438 1912 et
460 1891 509 1924 39.
536 1884 575 1914 ad
594 1884 762 1923 Magnetes

135 1923 239 1954 oratio
259 1931 310 1963 35,
325 1933 375 1962 31.
399 1924 431 1955 in
448 1926 619 1957 Graeciam
642 1936 693 1969 39.
709 1938 759 1968 33.

136 1975 189 2006 42,
219 1975 268 2006 37.
307 1966 339 1996 in
371 1967 596 2000 Macedoniam
627 1980 680 2009 41.
710 1979 759 2009 27.

135 2008 304 2049 Saguntini
323 2009 441 2049 gratias
455 2016 553 2051 agunt
569 2013 691 2043 senatui
710 2014 760 2052 28,

135 2060 186 2101 39.
218 2052 385 2083 adducunt
411 2055 564 2093 quoffllam
593 2056 759 2096 Carthagi-

134 2104 260 2126 nienses
282 2105 354 2125 cum
380 2097 527 2135 pecunia..
545 2098 598 2137 qui
622 2099 662 2129 ad
687 2109 760 2129 con-

135 2137 283 2168 ducenda
297 2138 419 2169 auxilia
439 2139 470 2169 in
490 2140 681 2180 Hispaniam
699 2146 760 2172 tra-

134 2180 275 2211 iecerant
291 2189 341 2219 30,
360 2190 407 2213 21.
431 2182 602 2219 Samnites,
621 2184 758 2215 Romam

135 2222 220 2254 missi
238 2223 279 2253 de
295 2233 374 2263 pace
389 2225 420 2261 8,
437 2234 461 2256 1.
482 2226 522 2256 ad
540 2226 758 2257 Hannibalem

136 2274 187 2304 23,
208 2275 257 2304 42.
284 2266 454 2298 Sardorum
481 2269 619 2299 Romam
643 2279 696 2308 41,
723 2279 760 2300 10

135 2313 168 2339 et
192 2317 240 2338 12.
265 2308 433 2349 Syphacis,
453 2311 562 2341 donati
585 2313 625 2342 ab
648 2316 761 2343 senatu

136 2351 233 2382 Rom.
249 2358 298 2390 27,
311 2362 340 2388 4.
364 2360 415 2390 3ο,
432 2360 477 2391 17.
501 2354 692 2394 Syracusani
710 2365 760 2392 22,

135 2402 185 2434 37.
212 2394 253 2424 ad
277 2394 470 2425 Marcellum
497 2404 547 2435 25,
563 2406 612 2438 29.
640 2397 759 2428 Taren-

133 2437 192 2468 tini
217 2437 257 2467 ad
284 2437 502 2468 Hannibalem
529 2448 580 2477 24,
605 2448 650 2478 13.
682 2440 760 2471 Tar-

133 2479 314 2520 quiniorum
351 2481 499 2511 exsulum
540 2491 569 2516 2,
607 2491 624 2521 3
661 2487 693 2513 21
731 2494 758 2521 4.

134 2522 311 2559 Thracum,
342 2527 488 2563 petentes
519 2524 694 2555 amicitiam
727 2529 760 2556 et

133 2565 317 2596 societatem
337 2567 432 2597 Rom.
446 2576 497 2605 42,
515 2577 559 2608 19.
588 2568 760 2599 Verminae

136 2608 274 2639 Romam
309 2617 362 2647 31,
395 2619 441 2640 11.
481 2610 574 2649 legati
609 2616 759 2650 repetunt

134 2651 218 2682 bona
239 2661 347 2691 regum
375 2661 405 2689 2,
428 2661 455 2691 3.
487 2653 517 2683 111
543 2658 688 2684 senatum
713 2654 758 2684 in-

133 2693 272 2724 troducti
299 2704 356 2734 per
380 2696 527 2726 consules
553 2705 604 2735 32,
631 2697 659 2727 8.
690 2696 758 2727 iure

132 2735 275 2775 gentium
298 2737 488 2768 sacrosancti
512 2748 540 2775 2,
559 2751 588 2777 4.
618 2739 691 2770 licet
715 2739 755 2770 vi-

133 2779 283 2809 derentur
315 2780 519 2815 commisisse,
550 2786 585 2812 ut
617 2781 755 2813 hostium

853 258 904 289 ius
925 259 1070 298 gentium
1095 270 1185 291 arma
1210 260 1343 301 capiunt
1370 270 1401 303 5,
1427 263 1478 304 36.

854 301 1026 332 consulunt
1055 303 1221 334 oraculum
1252 311 1283 342 5,
1313 312 1359 343 15.
1393 307 1479 338 male

853 343 982 383 excepti
1001 354 1022 375 a
1041 344 1238 376 Samnitibus
1259 353 1289 385 7,
1307 355 1357 385 31.
1380 348 1412 386 8,
1429 358 1478 388 23.

852 386 965 417 decem
993 396 1082 418 more
1111 387 1268 418 maiorum
1298 389 1407 427 creati,
1437 401 1478 422 ex

851 437 987 468 quorum
1011 429 1145 460 consilio
1168 440 1218 462 res
1242 430 1478 470 provinciarum

851 471 1048 511 compositae
1070 481 1122 512 33,
1143 482 1193 511 24,
1214 481 1266 512 31,
1282 484 1333 513 44·
1358 482 1409 513 37,
1427 483 1478 514 55-

851 513 878 545 si
899 518 1033 554 repente
1055 515 1166 554 aliquo
1187 516 1402 554 mitterentur,
1417 517 1478 548 sin-

850 556 927 597 gula
955 567 1012 597 per
1041 558 1173 598 oppida,
1202 568 1266 598 qua
1293 558 1478 591 faciendum

850 599 923 637 iter,
944 598 1089 631 iumenta
1110 600 1271 640 imperant
1294 611 1347 640 42,
1373 612 1399 634 1.
1433 603 1477 634 12-

851 641 932 682 gatis
975 643 1074 674 eaesis
1116 643 1246 683 publice
1281 643 1316 675 in
1353 644 1480 677 Rostris

851 689 977 717 statuae
996 685 1119 726 positae
1133 696 1164 724 4,
1183 693 1230 725 17.
1251 696 1386 718 munera
1401 688 1478 719 data

852 737 883 769 9,
899 736 949 767 43·
975 736 1069 768 27‚4-
1095 728 1211 770 28,39-
1236 737 1353 769 3217-
1378 740 1429 770 31,
1444 741 1474 773 9·

854 778 904 810 37,
921 779 949 810 3.
973 781 1026 810 42,
1046 770 1065 803 6
1087 775 1120 802 21
1144 781 1190 813 19.
1211 782 1266 820 43,
1284 779 1300 812 7
1319 776 1352 803 21
1371 774 1400 805 8.
1421 784 1477 822 44,

856 822 903 851 14.
927 822 979 853 45,
1004 824 1050 854 13.
1077 814 1173 845 aedes
1195 815 1314 846 liberae
1335 814 1476 856 hospitio

853 855 959 894 datae,
978 861 1188 897 sumptusque
1211 858 1357 889 decretus
1379 868 1430 896 42,
1445 858 1476 891 6.

852 898 964 939 legatis
989 899 1129 930 hostium
1154 899 1187 931 in
1212 901 1293 932 aede
1317 900 1476 933 Bellonae

851 946 980 973 senatus
1004 943 1098 973 datus
1119 951 1171 982 3ο,
1198 952 1247 975 21.
1275 952 1327 983 33,
1349 953 1397 982 24.
1429 944 1474 975 12-

850 983 915 1024 gati
935 984 1164 1025 imperatorum
1186 995 1216 1024 2,
1239 995 1286 1018 2ο.
1313 995 1363 1025 1ο,
1381 997 1423 1026 40
1442 991 1475 1018 et

850 1035 890 1065 43
907 1031 939 1057 et
955 1027 1032 1058 alibi
1048 1027 1175 1067 passim.

807 1068 991 1109 Legationis
1013 1070 1064 1101 ius
1085 1070 1236 1109 externis,
1255 1081 1319 1102 non
1342 1071 1475 1112 civibus,

849 1116 1070 1152 comparatum
1085 1111 1117 1151 6,
1135 1120 1183 1152 17.

808 1153 908 1194 Legio
923 1159 1001 1194 quot
1015 1155 1155 1186 militum
1167 1160 1180 1187 :³
1202 1154 1233 1194 6,
1250 1165 1298 1187 22.
1325 1164 1353 1196 7,
1370 1166 1419 1197 25.
1443 1158 1474 1196 8,

850 1197 879 1228 8.
914 1196 964 1233 26,
987 1198 1036 1229 28.
1065 1208 1116 1239 29,
1142 1207 1190 1237 24.
1215 1207 1266 1238 43,
1288 1209 1335 1238 14.
1358 1201 1474 1240 prima,

850 1240 1002 1278 secunda,
1036 1241 1131 1272 tertia
1166 1251 1214 1279 10,
1249 1243 1295 1273 18.
1340 1252 1391 1281 22,
1423 1251 1473 1283 53.

851 1291 903 1321 33,
933 1281 982 1322 36.
1021 1292 1072 1322 34,
1103 1283 1158 1322 46.
1195 1289 1309 1323 quarta
1342 1294 1391 1323 10,
1426 1287 1474 1318 18.

853 1323 903 1363 26,
919 1326 968 1363 48-
991 1335 1050 1374 ,34,
1066 1325 1117 1364 46-
1145 1326 1257 1374 quinta
1276 1335 1328 1368 39,
1344 1336 1394 1366 30-
1423 1338 1474 1360 oc-

850 1371 935 1406 tava,
955 1368 1032 1400 ibid.
1059 1369 1232 1400 undecima
1251 1378 1303 1408 30,
1322 1371 1368 1402 18.
1396 1371 1474 1403 duo-

851 1410 986 1448 decima,
997 1421 1114 1451 magna
1127 1422 1167 1443 ex
1184 1416 1273 1452 parte
1285 1423 1388 1451 caesa,
1397 1413 1474 1446 ibid.

850 1453 945 1484 tertia
968 1454 1106 1493 decima,
1129 1454 1204 1485 ibid.
1236 1455 1476 1487 undevicesima

852 1503 903 1535 27,
918 1496 968 1535 38.
991 1496 1140 1527 vicesima
1155 1505 1206 1537 27,
1225 1506 1262 1537 14
1277 1502 1310 1529 21
1325 1499 1375 1537 38.
1395 1503 1476 1538 tota,

849 1538 953 1570 millia
976 1539 1143 1570 hominum
1166 1544 1328 1580 quattuor,
1349 1542 1476 1573 Romae

849 1580 882 1612 in
910 1581 978 1612 foro
1003 1582 1105 1613 securi
1128 1592 1277 1622 percussa
1302 1584 1352 1622 28,
1377 1585 1425 1616 28.
1455 1595 1476 1616 a

850 1623 956 1655 Gallis
991 1625 1170 1656 Senonibus
1206 1626 1324 1663 deleta,
1359 1630 1396 1657 ut
1432 1637 1474 1659 ne

849 1667 981 1698 nuntius
1007 1668 1108 1699 cladis
1131 1668 1322 1708 superfuerit
1349 1678 1398 1708 10,
1423 1668 1472 1702 26.

849 1709 977 1740 Bruttia
1002 1711 1034 1749 8,
1060 1719 1108 1748 24.
1135 1711 1320 1742 Cannenses
1347 1722 1397 1754 29,
1423 1722 1472 1751 24.

848 1753 1014 1784 Caudinae
1030 1763 1061 1795 9,
1080 1763 1126 1784 12.
1151 1753 1359 1785 Etruscorum
1379 1765 1429 1794 10,
1445 1765 1473 1796 5.

848 1794 1046 1826 Faliscorum
1072 1807 1102 1834 4,
1130 1804 1176 1836 17.
1208 1796 1396 1828 Latinorum
1421 1807 1474 1837 43,

852 1847 898 1876 14.
936 1839 1070 1869 linteata
1106 1839 1298 1870 Samnitium
1337 1850 1385 1879 10,
1423 1842 1472 1881 38.

847 1880 967 1912 Sabina
988 1891 1017 1920 2,
1035 1880 1082 1913 26.
1108 1882 1241 1913 Lucana
1260 1883 1291 1919 8,
1309 1892 1357 1921 24.
1383 1884 1473 1915 Sam-

847 1923 961 1954 nitium
993 1925 1023 1962 8,
1054 1924 1104 1964 38.
1137 1935 1168 1966 9,
1196 1934 1223 1956 2.
1258 1925 1398 1965 legiones
1422 1937 1473 1957 ur-

846 1966 950 1997 banae
979 1965 1009 2005 6,
1038 1977 1067 2008 9.
1106 1977 1157 2006 24,
1187 1978 1237 2006 44.
1281 1976 1330 2007 25,
1359 1978 1388 2007 3.
1427 1970 1472 2000 12-

844 2009 955 2049 giones
986 2014 1139 2050 quattuor
1165 2011 1259 2050 vulgo
1293 2011 1473 2043 scribeban-

847 2057 899 2082 tur
918 2053 949 2090 8,
969 2053 999 2084 8.
1026 2053 1137 2084 decem
1158 2054 1292 2084 effectae
1315 2064 1344 2091 2,
1365 2063 1414 2093 30.
1444 2062 1474 2095 7,

849 2103 897 2133 25.
932 2095 1072 2133 legiones
1098 2096 1316 2135 duodeviginti
1345 2107 1395 2137 24,
1426 2107 1472 2131 11.

847 2147 911 2168 una
933 2142 966 2168 et
987 2138 1097 2178 viginti
1120 2138 1170 2177 26,
1192 2140 1241 2170 28.
1267 2147 1316 2179 27,
1334 2149 1382 2172 22.
1410 2144 1474 2172 tres

847 2185 878 2211 21
895 2180 1004 2220 viginti
1027 2180 1078 2218 26,
1098 2191 1122 2213 1.
1147 2190 1198 2221 27,
1215 2181 1264 2221 36.
1289 2182 1398 2223 viginti
1420 2193 1472 2223 30,

849 2232 876 2254 2.
901 2223 1040 2263 legiones
1055 2225 1284 2256 tumultuariae
1301 2235 1352 2263 4ο,
1369 2224 1418 2258 26.

805 2265 1010 2305 Legionarios
1031 2271 1195 2298 veteranos
1215 2268 1385 2299 conscribit
1406 2269 1472 2301 Sci-

848 2309 902 2349 pio
925 2319 975 2350 29,
1000 2319 1025 2341 1.
1054 2309 1299 2350 legionariorum
1322 2321 1473 2344 numerus

845 2358 962 2383 auctus
992 2362 1045 2392 42,
1075 2361 1125 2392 31.
1156 2353 1319 2393 legionarii
1349 2355 1473 2394 equites

846 2403 897 2433 35,
914 2403 942 2434 5·

806 2437 920 2486 Lembi
943 2446 995 2477 33,
1025 2447 1071 2480 19.
1103 2438 1238 2470 biremes
1265 2448 1318 2478 24,
1341 2450 1392 2478 40.
1425 2440 1470 2472 Is-

845 2480 921 2511 saici
938 2490 990 2520 32,
1007 2491 1056 2513 21.
1081 2481 1204 2521 piratici
1221 2489 1272 2522 37,
1290 2491 1339 2522 27.

804 2523 955 2561 Lemnos,
970 2524 1074 2555 insula
1092 2526 1141 2562 28,
1157 2532 1186 2563 5.

806 2567 842 2598 Ρ.
857 2565 1026 2605 Lentulus,
1042 2567 1164 2606 legatus
1179 2576 1231 2606 33,
1247 2576 1298 2607 35.

805 2610 894 2640 Leon
924 2615 1050 2641 accusat
1084 2610 1330 2650 Apollodorum,
1356 2611 1469 2651 impel-

845 2653 965 2683 lentem
981 2652 1193 2684 Athenienses
1203 2654 1245 2684 ad
1257 2654 1470 2685 desectionem

845 2703 896 2733 35,
912 2703 962 2733 5ο.
987 2695 1071 2726 1112111
1088 2706 1154 2726 2222
1171 2695 1296 2727 videtur
1310 2708 1348 2728 uc

803 2738 904 2774 Leon,
927 2738 1049 2769 lcesiae
1071 2739 1167 2777 1111112,
1189 2739 1311 2779 legatus
1334 2739 1467 2770 Atheni-

842 2780 926 2811 ensis
941 2783 992 2819 38,
1013 2791 1059 2813 ιο.

135 2822 205 2852 1020
228 2825 343 2858 essent.
364 2822 395 2852 in
419 2823 457 2852 iis
478 2827 585 2854 tumen
609 2824 657 2855 ius
679 2836 752 2862 gen·
799 2824 900 2859 Leon,
916 2824 1005 2854 locus
1021 2834 1071 2862 24,
1087 2833 1137 2865 39.

133 2864 213 2894 tium
229 2864 324 2899 valet,
336 2864 411 2896 ibid.
433 2867 633 2906 contemptui
652 2867 750 2897 habiti

135 2916 164 2947 3,
178 2915 226 2946 25.
250 2907 408 2938 interfecti
425 2919 454 2946 4.
472 2916 505 2947 17
522 2914 552 2939 21
571 2918 620 2947 3²·
644 2914 753 2941 contra

800 2866 969 2903 Leonides,
994 2866 1276 2903 Lacedaemonius,
1299 2867 1364 2897 dux
1392 2866 1464 2898 Per-

839 2908 882 2940 sei
901 2918 952 2947 42,
968 2917 1017 2948 51.
