1888 3194
659 184 952 224 INDEX.

110 258 256 294 Muneris
269 263 360 296 navis
376 264 427 305 38,
444 263 494 304 38.

110 301 265 337 Monetae
283 307 381 338 aedes
397 310 497 346 atque
520 303 649 336 officina
669 314 700 342 4,
718 310 735 343 7
751 306 784 334 et

154 355 204 379 20.
227 347 259 387 6,
276 359 324 380 2ο.
349 358 402 388 33,
419 347 470 380 26.
493 357 546 387 42,
564 355 591 387 7.
615 355 668 387 45,
686 353 734 385 15.

109 387 360 422 Monomachiae
382 399 412 431 7,
431 401 469 422 10
490 394 523 421 et
544 389 594 422 26.
622 389 655 428 8,
671 396 688 428 7
705 392 738 420 et
752 388 782 419 8.

154 441 206 472 23,
220 432 262 472 46
277 439 310 464 et
325 442 376 473 47.
402 441 453 473 25,
475 434 522 464 18.

108 473 310 516 Monopodia
325 478 455 516 quando
470 476 623 516 primum,
635 479 668 506 et
682 485 702 505 a
715 473 783 514 qui-

151 517 222 556 bus,
237 519 379 550 Romam
395 520 532 550 advecta
547 527 599 560 39,
615 517 645 550 6.

109 558 207 595 Mons
227 561 324 593 Sacer
346 572 376 600 2,
397 571 447 601 32.
470 562 605 593 secessio
626 560 730 601 plebis
750 560 783 591 in

151 603 286 635 Sacmm
309 609 466 643 montem,
489 605 566 636 ibid.
593 603 714 635 tribuni
738 603 783 643 pl.

150 646 185 678 in
213 647 311 679 Sacro
331 653 442 679 monte
466 648 564 679 creati
589 656 639 687 33.
670 646 713 677 ibi
736 656 784 677 sa-

151 694 240 721 crata
256 691 309 722 lex
326 691 405 729 lata,
421 691 498 722 ibid.

107 731 308 807 Mtgpselum,
337 735 484 765 tumulus
514 743 567 773 42,
596 732 649 771 61,
679 732 718 772 65
751 736 782 763 et

107 817 284 860 Mopsiani,
303 819 369 851 sive
392 819 590 860 Mopsiorum
611 818 710 850 factio
732 827 783 857 23,

155 871 180 894 1.

107 903 252 943 Morcus,
275 905 400 946 legatus
430 905 544 937 Gentii
568 906 610 936 ad
635 903 784 936 Rhodios

151 958 204 986 445
221 957 270 988 23-

105 989 310 1022 Mortuorum
328 991 532 1022 laudationes
548 991 661 1021 vitiant
677 999 781 1021 rerum

148 1032 297 1065 historias
308 1034 339 1071 8,
356 1044 406 1072 40.
430 1033 547 1064 mortui
565 1043 637 1064 cum
654 1033 781 1073 insigni-

149 1076 210 1108 bus
224 1076 384 1108 honorum
399 1081 584 1108 cremantur
599 1085 652 1115 34,
670 1084 697 1116 7.

106 1118 244 1158 Morzes,
261 1119 509 1159 Paphlagonum
526 1130 581 1150 rex
599 1120 652 1158 38,
670 1117 719 1149 26.

106 1161 221 1193 Mucia
244 1166 348 1202 prata,
371 1162 415 1192 sic
438 1162 544 1193 dictus
563 1172 649 1203 ager,
672 1160 784 1191 Mucio

149 1204 277 1236 virtutis
299 1215 396 1236 causa
413 1209 502 1236 trans
521 1204 665 1236 Tiberim
688 1205 784 1235 datus

150 1257 181 1286 2,
199 1257 247 1287 13.

105 1290 145 1324 C.
161 1290 303 1329 Mucius,
322 1291 510 1322 adolescens
532 1289 661 1327 nobilis,
683 1299 780 1330 pene-

147 1336 212 1365 trat
231 1333 265 1364 in
288 1337 392 1365 castra
412 1333 554 1364 hostium
579 1343 609 1370 2,
632 1343 678 1364 12.
707 1332 780 1363 scri-

147 1377 224 1408 bam
248 1387 306 1418 pro
329 1387 402 1417 rege
424 1377 606 1414 obtruncat,
628 1376 706 1408 ibid.
735 1375 781 1406 in-

148 1429 245 1451 censo
273 1420 347 1450 foco
381 1420 528 1451 dextram
558 1419 673 1456 iniicit,
703 1418 781 1450 ibid.

148 1462 334 1500 dimittitur,
349 1462 426 1494 ibid.
449 1462 479 1493 ei
499 1472 573 1503 ager
587 1472 608 1493 a
631 1461 783 1493 Patribus

149 1505 246 1537 Rom.
268 1505 364 1536 datur
389 1514 437 1545 13.
461 1516 519 1536 cur
541 1505 698 1536 Scaevola
717 1504 782 1536 dic-

148 1552 213 1586 tus,
227 1548 305 1580 ibid.

106 1590 146 1623 P.
163 1591 293 1622 Mucius
315 1591 483 1629 Scaevola,
504 1594 633 1631 praetor
653 1590 784 1621 sortitur

148 1634 295 1666 Siciliam
317 1644 370 1672 40,
391 1646 442 1673 44.
467 1644 531 1665 cosi.
554 1643 606 1672 41,
628 1643 677 1665 22.
700 1633 782 1674 petit

148 1687 317 1709 censuram
334 1686 387 1716 43,
407 1676 454 1708 16.

106 1719 151 1757 Q..
169 1720 302 1752 Mucius
326 1720 482 1751 Scaevola
504 1724 632 1760 praetor
657 1722 783 1750 creatur

148 1773 203 1804 23,
239 1773 288 1802 24.
343 1763 526 1794 Sardiniam
563 1763 694 1793 sortitur
732 1771 781 1802 30.

148 1807 246 1848 longo
272 1807 384 1837 morbo
415 1805 605 1846 implicitus,
631 1806 672 1836 ad
702 1805 781 1836 belli

146 1849 213 1880 vim
236 1849 458 1880 sustinendam
481 1850 517 1879 fit
539 1848 663 1880 inutilis
685 1857 726 1888 34
749 1851 782 1879 et

105 1936 150 1974 Q,
164 1935 295 1967 Mucius
310 1934 479 1972 Scaevola,
495 1934 658 1966 decemvir
677 1943 779 1965 sacro-

145 1988 230 2017 rum,
244 1978 380 2009 moritur
397 1987 448 2018 27,
463 1978 493 2009 8.

103 2021 149 2059 Q.
162 2021 294 2053 Mucius
310 2021 477 2058 Scaevola,
494 2025 633 2061 praetor,
652 2019 782 2051 sortitur

145 2064 400 2097 iurisdictionem
411 2065 567 2094 urbanam
579 2073 631 2102 40,
643 2074 696 2103 44.
717 2073 780 2094 cos,

145 2117 200 2148 41,
217 2106 267 2140 26.
290 2107 439 2138 tribunus
457 2106 553 2138 milit.
570 2117 622 2146 42,
638 2117 688 2149 49.
713 2105 782 2136 eius

144 2161 196 2182 res
208 2153 317 2192 gestae
334 2150 384 2189 58.
409 2150 534 2190 legatus
548 2149 599 2189 67.

103 2193 291 2226 Multaticia
307 2192 458 2234 pecunia,
474 2203 514 2224 ex
530 2203 594 2233 qua
613 2192 682 2223 ludi
703 2191 780 2224 facti

150 2246 199 2274 10,
215 2245 266 2276 23.

102 2279 189 2311 Muli
215 2278 377 2311 clitellarii
407 2278 555 2310 instructi
582 2279 624 2310 ad
655 2278 780 2309 hostem

144 2322 327 2354 fallendum
351 2329 381 2361 7,
401 2331 448 2361 14.
478 2331 526 2359 10,
541 2331 592 2361 40.
620 2321 713 2359 muli,
733 2325 779 2352 ta-

143 2365 332 2402 bernacula,
361 2368 394 2395 et
428 2364 537 2395 omnia
566 2364 632 2395 alia
664 2365 778 2396 instru-

144 2411 256 2440 menta
285 2406 450 2445 militaria,
479 2406 717 2447 magistratibus
745 2407 779 2438 in

145 2450 326 2492 provincias
351 2449 443 2481 ituris
472 2450 712 2481 subministrata
738 2451 779 2480 de

145 2494 279 2536 publico
295 2503 347 2532 42,
368 2502 392 2525 1.
417 2493 578 2523 mulorum
592 2492 779 2524 centunculi

148 2545 179 2577 ⁷9
198 2546 246 2577 ¹4·

103 2579 274 2612 Muliebris
290 2580 379 2611 fraus
400 2578 501 2610 inficit
520 2579 660 2610 Romam
684 2578 778 2618 pesti-

145 2622 247 2655 lentis
262 2623 294 2661 8,
314 2623 360 2654 18.
383 2622 549 2654 muliebris
572 2622 666 2652 vestis
681 2621 779 2653 maio-

145 2665 189 2698 ris
212 2669 373 2706 sumptus,
389 2675 486 2706 quam
507 2665 690 2706 quindecim
709 2665 779 2695 mil-

147 2708 228 2740 lium
258 2708 352 2747 aeris,
378 2708 411 2740 in
441 2718 572 2739 censum
601 2708 702 2739 relata
728 2717 780 2749 39,

146 2763 199 2792 44.
230 2751 390 2782 muliebre
411 2756 572 2782 certamen
595 2751 635 2782 (18
658 2751 778 2791 pudici-

146 2794 193 2826 tia
216 2803 265 2832 10,
286 2803 334 2833 23.
358 2794 525 2825 muliebris
544 2794 679 2825 servitus
700 2805 778 2825 111111-

147 2846 244 2878 quam
261 2836 359 2867 salvis
373 2836 438 2867 suis
453 2836 581 2868 exuitur
597 2846 648 2875 34,
667 2846 693 2877 7.

105 2879 263 2912 Mulieres
278 2879 403 2915 urbem,
418 2888 514 2918 quam
536 2879 633 2910 annis
654 2879 711 2911 viri
726 2880 778 2910 ‹lc-

148 2923 280 2955 rendere
296 2932 358 2953 non
378 2927 517 2961 pou-ent.
529 2922 676 2962 precibus
689 2922 779 2953 lacri-

870 261 996 301 misque
1022 264 1201 296 defendunt
1228 274 1258 304 2,
1284 275 1335 303 40.
1367 266 1504 308 Argivae

869 304 1051 343 spoliantur
1077 317 1168 345 auro,
1195 311 1293 345 veste,
1320 312 1352 339 et
1381 310 1504 341 mundo

869 346 910 394 ab
925 357 1026 379 uxore
1039 349 1178 381 Nabidis
1193 359 1245 390 32,
1255 359 1305 389 40.
1330 351 1504 383 damnatae

868 389 988 420 iudicio
1005 392 1147 431 publico,
1159 392 1338 432 puniuntur
1354 394 1502 433 privatim

868 441 889 462 a
907 433 1051 472 cognatis
1074 443 1126 475 39,
1146 436 1193 466 18.
1217 435 1389 466 mulierum
1409 438 1503 467 turba

869 473 902 505 in
918 475 988 506 foro
1010 480 1042 507 et
1058 477 1224 516 Capitolio
1245 488 1304 508 nec
1321 479 1502 510 sacrifican-

869 517 964 556 tium,
982 529 1042 549 nec
1063 520 1265 559 precantium
1290 521 1379 551 Deos
1400 522 1503 561 patrio

870 570 959 592 more
981 570 1032 601 25,
1057 571 1082 593 1.
1114 566 1224 600 terror,
1241 563 1354 594 audito
1378 564 1503 594 Hanni-

870 603 952 634 balis
965 605 1007 636 ad
1022 605 1134 636 urbem
1150 606 1292 637 adventu
1311 605 1362 643 26,
1375 616 1403 648 9.
1429 618 1503 638 cura

870 646 981 678 habita
1010 652 1082 688 post
1112 653 1241 689 captam
1272 649 1502 689 Carthaginem

871 689 1001 721 Novam
1031 690 1083 727 26,
1110 701 1160 733 49.
1191 692 1365 723 mulierum
1393 693 1504 723 finitus

871 733 941 773 lege
961 733 1070 774 Oppia
1089 735 1196 765 cultus
1219 743 1272 773 34,
1296 744 1320 766 1.
1345 735 1504 767 coercitae

869 775 940 815 lege
957 776 1103 807 Voconia
1118 777 1314 809 hereditates
1329 788 1382 816 41,
1398 787 1448 817 34.

828 818 973 849 Mulsum
991 820 1104 850 datum
1122 821 1300 860 prosecutis
1309 821 1406 852 funus
1421 832 1504 852 mor-

869 861 917 891 tui
930 862 1090 902 Scipionis
1101 863 1154 902 38,
1165 871 1214 903 55.
1238 864 1334 894 mulsi
1347 865 1502 904 pocillum

872 905 942 935 Iovi
959 905 1085 936 Victori
1102 910 1211 936 votum
1233 916 1282 943 10,
1299 917 1351 945 42.

827 947 972 978 Mulvius
989 958 1069 988 pons
1084 961 1092 986 ;
1115 950 1155 979 ad
1172 959 1245 979 eum
1263 949 1391 980 obviam
1407 949 1504 981 curri-

869 994 923 1020 tur
938 991 1052 1030 legatis
1069 1000 1120 1031 27,
1137 1000 1187 1031 51.

828 1033 866 1063 L.
882 1033 1071 1072 Mummius,
1086 1035 1158 1065 trib.
1170 1035 1214 1075 pl.
1232 1035 1284 1074 38,
1301 1045 1351 1075 54.
1376 1039 1505 1076 praetor

871 1076 907 1106 fit
925 1086 977 1114 41,
997 1087 1044 1108 12.
1068 1077 1199 1108 sortitur
1215 1078 1409 1116 Sardiniam,
1425 1079 1503 1110 ibid.

871 1118 899 1149 ei
914 1120 1052 1158 praetori
1069 1121 1251 1151 decernitur
1265 1121 1410 1160 quaestio
1430 1131 1478 1161 13.

830 1160 873 1196 Q.
891 1161 1082 1201 Mummius,
1097 1163 1169 1195 trib.
1187 1164 1231 1203 pl.
1250 1166 1302 1202 38,
1319 1172 1369 1203 54.

829 1204 866 1235 C.
880 1204 1060 1243 Munatius,
1075 1206 1237 1237 decemvir
1256 1207 1339 1247 agris
1357 1207 1502 1238 dividun-

868 1247 917 1277 dis
933 1257 986 1286 42,
1002 1259 1030 1286 4.

826 1289 964 1328 Munda,
985 1291 1060 1321 urbs
1081 1291 1277 1322 Celtiberiae
1300 1302 1350 1330 24,
1372 1302 1422 1332 42.
1452 1303 1504 1332 40,

868 1340 919 1372 47.
966 1333 1125 1373 proelium
1161 1335 1204 1365 ad
1239 1335 1411 1372 Mundam,
1440 1346 1503 1375 quo

869 1375 1003 1407 vincunt
1020 1377 1148 1408 Poenos
1165 1377 1306 1408 Romani
1324 1388 1376 1417 24,
1389 1388 1439 1416 42.

826 1417 972 1450 Mundus
992 1419 1158 1452 muliebris
1181 1429 1233 1460 32,
1256 1431 1306 1459 40.
1333 1422 1374 1453 cf.
1398 1425 1431 1452 et
1452 1430 1505 1461 34,

827 1503 1014 1545 Municipes
1028 1505 1060 1543 8,
1080 1515 1127 1545 14.

827 1547 1010 1588 Municipia
1026 1549 1155 1588 Appiae
1173 1547 1224 1587 26,
1239 1549 1269 1581 8.

827 1590 1035 1622 Munimenta
1052 1591 1274 1623 Romanorum
1294 1593 1335 1623 ad
1354 1593 1458 1624 Veios
1474 1602 1504 1633 5,

873 1643 899 1665 1.
923 1634 1091 1665 combusta
1106 1646 1126 1665 a
1143 1635 1337 1666 Veientibus
1355 1643 1382 1676 7.

828 1676 967 1714 Murcia,
988 1676 1062 1708 Dea
1087 1687 1114 1714 1,
1135 1686 1185 1716 33.
1208 1679 1250 1708 ad
1274 1678 1422 1710 Murciae
1442 1680 1502 1711 La-

868 1719 945 1750 tinis
965 1720 1056 1751 sedes
1071 1720 1167 1751 datae
1185 1721 1226 1751 ab
1249 1722 1342 1753 Anco
1366 1723 1502 1761 Marcie,

870 1762 946 1793 ibid.

827 1804 938 1836 Mures
953 1805 986 1836 in
1007 1815 1101 1836 usum
1123 1805 1267 1837 ciborum
1290 1806 1371 1838 versi
1391 1809 1432 1839 ab
1448 1809 1502 1839 ob-

868 1848 960 1879 sessis
975 1848 1009 1879 in
1025 1849 1104 1880 urbe
1119 1849 1264 1881 Casilino
1283 1859 1333 1889 23,
1353 1860 1400 1892 19.

825 1891 1022 1931 Murgantia,
1052 1892 1127 1922 urbs
1157 1892 1264 1923 valida
1293 1893 1325 1924 in
1356 1893 1500 1932 Samnio,

868 1938 1076 1975 oppugnatur
1091 1938 1123 1965 et
1142 1936 1267 1976 eapitur
1285 1945 1335 1973 10,
1354 1944 1401 1976 17.

827 1977 1023 2018 Murgantia,
1046 1978 1121 2008 urbs
1144 1978 1273 2010 Siciliae
1298 1989 1350 2019 24,
1375 1987 1425 2019 27,
1448 1979 1499 2020 36.

871 2020 921 2058 26,
939 2029 988 2051 21.

827 2063 913 2094 Muri
938 2063 1008 2094 urbi
1041 2064 1168 2095 Romae
1195 2063 1385 2096 circumdati
1415 2075 1442 2103 1,
1468 2065 1500 2104 6,

869 2115 920 2145 33,
942 2104 994 2145 36,
1015 2107 1055 2145 38
1080 2111 1112 2137 ct
1134 2118 1184 2145 44.
1208 2106 1239 2145 6,
1256 2117 1306 2146 32.
1330 2109 1412 2139 muri
1433 2119 1501 2139 om-

868 2149 957 2180 nium
980 2148 1025 2180 cis
1046 2150 1175 2180 Iberum
1197 2150 1362 2182 civitatem
1384 2151 1500 2182 deiecti

867 2201 922 2231 34,
956 2200 1002 2232 17.
1041 2202 1205 2223 murorum
1238 2193 1355 2233 pinnae
1387 2195 1439 2233 38,
1470 2203 1499 2234 5.

867 2245 978 2266 murus
1004 2245 1106 2266 novus
1133 2236 1279 2267 obiectus
1310 2247 1367 2277 pro
1394 2237 1501 2268 diruto

867 2278 898 2309 in
917 2278 1213 2318 oppugnationibus
1230 2289 1282 2317 21,
1302 2289 1348 2311 11.
1373 2282 1425 2319 38,
1444 2288 1470 2320 7.

826 2321 958 2358 Mutila,
976 2321 1090 2352 Istriae
1105 2332 1182 2362 opp.
1205 2321 1234 2352 vi
1251 2323 1379 2363 capitur
1397 2334 1418 2354 a
1434 2324 1499 2356 Ro-

866 2364 970 2395 manis
986 2373 1038 2402 41,
1059 2373 1105 2403 15.

824 2407 995 2444 Mutilum,
1011 2412 1151 2438 castrum
1169 2417 1220 2448 31,
1237 2417 1265 2439 2.
1289 2417 1342 2448 33,
1359 2416 1408 2449 37.

823 2450 954 2481 Mutina
971 2459 1022 2488 21,
1040 2459 1088 2489 ²5-
1114 2459 1166 2490 35,
1182 2463 1211 2490 4.
1235 2452 1362 2482 colonia
1381 2451 1498 2483 civium

867 2494 1090 2525 Romanorum
1112 2503 1165 2535 39,
1181 2502 1234 2533 55.
1258 2499 1387 2535 captam
1406 2505 1425 2525 a
1448 2495 1498 2526 Li-

864 2535 1006 2576 guribus,
1023 2536 1183 2577 recipiunt
1202 2537 1341 2568 Romani
1359 2547 1412 2576 41,
1430 2548 1478 2569 20.

823 2578 1043 2610 Mutinensem
1075 2590 1186 2619 agrum
1219 2581 1418 2620 populantur
1448 2581 1499 2612 Li-

865 2632 958 2662 gures
974 2631 1027 2660 41,
1048 2623 1094 2654 18.

825 2664 982 2702 Mutines,
997 2666 1056 2696 sub
1081 2665 1271 2697 Hannibale
1291 2676 1404 2697 omncs
1422 2667 1498 2697 belli

865 2712 951 2738 artes
965 2708 1110 2745 edoctus,
1126 2718 1228 2739 novus
1249 2709 1316 2740 dux
1339 2709 1371 2740 in
1389 2709 1499 2740 Sicilia

868 2759 919 2790 25,
942 2760 993 2789 4ο.
1024 2755 1121 2782 terret
1147 2752 1325 2788 Romanos,
1353 2751 1428 2789 ibid.
1459 2762 1497 2782 co

866 2794 1000 2824 absente
1023 2794 1183 2834 proelium
1207 2794 1420 2825 committitur
1447 2804 1497 2832 41.

868 2835 999 2867 vincunt
1032 2837 1186 2873 Romani,
1212 2837 1288 2868 ibid.
1319 2836 1380 2867 urit
1408 2847 1499 2875 agros

866 2879 1023 2910 sociorum
1056 2879 1169 2920 populi
1202 2879 1298 2910 Rom.
1327 2879 1357 2909 in
1389 2879 1498 2910 Sicilia

872 2921 920 2956 26,
947 2931 993 2952 21.
1025 2922 1066 2951 nb
1096 2921 1271 2957 Hannone,
1295 2920 1496 2959 (31111111ῄηί-
