1888 3194
310 185 391 224 302
820 177 968 221 ΤΙΤΙ
1010 178 1187 221 LIVII

308 269 533 312 difficulter
567 270 694 311 etiam
729 284 864 326 pauca
898 269 1024 311 verba
1059 285 1113 311 ex
1149 269 1280 311 tribus
1310 268 1508 318 versibus,
1577 268 1621 309 ui
1655 267 1702 309 in

309 328 496 384 margine
518 335 697 377 exstant,
720 327 956 383 quibusque
985 327 1092 367 nihil
1119 327 1446 383 suprascriptum
1473 333 1548 375 est,
1586 325 1698 382 egit3

310 401 395 441 quo
430 385 541 426 facto
576 399 733 441 parem,
766 384 832 425 vel
866 384 991 440 longe
1026 383 1226 440 profecto,
1264 383 1309 424 id
1339 383 1455 439 quod
1489 396 1702 424 successus

308 450 454 499 postea
483 442 639 492 docuit,
662 441 860 482 maiorem
894 441 1070 496 gratiam
1097 440 1278 482 Brunsio
1309 456 1384 482 suo
1412 440 1618 482 relaturus
1648 438 1703 480 ad

309 515 408 541 eum
448 514 681 548 accurrens,
725 498 854 547 Hem,
891 499 995 553 quid
1044 498 1260 547 hactenus,
1302 498 1453 554 inquit,
1507 497 1703 538 ‘Italiam

311 562 324 581 ‘
339 557 554 612 sequimur
573 556 807 612 fugientem
823 556 857 595 ’θ’
918 554 1023 604 Imo,
1045 555 1195 610 pergit,
1230 561 1242 578 ‘
1259 554 1357 596 Huc
1378 555 1566 611 geminas
1587 567 1702 595 nunc

311 615 460 656 ‘flecte
490 614 624 662 acies,’
649 612 882 668 quantique
914 612 1039 667 pretii
1069 626 1167 666 prae
1199 611 1370 667 reliquis
1397 612 1592 652 omnibus
1623 611 1701 652 hae

310 687 418 712 unae
450 671 717 711 membranae
749 669 844 717 sint,
877 677 1077 723 quantam
1109 668 1372 723 elegantiam,
1402 677 1604 724 quantam
1631 683 1704 708 ve-

311 737 509 770 tustatem
539 741 638 782 prae
670 741 712 766 se
739 725 887 774 ferant,
911 724 1208 765 animadverte.
1271 724 1421 780 Itaque
1452 726 1532 766 hoc
1563 725 1703 780 potius

310 799 481 841 agamus
513 798 678 831 censeo,
710 790 756 822 ut
789 782 892 837 quid
925 782 1037 837 ipsae
1072 796 1214 821 secum
1246 781 1394 830 ferant,
1424 783 1592 837 penitus
1619 781 1704 823 diS-

310 843 525 898 piciamus,
559 855 638 881 nec
674 847 771 879 ante
808 838 861 879 de
896 838 1087 878 manibus
1120 837 1393 893 deponamus,
1423 853 1550 894 quam
1583 846 1708 888 totas,

310 907 663 954 quantaecunque
697 911 770 936 eae
802 903 912 944 sunt,
946 895 1285 951 percurrerimus.
1351 895 1540 936 Omnino
1575 895 1703 945 enim,

310 957 395 997 sive
418 955 462 995 in
483 953 633 1010 vulgus
653 961 754 993 nota
781 961 907 1009 atque
936 952 1049 993 edita
1075 952 1309 1001 continent,
1332 967 1531 1007 magnum
1554 967 1704 1008 operae

310 1013 492 1069 pretium
522 1010 757 1059 fecerimus,
780 1010 813 1050 si
846 1009 998 1065 scripta
1029 1024 1125 1050 cum
1158 1009 1282 1050 editis
1315 1010 1596 1059 conferantur,
1618 1009 1704 1050 sive

309 1071 513 1111 hactenus
534 1069 724 1125 ignorata
745 1066 1001 1122 ineditaque,
1024 1066 1148 1122 longe
1170 1066 1357 1122 profecto
1378 1067 1523 1108 maius.
1584 1066 1705 1108 Haec

310 1127 392 1168 ille.
456 1126 661 1167 Brunsius
690 1133 843 1173 autem,
866 1124 940 1179 qui
971 1139 1080 1164 unus
1110 1123 1368 1179 crystallinas
1398 1123 1532 1165 lentes
1562 1138 1705 1164 secum

312 1185 357 1225 in
378 1199 475 1226 eum
496 1198 619 1224 usum
641 1181 848 1231 attulerat,
868 1181 1001 1222 aciem
1017 1181 1061 1220 in
1079 1181 1189 1221 tituli
1200 1181 1380 1237 ,vestigia
1399 1180 1639 1230 intendens,
1656 1195 1705 1221 ac

311 1241 441 1283 veluti
469 1256 545 1297 per
565 1249 845 1288 transennam,
869 1238 902 1279 si
930 1238 988 1278 ita
1014 1237 1132 1293 loqui
1152 1237 1211 1278 fas
1233 1246 1308 1287 est,
1331 1238 1705 1293 suprascriptarum

311 1299 527 1340 literarum
548 1296 677 1338 semel
697 1297 934 1351 iterumque
957 1295 1226 1351 prospiciens,
1245 1295 1398 1336 diserte
1417 1294 1586 1336 tandem
1603 1294 1706 1350 legit

313 1355 444 1397 ΤΙΤΙ
483 1354 614 1395 LIVI
654 1353 767 1394 LIB.
792 1352 957 1393 XC130.
1035 1351 1100 1393 Ita
1130 1351 1389 1407 praeclarum
1425 1352 1582 1393 lacteae
1619 1351 1706 1392 elo-

313 1412 510 1470 quentiae
533 1411 743 1467 scriptoris
767 1410 1057 1465 fragmentum,
1076 1409 1191 1464 quod
1213 1417 1274 1449 tot
1295 1417 1479 1450 aetatum
1500 1417 1542 1449 et
1562 1423 1706 1449 saecu-

311 1471 449 1512 lorum
482 1468 701 1510 intervallo
734 1468 777 1508 in
808 1466 1160 1508 bibliothecarum
1194 1465 1357 1520 angulis
1390 1466 1630 1521 neglectum
1663 1473 1706 1506 et

313 1527 568 1568 inhonorum
589 1525 823 1574 delituerat,
847 1524 891 1564 in
913 1523 1050 1564 lucem
1073 1533 1115 1564 et
1137 1523 1178 1563 in
1202 1531 1417 1578 aspectum
1438 1522 1645 1578 prodiitssl.

344 1756 399 1797 II.
441 1756 553 1806 Quid
573 1758 613 1796 in
635 1770 676 1795 eo
692 1756 941 1795 describendo
962 1770 1081 1795 curae
1102 1770 1127 1794 α
1157 1755 1242 1795 CC.
1270 1755 1361 1795 VV.
1385 1756 1602 1808 impensum
1623 1755 1685 1794 sit.

315 1871 462 1920 NUNC,
490 1878 696 1926 quantum
730 1883 882 1924 operae
907 1868 1091 1924 positum
1119 1869 1172 1909 sit
1204 1883 1228 1909 a
1259 1867 1496 1909 clarissimis
1523 1867 1632 1917 viris,
1661 1874 1708 1907 ut

314 1928 420 1969 illud
455 1935 664 1976 eruerent,
698 1941 824 1966 nemo
859 1926 1077 1967 aestimare
1113 1940 1209 1966 vere
1244 1925 1412 1980 poterit,
1451 1924 1524 1980 qui
1560 1938 1708 1964 manu-

315 1985 516 2040 scriptum
562 1984 699 2038 ipsum
744 1998 830 2023 non
870 1982 1033 2022 viderit.
1098 1982 1238 2022 Huius
1279 1981 1394 2022 enim
1435 1979 1707 2036 manuscripti

315 2042 420 2082 adeo
466 2048 671 2081 vetustate
722 2047 953 2094 corruptae,
1002 2038 1106 2079 adeo
1157 2038 1366 2078 obsoletae
1412 2037 1706 2093 fugientesque

315 2099 459 2139 literae
490 2105 600 2145 sunt,
625 2104 670 2137 ut
695 2096 768 2151 qui
796 2111 848 2136 ex
877 2095 966 2151 ipso
994 2110 1126 2135 novae
1155 2095 1382 2150 scripturae
1411 2094 1597 2150 margine
1625 2103 1708 2135 tres

316 2169 458 2196 versus
490 2162 648 2203 extant,
679 2153 709 2193 ii
741 2167 935 2208 magnam
967 2152 1139 2207 quidem
1169 2160 1329 2207 partem
1362 2166 1449 2192 non
1480 2152 1568 2192 sine
1599 2150 1708 2191 diffi-

317 2212 470 2253 cultate
492 2210 574 2266 legi
596 2210 768 2266 possint,
792 2209 920 2250 ceteri
945 2218 1085 2250 autem
1112 2211 1198 2250 non
1222 2209 1357 2249 solum
1378 2219 1548 2264 propter
1568 2216 1710 2249 vetus-

318 2277 459 2317 tatem,
501 2282 646 2308 verum
688 2267 814 2307 etiam
848 2274 1018 2322 propter
1057 2266 1345 2315 recentiorem,
1376 2266 1428 2306 de
1463 2280 1547 2322 qua
1578 2264 1709 2307 locuti

318 2340 473 2373 sumus,
507 2324 754 2380 scripturam
786 2323 870 2372 vix,
905 2338 952 2364 ac
984 2338 1037 2364 ne
1070 2323 1141 2364 vix
1174 2323 1360 2379 quidem,
1395 2323 1705 2378 dignoscantur.

319 2382 400 2424 His
432 2381 560 2437 igitur
592 2380 906 2421 difficultatibus
940 2395 1071 2435 quum
1103 2380 1233 2421 ferme
1269 2380 1559 2428 obruerentur,
1594 2379 1709 2419 haud

318 2439 498 2480 multum
534 2438 694 2478 itineris
730 2445 840 2478 certe
882 2437 1169 2486 confecissent,
1206 2437 1414 2493 planeque
1451 2437 1502 2477 ab
1538 2437 1708 2491 incepto

319 2496 586 2544 destitissent,
609 2494 687 2535 nisi
721 2494 826 2535 alter
857 2494 974 2534 alteri
1006 2503 1170 2550 praesto
1201 2495 1356 2544 fuisset,
1379 2494 1623 2548 animosque
1654 2492 1709 2534 ad

319 2568 423 2610 opus
446 2552 680 2608 urgendum
703 2551 1091 2606 perficiendumque
1115 2551 1355 2591 addidisset.
1419 2550 1485 2590 Ac
1505 2549 1706 2605 profecto,

318 2612 352 2652 si
374 2609 489 2666 quod
510 2624 574 2650 res
595 2617 670 2657 est,
693 2608 831 2649 dicere
853 2608 1057 2657 volumus,
1080 2623 1165 2648 non
1188 2608 1407 2647 minimum
1431 2614 1706 2656 momentum,

319 2676 366 2709 ut
399 2666 511 2707 Livii
542 2666 672 2722 ipsius
704 2665 839 2706 verbis
875 2673 980 2714 utar,
1014 2665 1067 2706 ad
1103 2665 1182 2705 hoc
1214 2663 1434 2717 κειμήλιον
1467 2678 1519 2704 ex
1553 2664 1636 2704 situ
1666 2673 1709 2704 et

362 2797 402 2827 30
426 2787 616 2818 Accuratius
637 2787 724 2817 hunc
748 2786 879 2816 titulum
902 2786 989 2815 exhi—
1035 2790 1067 2816 et
1088 2786 1178 2816 nimii
1202 2786 1234 2816 in
1258 2786 1464 2817 Iuvenatium
1489 2787 1584 2817 studii
1609 2788 1708 2827 suspi-

318 2831 388 2861 buit
402 2830 558 2861 Brunsius
572 2840 668 2869 supra
680 2829 711 2858 in
728 2829 830 2868 Epist.
844 2829 884 2858 ad
901 2829 990 2858 Kcn—
1036 2829 1159 2858 cionem
1184 2829 1258 2858 huic
1280 2829 1451 2859 narrationi
1472 2830 1567 2859 fidem
1587 2834 1619 2860 ct
1635 2840 1708 2860 auc-

320 2873 430 2904 nicott.
448 2883 478 2911 p.
499 2882 567 2912 ²93-
586 2872 639 2901 ubi
658 2871 719 2902 vid.
737 2875 793 2900 not
818 2878 863 2909 15.
1038 2871 1199 2901 toritatem
1217 2872 1368 2910 derogare
1385 2871 1560 2902 docuimus.

363 2925 398 2954 31
423 2915 496 2945 Vid.
511 2925 606 2954 supra
619 2917 684 2945 not.
696 2925 724 2951 4.
739 2913 792 2943 ubi
807 2912 993 2952 cupiditatis
