1888 3194
147 282 192 315 U.
209 282 247 315 C.

146 326 187 358 A.
210 326 249 358 C.

219 842 283 880 11.

353 186 434 225 134

357 388 623 444 indignitate,
657 386 845 428 irritavit.

358 445 554 486 adiuvere
587 444 661 500 qui
692 444 738 484 in
769 443 944 484 navibus
976 452 1106 484 erant.

860 180 1010 223 ΤΙΤΙ
1051 180 1116 222 LI
1130 181 1228 223 VII

270 283 342 323 583.
356 288 489 330 quum
523 273 709 329 recipere
745 287 788 313 se
825 280 918 313 tuto
957 271 1011 313 ad
1047 286 1174 312 naves
1212 270 1550 327 prohiberentur,
1586 268 1747 311 animos

275 325 345 367 169·
357 330 540 372 militum
561 330 865 379 Romanorum,
887 328 1011 370 simul
1032 328 1323 385 desperatione
1345 327 1426 368 alia
1445 326 1601 376 salutis,
1623 325 1748 368 simul
1761 323 1780 356 7

909 385 1215 442 Redintegrata
1248 385 1292 425 in
1326 385 1448 426 litore
1483 399 1626 440 pugna
1657 392 1746 425 est:

1168 442 1234 484 Ibi
1259 442 1546 483 Macedonum
1576 439 1751 482 ducenti

357 502 488 543 ferme
510 502 645 550 caesi3
677 516 753 557 par
772 515 972 541 numerus
993 509 1149 555 captus.

419 559 490 600 Ab
522 559 767 614 Antigonea
795 557 934 598 classis
963 557 1162 613 profecta,
1195 557 1248 598 ad
1280 571 1426 612 agrum
1457 555 1751 597 Pallenensem

361 616 676 657 exscensionem
704 615 758 656 ad
784 613 1073 670 populandum
1095 614 1206 654 fecit.

1268 613 1436 654 Finium
1464 614 1499 654 is
1526 627 1626 669 ager
1648 611 1754 653 Cas-

360 673 651 715 sandrensium
687 680 787 721 erat,
824 671 948 725 longe
987 670 1264 711 fertilissimus
1303 671 1440 711 omnis
1479 685 1587 720 orae,
1624 683 1753 726 quam

359 730 634 787 praetervecti
660 729 837 769 fuerant.

899 727 965 769 Ibi
997 727 1210 768 Eumenes
1239 741 1328 777 rex,
1348 727 1499 782 viginti
1529 727 1650 768 tectis
1678 741 1754 767 na-

360 788 481 828 vibus
508 787 560 827 ab
583 786 687 827 Elea
713 785 936 841 profectus,
959 784 1106 825 obvius
1130 784 1237 833 fuit3
1269 793 1312 825 et
1333 785 1522 848 quinque
1554 783 1702 824 missae
1729 798 1756 824 a

362 844 511 885 Prusia
537 858 635 898 rege
665 851 797 883 tectae
825 856 962 882 naves.

1027 839 1121 882 Hac
1148 841 1298 882 virium
1327 855 1562 882 accesswne
1590 839 1755 881 animus

361 901 492 943 crevit
518 899 712 956 praetori,
734 907 782 940 ut
805 897 1110 941 Cassandream
1140 906 1414 954 oppugnaret.
1479 897 1666 939 Condita
1690 905 1787 938 est8

362 974 386 1000 a
429 957 666 999 Cassandro
707 971 805 1012 rege
845 956 891 997 in
932 955 1033 1011 ipsis
1073 955 1275 1004 faucibus,
1313 970 1420 1011 quae
1460 954 1756 1008 Pallenensem

362 1030 508 1071 agrum
537 1023 700 1056 ceterae
730 1013 1010 1055 Macedoniae
1040 1013 1236 1068 iungunt,
1258 1012 1358 1054 hinc
1383 1012 1633 1062 Toronaico,
1654 1011 1755 1052 hinc

363 1072 646 1114 Macedonico
662 1080 806 1127 saepta
820 1070 937 1111 mari.
985 1069 1158 1110 Eminet
1174 1085 1357 1125 namque
1378 1069 1423 1110 in
1444 1069 1574 1111 altum
1595 1069 1754 1125 lingua,

362 1131 407 1170 in
440 1144 526 1186 qua
557 1129 637 1170 sita
668 1138 755 1170 est:
794 1143 873 1169 nec
905 1127 1057 1177 minus,
1089 1142 1216 1183 quam
1248 1126 1432 1168 inclutus
1463 1126 1789 1182 magnitudine9

365 1187 482 1228 Atho
527 1201 660 1235 mons,
701 1185 897 1235 excurrit,
939 1185 1113 1225 obversa
1161 1184 1206 1225 in
1254 1184 1470 1240 regionem
1511 1182 1757 1239 Magnesiae

363 1244 528 1285 duobus
549 1243 777 1299 imparibus
797 1241 1090 1299 promontoriis
1106 1257 1116 1291 ;
1150 1256 1330 1298 quorum
1358 1241 1506 1282 maiori
1526 1240 1758 1282 Posideum

364 1310 426 1342 est
466 1316 636 1350 nomen,
673 1300 826 1341 minori
864 1300 1177 1341 Canastraeum.
1239 1298 1428 1340 Diversis
1461 1298 1648 1354 partibus
1682 1312 1759 1354 op-

363 1373 552 1414 pugnare
582 1357 728 1398 adorti.
793 1357 1012 1398 Romanus
1040 1356 1093 1396 ad
1123 1355 1269 1406 Clitas,
1296 1371 1400 1412 quas
1426 1364 1590 1405 vocant,
1618 1355 1759 1396 muni-

365 1424 520 1465 menta,
543 1415 675 1456 cervis
703 1414 830 1455 etiam
859 1413 1046 1463 obiectis,
1069 1422 1116 1454 ut
1142 1413 1251 1454 viam
1279 1412 1592 1462 lntercluderet‚
1615 1427 1640 1454 a
1660 1411 1787 1454 Mat-¹

364 1473 566 1514 cedonico
597 1472 651 1513 ad
673 1471 957 1513 Toronaicum
987 1485 1100 1511 mare
1130 1470 1334 1526 perducit.

364 1530 534 1586 euripus
574 1538 662 1570 est:
711 1529 810 1569 inde
853 1527 1067 1569 Eumenes
1112 1528 1392 1584 oppugnabat.

1401 1471 1469 1512 Ab
1491 1469 1620 1512 altera
1638 1478 1758 1526 parte

364 1587 473 1628 fossa
493 1586 754 1642 complenda,
777 1601 904 1642 quam
925 1600 1061 1641 nuper
1086 1585 1295 1626 obiecerat
1315 1585 1507 1634 Perseus,
1528 1584 1759 1640 plurimum

364 1653 454 1685 erat
474 1643 637 1684 laboris.

700 1643 765 1684 Ibi
787 1642 1007 1698 quaerenti
1028 1641 1223 1698 praetori,
1246 1642 1346 1698 quia
1366 1656 1574 1698 nusquam
1598 1640 1759 1683 cumuli

364 1702 635 1766 apparebant,
658 1715 742 1756 quo
770 1708 932 1756 regesta
959 1715 982 1740 e
1002 1699 1111 1741 fossa
1138 1708 1248 1740 terra
1270 1699 1391 1749 foret,
1413 1698 1634 1740 monstrati
1660 1706 1790 1740 sunt-²»

364 1759 569 1799 fornlces:
619 1764 733 1799 ‘non
773 1757 827 1798 ad
867 1756 1046 1798 eandem
1086 1756 1418 1807 crassitudinem,
1456 1771 1541 1812 qua
1573 1764 1761 1798 veterem

368 1822 379 1839 ‘
395 1830 576 1864 murum,
598 1815 673 1856 sed
693 1814 872 1871 simplici
892 1813 1071 1855 laterum
1092 1813 1252 1863 ordine,
1274 1823 1451 1855 structos
1471 1828 1572 1855 esse.

1576 1813 1587 1832 ’
1643 1812 1761 1855 Con-

366 1872 506 1914 silium
536 1873 664 1928 igitur
691 1872 815 1927 cepit,
838 1871 1061 1912 transfosso
1091 1871 1249 1927 pariete
1280 1871 1360 1912 iter
1388 1870 1434 1911 in
1464 1871 1612 1912 urbem
1641 1877 1761 1926 pate-

366 1930 513 1971 facere.

416 2142 431 2172 7
454 2133 688 2172 Desperatione
725 2133 793 2162 αἷία
825 2132 958 2169 salutis]
998 2140 1041 2163 sc.

372 2176 458 2213 Alia,
473 2185 568 2214 quam
586 2185 669 2214 quae
688 2174 795 2204 adhuc
815 2174 957 2204 militum
976 2173 1042 2204 ani-

372 2229 441 2249 mos
456 2218 642 2257 agitaverat,
657 2216 689 2247 h.
706 2227 733 2247 e.
750 2216 879 2247 maiore.
905 2216 1015 2248 DOER.

415 2261 434 2290 8
458 2261 595 2290 Condita
623 2263 670 2289 est
695 2270 715 2289 a
742 2259 922 2289 Cassandro
950 2259 1040 2298 φερε]

374 2303 463 2335 Olim
489 2301 657 2338 Potidaea,
681 2305 762 2331 teste
788 2301 907 2338 Plinio,
935 2301 979 2331 H.
999 2301 1042 2332 N.

373 2347 414 2376 iv.
450 2354 495 2375 10.
543 2344 640 2374 Illam
671 2343 788 2373 deinde
819 2343 869 2373 vel
898 2347 1043 2380 auxerat,

376 2388 425 2418 vel
456 2387 688 2417 instauraverat
719 2386 907 2422 Cassander,
943 2390 974 2414 et
1003 2386 1044 2416 de

375 2440 432 2460 suo
470 2429 600 2459 nomine
639 2428 871 2458 Cassandream
908 2427 1043 2459 dixerat.

375 2473 480 2503 ΟΜΝ.

417 2524 436 2554 9
459 2515 528 2544 Nec
544 2514 661 2548 minus,
681 2523 777 2552 quam
796 2513 938 2542 inclutus
958 2523 1042 2551 mag]-

376 2557 539 2593 nitmlz'ne]
577 2554 753 2593 Vulgatam
785 2554 955 2584 lectionem
987 2565 1044 2585 neo

374 2601 481 2629 minus
507 2608 603 2637 quam
632 2598 667 2626 in
696 2597 797 2626 altum
823 2597 1044 2634 maynitzcdine

375 2640 556 2672 Crevierius
592 2642 624 2668 et
659 2638 942 2668 Drakenborchius
979 2649 1043 2669 cor-

374 2687 503 2722 ruptam
538 2691 605 2711 esse
639 2684 766 2711 censet:
805 2690 901 2719 quam
936 2684 1044 2711 tamen

377 2725 546 2756 Bekkerus
572 2722 708 2753 unciolis
734 2722 891 2753 inclusam
918 2722 950 2752 in
977 2726 1044 2753 tex-

375 2772 446 2798 tum
473 2765 605 2805 recepit,
630 2767 664 2795 in
690 2766 777 2796 altus
803 2774 860 2805 pro
885 2766 920 2795 in
944 2767 1046 2795 altum

374 2809 523 2849 reposito.

423 2862 434 2882 1
462 2852 572 2883 Ceo-vis
607 2851 703 2881 etiam
737 2851 878 2887 obiectis]
930 2850 1044 2880 Cervos

376 2895 498 2933 ligneos
530 2893 655 2932 stipites
688 2892 795 2929 fuisse,
824 2895 954 2921 truncos
989 2902 1045 2922 seu

377 2937 490 2975 cippos
531 2935 619 2965 humi
660 2935 786 2971 infixos,
823 2935 863 2964 ad
907 2934 1046 2963 hostium

377 2979 534 3019 impetum
564 2978 803 3015 retardandum,
830 2987 869 3006 ex
891 2976 983 3008 Caes.
1006 2977 1045 3007 B.

583 1928 742 1971 Fallere
773 1937 916 1968 autem
943 1928 1002 1968 ita
1028 1943 1071 1968 se
1098 1942 1233 1983 posse,
1255 1927 1302 1977 si,
1325 1942 1466 1968 muros
1486 1943 1511 1968 a
1529 1935 1647 1983 parte
1679 1927 1761 1969 alia

367 1986 486 2027 scalis
507 1986 689 2035 adortus,
712 1984 897 2026 tumultu
916 1984 1084 2034 iniecto,
1107 1984 1152 2024 in
1179 1983 1412 2026 custodiam
1439 1984 1529 2026 eius
1555 1983 1637 2026 loci
1663 1996 1793 2042 pro-4

1087 2131 1176 2162 Gall.
1200 2131 1253 2163 vii.
1278 2139 1325 2171 72.
1349 2131 1504 2163 elicimus.
1550 2131 1682 2164 Nomen
1703 2132 1760 2164 hae

1086 2175 1206 2204 bebant
1230 2175 1315 2213 quod
1341 2174 1442 2205 veluti
1468 2174 1617 2205 bifurcati
1641 2178 1761 2214 essent,

1088 2219 1119 2246 et
1134 2216 1310 2248 acuminati
1329 2216 1430 2247 instar
1448 2227 1613 2248 cervorum
1630 2227 1760 2250 cornua.

1089 2258 1217 2290 Dour.

1132 2311 1148 2331 2
1172 2302 1340 2342 Euripus]
1367 2302 1468 2332 Fossa
1483 2302 1642 2341 quaedam
1660 2312 1760 2333 manu

1087 2342 1184 2381 facta,
1214 2345 1255 2374 ad
1285 2354 1385 2384 aquas
1414 2344 1510 2375 maris
1542 2344 1760 2384 excipiendas.

1089 2386 1164 2416 Hoc
1191 2396 1308 2417 nomen
1335 2387 1436 2423 fossis,
1459 2397 1541 2426 quae
1567 2386 1672 2418 arenis
1692 2396 1760 2417 am-

1088 2428 1345 2467 phitheatrorum
1362 2429 1656 2468 circumdabantur,
1671 2429 1760 2470 apud

1088 2470 1236 2509 antiquos
1251 2471 1397 2502 dabatur.

1131 2521 1147 2551 3
1173 2515 1351 2544 illonstrati
1370 2518 1447 2544 sunt
1459 2515 1623 2553 fornices]
1651 2512 1719 2550 Qui
1741 2524 1760 2545 e

1088 2558 1182 2592 terra,
1212 2565 1309 2594 quam
1339 2566 1357 2586 e
1385 2556 1469 2586 fossa
1506 2560 1696 2596 egesserant,
1724 2556 1759 2587 in

1087 2597 1202 2627 lateres
1218 2601 1308 2627 cocta
1323 2598 1435 2628 structi
1451 2602 1552 2629 erant.
1583 2599 1647 2630 Sed
1662 2608 1759 2638 quem

1088 2639 1129 2669 ad
1152 2649 1244 2669 usum
1268 2639 1380 2670 structi
1400 2639 1449 2670 illi
1469 2640 1617 2679 fornices,
1634 2644 1667 2671 et
1682 2650 1760 2680 quo-

1089 2682 1185 2711 modo
1208 2681 1329 2720 pariete
1354 2691 1464 2712 eorum
1487 2683 1628 2721 perfosso
1651 2682 1703 2713 via
1725 2683 1760 2714 in

1089 2724 1201 2753 urbem
1218 2727 1354 2762 pateret,
1367 2724 1501 2754 minime
1517 2724 1629 2763 liquet.
1668 2725 1760 2760 Quo-

1090 2765 1176 2795 niam
1193 2766 1275 2795 fossa
1291 2766 1398 2796 adhuc
1413 2766 1577 2805 completa
1596 2776 1661 2797 non
1681 2770 1761 2806 erat,

1089 2807 1268 2838 Crevierius
1278 2808 1396 2845 locum,
1406 2807 1461 2838 ubi
1472 2808 1603 2847 perfossi
1612 2808 1760 2847 fornices,

1089 2850 1167 2880 citra
1201 2850 1317 2880 fossam
1355 2861 1375 2880 a
1410 2855 1501 2890 parte
1535 2851 1759 2882 Romanorum

1089 2892 1185 2922 fuisse
1200 2896 1318 2923 censet.

1134 2946 1153 2971 4
1176 2936 1260 2965 Eius
1287 2936 1362 2973 loci]
1400 2935 1510 2972 Quem
1538 2935 1632 2968 scalis
1657 2934 1759 2967 adori-

1090 2981 1200 3007 rentur
1216 2977 1366 3009 Romani.

1467 1527 1672 1568 Romanis
1712 1526 1759 1568 in
1772 1535 1790 1558 2

1865 1691 1888 1995 δ”.θῖὀῼηόἰὨἊν-ὲί·
