1888 3194
500 199 627 243 LIB.
660 198 828 240 XLIII.
876 198 1022 240 CAP.
1056 204 1094 242 5.
1420 205 1498 245 105

117 292 278 350 plorata
305 300 436 339 erant,
459 298 506 330 ut
528 289 564 330 is
583 304 634 330 eo
655 297 842 344 tempore
873 287 918 328 in
948 302 1048 343 agro
1078 302 1153 329 suo
1181 288 1348 330 Antiati
1377 300 1498 341 esset,
1514 302 1558 334 U.
1575 303 1614 335 C.
1635 304 1707 344 582-

0 359 4 379 l
117 362 352 407 aquamque
383 362 437 389 ex
467 346 675 388 manubiis
700 345 880 386 Antium
902 360 955 386 ex
975 344 1148 386 flumine
1170 344 1401 388 Loracinae
1422 348 1499 389 du·
1513 347 1553 377 A.
1575 346 1613 378 C.
1639 354 1708 385 ¹70·

117 415 240 449 ceret.
302 405 354 446 Id
374 419 479 461 opus
499 412 668 446 centum
690 403 862 458 triginta
888 401 1072 443 millibus
1093 403 1199 444 aeris
1220 402 1374 445 locasse
1396 404 1500 446 diei-

117 474 196 506 tur.
258 462 433 504 Tabulis
465 477 634 518 quoque
666 460 790 517 pictis
819 475 873 501 ex
902 459 1057 516 praeda
1083 460 1228 501 fanum
1257 461 1500 518 Aesculapii

116 520 342 563 exornavit.
405 519 613 561 Invidiam
643 518 940 574 infamiamque
966 518 1018 559 ab
1040 517 1240 559 Lucretio
1261 528 1500 560 averterunt
1514 531 1679 563 Abderita-

85 599 103 621 ε
116 578 162 620 in
182 577 470 628 Hortensium,
492 591 771 619 successorem
801 576 904 625 eius,
929 575 1158 617 Abderitae
1189 575 1328 632 legati,
1350 576 1500 618 flentes
1512 583 1581 603 rum
1599 584 1708 613 quere-

115 645 212 678 ante
238 636 408 685 curiam,
430 643 752 692 querentesque,
776 639 787 657 ‘
803 632 1005 689 oppidum
1037 648 1160 674 suum
1190 634 1241 675 ab
1271 633 1500 676 Hortensio
1512 615 1614 690 ἓξὲξ
1625 617 1708 648 Hor-

117 699 433 750 ‘expugnatum
467 708 514 734 ac
549 692 760 748 direptum
796 705 896 732 esse.
967 690 1150 732 Causam
1185 690 1340 733 excidii
1374 692 1500 734 fuisse
1616 683 1624 691 ⁰

117 757 130 776 ‘
144 751 250 802 urbi,
272 751 399 808 quod,
422 765 553 807 quum
575 758 745 791 centum
775 748 906 790 millia
926 747 1144 790 denarium
1166 758 1208 790 et
1229 748 1353 791 tritici
1376 749 1501 806 quin-

117 815 130 834 ‘
177 809 346 866 uaginta
365 809 495 850 millia
514 807 701 849 modium
723 807 959 863 imperaret,
982 807 1162 862 spatium
1182 806 1394 863 petierint,
1415 823 1500 864 quo

118 873 129 892 ‘
144 825 198 909 de
220 882 271 909 ea
290 882 334 908 re
355 877 398 908 et
417 867 469 908 ad
493 865 722 907 Hostilium
753 863 980 914 consulem,
1004 873 1047 905 et
1074 864 1252 906 Romam
1284 864 1501 907 mitterent

118 924 313 982 ‘legatos
374 924 565 966 Vixdum
595 923 648 965 ad
678 921 891 964 consulem
923 937 965 963 se
996 922 1247 978 pervenisse,
1269 931 1312 963 et
1336 923 1499 965 audisse

118 989 130 1007 ‘
145 982 348 1039 oppidum
388 991 688 1038 expugnatum,
729 979 939 1036 principes
979 980 1113 1021 securi
1153 995 1382 1036 percussos,
1423 981 1499 1022 sub

85 1061 103 1092 3
118 1045 130 1065 ‘
145 1055 298 1082 corona
316 1049 475 1081 ceteros
496 1039 683 1080 venisse.'
743 1037 925 1093 Indigna
945 1052 1008 1078 res
1029 1038 1192 1079 senatui
1214 1038 1321 1079 visa:
1356 1038 1500 1080 decre-

117 1106 348 1154 veruntque
379 1096 525 1138 eadem
551 1096 603 1137 de
627 1095 856 1144 Abderitis,
879 1109 986 1150 quae
1017 1095 1070 1136 dc
1095 1094 1325 1137 Coronaeis
1355 1096 1500 1138 deere-

83 1164 260 1205 4verant
294 1155 430 1212 priore
466 1169 600 1203 ann03
633 1152 866 1208 eademque
903 1167 979 1208 pro
1012 1153 1213 1193 concione
1245 1152 1409 1194 edicere
1442 1154 1496 1202 Q.

115 1213 335 1255 Maenium
355 1223 588 1269 praetorem
611 1211 830 1252 iusserunt.
894 1209 951 1250 Et
971 1209 1097 1266 legati
1117 1209 1215 1259 duo,
1236 1210 1284 1252 C.
1304 1209 1500 1266 Sempro-

114 1271 208 1313 nius
237 1270 421 1320 Blaesus,
447 1269 542 1311 Sex.
560 1268 692 1310 Iulius
717 1267 884 1317 Caesar,
907 1267 961 1308 ad
991 1267 1270 1309 restituendos
1300 1268 1344 1308 in
1374 1268 1500 1309 liber-

114 1337 242 1371 tatem
272 1328 498 1370 Abderitas
528 1326 652 1368 missi.
715 1324 872 1366 Iisdem
902 1324 1160 1375 mandatum,
1184 1335 1231 1366 ut
1252 1334 1294 1367 et
1316 1324 1499 1368 Hostilio

112 1386 274 1429 consuli
295 1396 338 1428 et
359 1385 588 1428 Hortensio
607 1383 789 1441 praetori
809 1383 1066 1433 nuntiarent,
1088 1393 1291 1433 senatum,
1315 1383 1499 1425 Abderi-

113 1445 166 1486 tis
200 1444 401 1486 iniustum
433 1443 589 1485 bellum
624 1442 800 1491 illatum,
837 1441 1112 1497 conquirique
1148 1456 1306 1491 omnes,
1344 1441 1418 1498 qui
1453 1441 1499 1483 in

113 1502 309 1544 servitute
331 1502 425 1551 sint,
447 1511 489 1543 et
509 1500 670 1543 restitui
690 1500 735 1541 in
754 1499 1003 1548 libertatem,
1026 1514 1208 1555 aequum
1229 1514 1411 1541 censere.

173 1559 335 1602 Eodem
367 1569 553 1616 tempore
585 1558 638 1600 de
670 1559 718 1600 C.
741 1556 899 1606 Cassio,
932 1557 1002 1613 qui
1039 1557 1184 1598 consul
1215 1557 1353 1614 priore
1386 1572 1497 1599 anno
1588 1564 1629 1605 5,

114 1617 261 1667 fuerat,
282 1627 370 1658 tum
394 1618 584 1658 tribunus
611 1615 792 1656 militum
819 1615 863 1655 in
886 1614 1141 1656 Macedonia
1160 1630 1255 1657 cum
1278 1615 1332 1657 A.
1354 1614 1497 1657 Hosti·
1511 1620 1674 1669 Querelqe

114 1675 170 1717 lio
190 1685 290 1725 erat,
312 1674 506 1731 querelae
537 1674 590 1715 ad
620 1681 811 1714 senatum
836 1672 998 1714 delatae
1024 1681 1135 1722 sunt,
1158 1683 1201 1714 et
1230 1672 1357 1729 legati
1388 1673 1497 1729 regis
1510 1663 1550 1694 de
1566 1664 1686 1696 Cassio.

117 1733 334 1775 Gallorum
359 1731 557 1774 Cincibili
579 1740 793 1772 venerunt.
857 1729 1001 1771 Frater
1022 1730 1112 1771 eius
1132 1731 1258 1771 verba
1277 1731 1320 1771 in
1348 1741 1495 1772 senatu

114 1791 225 1841 fecit,
247 1800 431 1847 questus,
455 1789 706 1846 Alpinorum
738 1787 987 1844 populorum
1019 1802 1137 1844 agros
1167 1788 1372 1829 sociorum
1402 1803 1499 1830 suo-

114 1863 206 1890 rum
237 1848 537 1905 depopulatum
571 1846 621 1888 C.
644 1846 835 1887 Cassium
866 1860 968 1894 csse,
1001 1855 1042 1886 ct
1072 1845 1171 1886 inde
1206 1845 1339 1886 multa
1369 1845 1500 1888 millia

114 1906 332 1947 hominum
355 1906 397 1946 in
419 1905 661 1946 servitutem
682 1903 922 1959 abripuisse.
973 1902 1060 1944 Sub
1082 1903 1193 1944 idem
1212 1913 1377 1959 tempus
1394 1903 1499 1945 Car-

82 1976 262 2007 6norum
286 1963 570 2018 Istrorumque
596 1971 640 2003 et
668 1960 875 2017 Iapydum
906 1960 1032 2016 legati
1063 1970 1291 2002 venerunt:
1330 1967 1340 1984 ‘
1356 1961 1498 2003 Duces

114 2027 126 2045 ‘
141 2021 217 2063 sibi
239 2021 290 2062 ab
312 2020 481 2062 consule
506 2019 651 2061 Cassio
673 2019 854 2075 primum
875 2018 1111 2074 imperatos,
1134 2018 1207 2074 qui
1230 2019 1272 2058 in
1296 2018 1498 2060 Macedo-

114 2085 125 2103 ‘
141 2079 253 2121 niam
275 2078 447 2131 ducenti
469 2078 700 2120 exereitum
722 2076 801 2117 iter
822 2085 1122 2118 monstrarent:
1153 2085 1346 2132 pacatum
1369 2076 1420 2117 ab
1441 2092 1497 2127 se,

114 2143 125 2161 ‘
142 2147 341 2193 tanquam
362 2136 416 2178 ad
437 2135 552 2177 aliud
573 2134 728 2176 bellum
757 2133 1004 2190 gerendum,
1027 2134 1182 2175 abisse:
1216 2134 1314 2176 inde
1337 2149 1389 2176 ex
1412 2149 1500 2176 me-

115 2202 125 2219 ‘
141 2195 212 2237 dio
233 2209 464 2251 regressum
487 2194 634 2235 itinere
658 2191 864 2233 hostiliter
884 2207 1120 2248 peragrasse
1138 2193 1242 2233 fines
1258 2207 1375 2233 suos:
1407 2207 1498 2249 pas-

113 2254 219 2294 ‘sim
244 2253 491 2309 rapinasque
523 2261 565 2293 et
596 2250 793 2292 incendia
813 2250 942 2291 facta:
978 2265 1055 2291 nec
1081 2265 1122 2291 se
1155 2249 1207 2291 ad
1239 2249 1282 2290 id
1313 2250 1499 2291 locorum

115 2317 125 2335 ‘
142 2311 259 2361 scire,
281 2321 452 2367 propter
473 2325 599 2366 quam
621 2323 787 2350 causam
813 2307 973 2349 consuli
1002 2323 1076 2364 pro
1105 2308 1293 2349 hostibus
1320 2308 1500 2350 fuerint.'

114 2369 169 2410 Et
190 2368 334 2423 regulo
359 2367 577 2410 Gallorum
600 2366 774 2416 absenti,
797 2376 840 2407 et
871 2365 935 2406 his
965 2365 1130 2422 populis
1158 2380 1400 2421 responsum
1423 2377 1498 2416 est,

114 2434 123 2451 ‘
144 2427 345 2469 Senatum
376 2442 437 2475 ea,
470 2441 578 2482 quae
609 2425 717 2467 facta
747 2433 989 2480 querantur,
1022 2439 1160 2480 neque
1194 2424 1315 2465 scisse
1347 2424 1498 2474 futura,

149 2597 164 2618 2
178 2588 217 2618 In
231 2581 678 2622 Hortensinm,sn‹wsmrrmJ
697 2581 782 2612 llinc
829 2586 872 2610 tot
894 2591 931 2611 ex
950 2592 987 2611 eo
1003 2582 1086 2619 quod
1112 2591 1195 2611 nunc
1217 2591 1344 2620 quoquc
1367 2581 1398 2611 in
1424 2582 1500 2611 urbe

111 2634 245 2670 apparet
272 2628 479 2658 Hortensium
505 2627 564 2656 hoc
589 2636 672 2656 anno
696 2635 781 2664 prae-
828 2630 888 2659 NH
913 2624 1121 2663 peregrinum,
1143 2634 1180 2653 cx
1207 2634 1244 2653 co
1267 2625 1351 2662 quod
1377 2624 1499 2663 collega

112 2677 211 2704 torem
245 2671 350 2706 fuim,
381 2676 411 2700 et
446 2671 577 2700 clm-*scm
617 2678 689 2698 cum
729 2678 783 2697 ora
828 2667 895 2696 cius
914 2667 958 2697 M.
974 2667 1097 2699 notius.
1115 2667 1183 2696 infr.
1207 2676 1252 2696 11.
1269 2677 1306 2696 ea
1322 2671 1501 2706 ngut,qune

112 2715 268 2747 Graeciae
313 2713 472 2745 maritima
517 2711 662 2742 sortitum
704 2721 781 2740 csse.
826 2710 864 2739 ml
894 2710 1045 2749 praetoris
1063 2709 1173 2739 urbani
1197 2709 1336 2739 officiunt
1364 2710 1498 2749 pcrtine-

112 2759 217 2790 Cum.
827 2753 914 2783 bunt.
940 2754 1045 2783 Ciu-zv.

155 2811 172 2840 3
198 2802 337 2840 Indifflm
360 2810 410 2830 res
429 2800 555 2829 senatui
582 2798 664 2835 uisu]
708 2796 780 2826 Vox
869 2804 885 2833 5
913 2796 1006 2834 levy'm
1023 2796 1206 2831 Gallorum]
1240 2806 1281 2825 sc.
1303 2795 1417 2834 Populi
1443 2806 1496 2824 cu-

113 2854 162 2874 ret
176 2854 196 2874 n
211 2844 352 2875 Gronov.
370 2852 466 2872 manu
485 2842 514 2871 in
533 2847 655 2870 textum
677 2839 770 2870 venit.
827 2838 949 2868 inulam
964 2837 1182 2878 'l'ratnmlpini‚
1193 2844 1224 2867 ut
1240 2848 1278 2868 ex
1292 2838 1497 2877 sequentibus

155 2898 174 2924 ⁴
190 2888 226 2924 Q.
241 2887 409 2916 Maenium
425 2884 620 2924 praetore-ml
648 2882 710 2912 llic
729 2882 781 2911 lm-
827 2885 971 2920 apparet.

115 2928 225 2958 bemus
250 2929 381 2958 alu-rius
409 2927 514 2958 adbuc
548 2925 699 2965 prm-toris
729 2935 780 2954 no·
874 2923 893 2952 6
919 2925 1094 2963 lapydum]
1140 2923 1206 2959 Qui
1240 2923 1321 2953 inu-r
1355 2922 1498 2961 Illyricum

115 2981 206 3001 men:
232 2971 282 3001 cui
299 2970 547 3001 iurisdictionem
564 2967 711 3007 obtigisse
730 2977 780 3006 pa-
831 2967 965 3006 populos
980 2972 1079 2997 crant.
