1888 3194
700 176 994 216 INDEX.

543 226 559 244 Ι

154 251 276 285 Statius
290 252 427 284 Trebius
441 252 614 293 pollicetur
635 262 669 283 se
691 252 825 283 traditu—

194 305 267 326 rum
283 296 460 336 Compsam
476 294 658 326 Hannibali
673 303 725 333 23,
743 304 769 325 1.

153 336 194 369 T.
217 337 351 376 Statius,
375 337 448 368 trib.
474 337 520 377 pl.
547 336 635 367 diem
664 336 743 368 dicit
769 337 826 377 Sp.

196 379 332 412 Servilio
350 389 379 418 2,
395 387 446 418 52.

153 421 311 454 Statorius
331 422 374 452 ad
395 421 591 461 Syphacem,
607 421 827 452 Numidarum

193 474 314 504 regem,
327 474 348 494 a
363 464 568 504 Scipionibus
589 464 729 495 mittitur
743 465 827 505 lega-

193 510 248 538 tus
263 516 315 546 24,
330 507 380 545 48.
411 517 452 538 ex
467 507 636 538 iuventute
652 507 716 548 regi
738 507 825 547 pedi-

193 552 244 580 tes
265 549 448 588 conscribit,
464 554 496 581 et
517 550 560 581 ad
581 560 704 581 morem
728 550 826 581 Rom.

193 591 322 624 ordinat
343 596 377 623 et
397 592 538 631 instruit,
552 593 628 625 ibid.
648 593 708 624 vid.
724 596 757 624 et
772 601 824 633 3ο,

195 635 248 666 28.

152 676 269 709 Statua
283 677 383 709 Accio
399 677 508 710 Navio
526 678 654 710 Romae
677 678 781 718 posita
800 687 828 716 1,

195 719 246 760 36.
279 721 432 752 Antiochi
455 721 488 752 in
512 721 681 752 Minervae
701 721 828 752 Itoniae

193 764 320 804 templo
339 763 391 803 36,
411 774 462 795 2ο.
494 763 626 795 Camilli
649 768 681 795 et
704 764 828 795 Maeuii

194 815 274 837 coss.
290 806 323 838 in
339 807 408 838 foro
423 807 454 845 8,
474 816 520 847 13.
555 807 701 839 Cloeliae
723 807 756 837 in
773 807 828 838 Sa-

195 858 250 880 cra
270 849 323 880 via
346 859 376 887 2,
395 859 442 889 13.
478 850 607 881 Horatii
635 849 769 881 Coclitis
795 849 829 880 in

196 891 326 923 comitio
343 902 373 930 2,
393 902 439 924 10.
470 892 588 931 Anicii,
607 892 828 923 Praenestino-

194 943 267 965 rum
283 935 449 975 praefecti,
460 935 594 966 loricata
608 944 658 973 23,
673 945 719 976 19.
742 935 828 966 Mar-

195 976 237 1008 cii
253 987 316 1009 cos.
333 977 366 1008 in
388 978 456 1009 foro
476 983 552 1009 ante
575 978 734 1018 templum
752 978 829 1010 Cas-

194 1019 273 1051 toris
293 1030 324 1062 9,
349 1029 399 1060 43.
435 1020 594 1061 Philippi,
617 1021 697 1061 regis
719 1021 828 1052 Mace-

195 1062 317 1094 donum
334 1072 387 1102 31,
401 1072 438 1102 23
456 1069 489 1095 et
504 1075 555 1102 44.
581 1063 760 1095 Ptolemaei
779 1072 829 1102 23,

199 1114 247 1136 10.
270 1109 378 1137 statua
392 1110 504 1137 aurata
519 1106 662 1137 omnium
680 1106 714 1136 in
731 1106 830 1137 Italia

195 1147 302 1188 prima
318 1142 486 1180 Glab'rioni
504 1149 609 1188 posita
623 1158 676 1187 40,
692 1157 741 1188 34.
765 1152 826 1179 sta-

194 1193 272 1222 tuae
293 1191 424 1231 publice
438 1191 472 1222 in
489 1191 615 1222 Rostris
637 1191 760 1231 positae
783 1191 826 1222 le-

194 1232 277 1273 gatis
295 1234 393 1265 Rom.
408 1244 429 1265 a
444 1233 656 1265 Fidenatibus
670 1233 782 1264 occisis
797 1246 828 1273 4,

199 1283 247 1316 17.
273 1279 338 1307 tres
358 1276 391 1307 in
412 1280 624 1308 monumento
640 1276 828 1316 Scipionum

196 1318 250 1358 38,
270 1317 321 1358 56.
353 1322 475 1350 statuas
499 1323 629 1350 auratas
655 1329 766 1350 omnes
789 1320 829 1350 ab

197 1360 265 1392 Dio
280 1362 365 1402 rapit
382 1362 520 1393 Perseus
535 1373 587 1401 44,
602 1361 632 1394 6.

154 1404 308 1436 Stellates
329 1405 436 1445 campi
451 1415 483 1446 9,
500 1416 551 1445 44.
579 1415 628 1444 10,
645 1414 694 1446 31.
719 1405 781 1437 vid.
797 1409 830 1436 et

199 1456 250 1485 22,
270 1456 316 1487 13.

155 1489 327 1521 Stellatina
342 1489 443 1522 tribus
457 1501 542 1521 nova
557 1489 588 1529 6,
605 1501 634 1531 5.

155 1532 255 1564 Stena
270 1532 415 1571 Graecis,
430 1534 540 1565 fauces
557 1533 682 1565 Latinis
697 1542 749 1573 32,
765 1541 794 1573 5.

155 1575 285 1607 Stenius
307 1576 451 1607 Ninnius
469 1577 576 1614 Celer,
598 1576 714 1617 hospes
737 1577 828 1608 Han-

197 1618 314 1650 nibalis
328 1619 463 1660 Capuae
480 1629 531 1658 23,
546 1620 575 1650 8.

154 1660 194 1693 C.
207 1661 378 1693 Stertinius
393 1667 519 1693 creatur
539 1667 677 1702 praetor,
692 1666 725 1693 et
740 1662 829 1694 sorti-

197 1707 250 1735 tur
265 1704 444 1736 Sardiniam
463 1706 514 1743 38,
530 1714 581 1744 35.

155 1746 194 1778 L.
218 1747 400 1786 Stertinius,
431 1748 613 1787 proconsul,
643 1748 676 1778 in
708 1747 826 1787 Hispa-

196 1789 284 1821 niam
300 1790 441 1822 mittitur
457 1800 507 1830 31,
525 1800 573 1830 5ο.
598 1791 723 1822 rediens
738 1791 828 1830 quin-

197 1833 351 1873 quaginta
380 1833 483 1864 millia
513 1835 620 1874 pondo
646 1833 767 1874 argenti
797 1833 828 1864 in

196 1876 354 1907 aerarium
373 1877 445 1914 sert,
460 1881 492 1908 et
513 1878 553 1908 de
576 1877 735 1908 manubiis
750 1877 830 1907 duos

197 1918 334 1950 fornices
348 1920 424 1950 facit
441 1928 493 1958 33,
510 1929 558 1959 27.
589 1920 711 1959 legatus
727 1929 776 1958 35.

155 1960 194 1994 L.
207 1961 389 2000 Stertinius,
411 1967 571 2002 quaestor,
593 1973 666 1994 cum
690 1962 828 1993 muneri-

197 2005 257 2036 bus
279 2005 418 2036 mittitur
438 2006 480 2036 ad
502 2005 714 2046 Misagenem,
730 2005 828 2036 Masi-

197 2047 302 2079 nissae
317 2048 420 2078 filium
437 2057 489 2087 45,
509 2059 555 2086 14.

154 2090 295 2129 Stimon,
310 2090 469 2130 oppidum
487 2100 539 2131 32,
559 2101 606 2131 14.

155 2133 315 2165 Stimulae
331 2134 423 2164 lucus
439 2143 490 2175 39,
512 2144 558 2165 12.

154 2175 362 2216 Stipendium
379 2177 420 2208 de
438 2177 570 2217 publico
585 2178 714 2216 quando
737 2177 829 2208 miles

197 2218 338 2259 primum
369 2220 530 2260 acceperit
561 2232 592 2258 4,
617 2229 666 2261 59.
698 2221 828 2259 quando

197 2271 296 2302 eques
315 2270 345 2301 5,
362 2271 390 2303 7.
413 2263 610 2302 stipendium
627 2273 784 2299 annuum,
797 2267 829 2294 ct

197 2304 295 2335 trium
316 2305 476 2336 mensium
492 2307 690 2337 frumentum
707 2306 825 2346 accipit

198 2347 357 2378 exercitus
379 2348 475 2379 Rom.
491 2359 511 2379 a
527 2349 725 2379 Samnitibus
746 2359 825 2379 mer-

198 2390 309 2421 cedem
323 2390 519 2421 indutiarum
536 2392 567 2428 8,
582 2401 608 2422 2.
632 2391 828 2431 stipendium

196 2432 383 2473 impositum
399 2433 718 2473 Carthaginiensibus
735 2444 786 2472 21,
803 2444 827 2466 1.

156 2476 247 2508 Stobi
273 2476 436 2507 Paeoniae
457 2485 510 2514 33,
535 2486 580 2524 ¹9·
607 2485 658 2515 45,
680 2486 729 2517 29.
758 2478 829 2508 Sto-

198 2519 256 2550 bos
271 2519 447 2550 exercitum
460 2519 575 2550 indicit
595 2519 768 2559 Philippus
778 2529 830 2558 4ο,

200 2571 249 2594 21.
275 2561 362 2593 haud
385 2562 496 2602 procul
519 2562 626 2593 Stobis
647 2572 762 2592 noram
781 2572 828 2592 ur-

198 2604 301 2647 bem„
316 2604 480 2642 Perseida,
510 2605 619 2636 condit
658 2605 830 2645 Philippus

201 2656 219 2686 3
242 2670 252 2685 s
267 2655 284 2686 5
309 2671 318 2679 ·

157 2656 325 2729 Stm9gu12e
336 2690 433 2722 vestis
446 2691 603 2731 pretiosae
614 2701 689 2722 usus
698 2691 827 2730 quand«,

202 2731 339 2772 primum
357 2733 484 2765 Romae
499 2734 641 2774 coeperit
657 2743 709 2775 39,
725 2732 754 2764 6.

158 2775 359 2815 Strategema
383 2775 553 2808 Gallorum
582 2786 632 2816 23,
657 2786 705 2815 24.
740 2776 828 2806 llan-

200 2817 317 2849 nibalis
334 2826 385 2855 21,
402 2826 452 2857 27.
478 2828 528 2857 22,
547 2818 583 2850 16
596 2824 628 2850 et
649 2828 695 2858 17.
722 2819 828 2849 Phile-

200 2859 287 2892 meni
304 2859 472 2900 proditoris
486 2870 537 2901 25,
552 2872 581 2903 9.
608 2862 829 2902 Polyxenidae

201 2911 253 2943 37,
273 2903 322 2935 28.
347 2903 395 2934 M.
407 2903 512 2935 Porcii
533 2904 668 2937 Catonis
687 2915 750 2936 cos.
774 2913 825 2943 34,

916 263 952 284 12
970 257 1004 285 et
1020 263 1067 293 13.
1091 255 1131 287 T.
1142 255 1291 292 Quinctii
1304 267 1366 289 cos.
1384 267 1415 297 2,
1430 257 1481 297 64.
1505 259 1544 292 C.

914 295 1051 336 Sulpicii
1068 297 1233 329 dictatoris
1250 305 1281 337 7,
1299 308 1346 337 14.

872 337 1022 376 Stratius,
1039 340 1195 378 medicus,
1210 341 1446 381 speculaturus,
1461 353 1545 383 quae

911 380 953 410 ab
980 381 1093 412 Attalo
1119 386 1301 422 agerentur,
1326 385 1367 415 ab
1396 385 1545 418 Eumene

913 422 1053 453 mittitur
1076 425 1217 456 Romam
1241 433 1293 464 45,
1319 435 1367 466 19.
1394 428 1544 467 sapienti-

914 465 974 496 bus
992 466 1125 497 monitis
1146 477 1261 507 pravas
1280 469 1385 499 Attali
1406 479 1479 509 spes
1495 481 1545 502 ca-

911 507 1018 548 stigat,
1033 508 1110 539 ibid.

871 549 1082 590 Stratonicea,
1097 552 1173 582 urbs
1183 551 1298 584 Cariae
1309 560 1362 592 33,
1377 553 1425 585 18.
1449 554 1545 585 datur

914 593 1055 624 Rhodiis
1071 603 1122 633 30.

871 635 1122 668 Stratonicensis
1137 647 1212 678 ager
1227 646 1278 677 33,
1299 637 1347 668 18.

872 678 1073 710 Stratonidas
1082 679 1205 711 Thebis
1214 679 1353 721 perfugit
1363 680 1546 722 Tanagram

915 730 932 760 3
958 745 967 759 ,
985 722 1033 754 28.

872 731 1009 803 Staius,
1030 766 1104 797 urbs
1123 765 1272 798 Aetoliae
1294 764 1346 806 36,
1372 775 1419 799 11.
1448 767 1500 806 38,
1516 778 1546 806 4.

915 817 967 846 43⁵
985 816 1033 846 ²3·

873 850 1014 890 Strymo,
1030 849 1148 893 fluvius
1164 862 1216 889 44,
1232 861 1273 889 44
1287 855 1320 882 et
1336 858 1386 891 45.
1411 860 1464 892 45,
1481 863 1532 894 29.

874 892 1011 924 Stubera
1027 903 1078 933 31.
1095 903 1144 935 39.
1170 903 1222 933 43,
1239 903 1290 932 2ο,
1308 904 1357 926 22.

873 935 993 975 Stupra
1013 936 1045 966 in
1068 936 1330 967 Bacchanalibus
1348 947 1407 977 per
1429 937 1493 968 vim
1509 937 1546 968 il·

916 979 994 1016 lata,
1009 979 1154 1019 adhibito
1176 980 1398 1019 cymbalorum
1415 984 1446 1011 et
1463 985 1545 1021 tym-

916 1031 1073 1060 panorum
1096 1022 1204 1061 pulsu,
1219 1032 1260 1052 ne
1282 1032 1343 1053 vox
1365 1023 1548 1062 quiritantis

916 1064 1060 1095 exaudiri
1077 1069 1183 1105 posset
1200 1073 1252 1106 39,
1267 1074 1314 1096 10.
1338 1069 1449 1106 stupra
1465 1066 1546 1097 viro-

915 1117 986 1137 rum
1008 1107 1092 1138 inter
1114 1118 1147 1138 se
1168 1107 1273 1147 plura,
1294 1118 1391 1148 quam
1411 1109 1546 1140 femina-

913 1159 985 1180 rum
1002 1159 1054 1191 39,
1074 1159 1120 1189 13.

872 1191 1078 1232 Stymphalia
1093 1197 1177 1223 terra
1192 1201 1244 1232 33,
1263 1202 1310 1233 14.

872 1233 1073 1274 Stymphalis
1088 1244 1141 1275 45,
1157 1245 1207 1275 3ο.

874 1276 1088 1309 Subcenturio
1124 1279 1220 1310 Rom.
1257 1278 1357 1310 vincit
1389 1279 1545 1311 Latinum

917 1320 1137 1351 centurionem
1154 1321 1185 1358 8,
1201 1322 1230 1352 8.

874 1362 1089 1394 Subertanum
1106 1363 1210 1394 forum
1229 1362 1280 1401 26,
1297 1373 1346 1402 23.

874 1405 1008 1443 Subota,
1032 1406 1150 1444 insula,
1173 1406 1343 1438 interiecta
1367 1406 1490 1439 Elaeae
1515 1412 1547 1439 et

914 1448 1002 1479 Atho
1019 1459 1072 1488 44,
1089 1449 1138 1480 28.

872 1491 1010 1529 Subura,
1026 1491 1112 1532 regio
1128 1491 1214 1522 urbis
1230 1491 1358 1523 Romae
1374 1501 1405 1532 3,
1425 1501 1472 1533 13.

873 1534 985 1572 Sucro,
1001 1534 1157 1574 oppidum
1177 1535 1228 1572 28,
1245 1544 1295 1573 24.

874 1576 1026 1615 Sudibus,
1042 1580 1073 1607 et
1095 1577 1190 1614 saxis,
1206 1580 1238 1607 et
1261 1577 1347 1608 omni
1368 1588 1484 1617 genere
1500 1582 1545 1610 te-

917 1619 1019 1650 lorum
1033 1620 1264 1650 submoventur
1275 1630 1294 1650 a
1307 1620 1392 1651 vallo
1405 1620 1545 1653 hostium

917 1662 1059 1693 Romani
1077 1671 1128 1701 34,
1150 1671 1195 1701 15.

873 1705 988 1737 Suessa
1016 1705 1176 1743 Pometia,
1198 1706 1273 1736 urbs
1296 1705 1491 1737 Volscorum
1519 1717 1546 1745 1,

915 1758 966 1786 41.
991 1748 1020 1778 vi
1033 1749 1160 1789 capitur
1174 1758 1194 1778 a
1210 1748 1387 1788 Tarquinio
1400 1749 1545 1789 Superbo

916 1800 966 1830 53·

873 1833 987 1865 Suessa
1004 1834 1156 1864 Aurunca
1172 1835 1203 1872 8,
1223 1842 1269 1873 15.
1295 1845 1332 1865 eo
1349 1834 1476 1866 colonia
1491 1836 1545 1866 de-

915 1877 1013 1907 ducta
1033 1887 1065 1918 9,
1088 1877 1136 1907 28.
1167 1882 1261 1917 negat
1283 1878 1469 1908 consulibus
1488 1878 1545 1908 mi-

917 1919 989 1950 lites
1009 1924 1040 1950 et
1059 1920 1228 1959 pecuniam
1253 1928 1303 1959 27,
1318 1931 1348 1961 9.
1372 1921 1412 1951 de
1434 1920 1495 1952 hac
1512 1931 1545 1952 re

915 1963 1229 1993 senatusconsultum
1249 1972 1298 2004 29,
1319 1972 1365 2002 15.

874 2005 1069 2043 Suessetani,
1088 2005 1267 2045 Hispaniae
1277 2006 1418 2045 populus
1431 2015 1482 2046 25,
1494 2015 1545 2046 34.

915 2048 1070 2079 deficiunt
1095 2049 1135 2079 ad
1161 2049 1326 2079 Romanos
1345 2058 1396 2088 34,
1422 2059 1470 2080 2ο.
1507 2050 1546 2080 iis

916 2101 1011 2130 opem
1028 2092 1133 2122 ferunt
1157 2091 1188 2121 in
1209 2092 1425 2131 expugnando
1447 2092 1545 2123 Lace

914 2138 1073 2165 tanorum-
1090 2134 1222 2173 oppido,
1247 2134 1322 2165 ibid.
1361 2134 1392 2165 in
1416 2134 1544 2166 Suesse-

914 2177 998 2207 tanis
1017 2178 1055 2208 A.
1070 2176 1240 2208 Terentius
1261 2177 1417 2217 oppidum
1434 2177 1546 2209 Corbi-

915 2230 1009 2250 onem
1023 2225 1187 2259 expugnat
1206 2229 1257 2261 39,
1274 2230 1323 2258 42.

873 2263 1101 2293 Suessetanum
1161 2272 1272 2301 agrum
1328 2263 1546 2304 depopulatur

914 2305 1113 2336 Mandonius
1130 2306 1182 2343 28,
1202 2315 1250 2343 24.

871 2348 1036 2386 Suessula,
1056 2349 1130 2378 urbs
1154 2357 1181 2387 7,
1203 2357 1252 2387 37.
1287 2357 1340 2387 23,
1364 2358 1411 2386 14,
1437 2356 1485 2388 17,
1506 2358 1544 2388 32

915 2396 946 2421 et
964 2400 1013 2432 39.
1040 2400 1090 2429 24,
1107 2389 1156 2428 46.
1184 2400 1234 2429 25,
1254 2400 1268 2430 7
1285 2395 1317 2421 et
1336 2401 1383 2422 22.
1409 2393 1461 2429 28,
1477 2402 1506 2433 9.

873 2433 1075 2465 Suessulanis
1090 2433 1203 2464 civitas
1218 2433 1286 2464 sine
1304 2434 1454 2474 suffragio
1470 2435 1546 2465 data

916 2478 947 2511 8,
968 2486 1013 2514 14.
1031 2477 1071 2507 cf.
1087 2480 1119 2507 et
1139 2485 1167 2516 7,
1185 2479 1233 2515 3⁸.

873 2520 1023 2557 Sufl'etes,
1038 2529 1183 2550 summus
1198 2519 1286 2558 apud
1306 2519 1432 2549 Poenos
1448 2519 1544 2559 inagi-

915 2566 1033 2593 stratus
1051 2563 1100 2600 28,
1117 2570 1166 2600 37.
1191 2570 1243 2600 30,
1263 2570 1288 2601 7.
1312 2570 1363 2599 34,
1380 2560 1430 2592 61.

873 2605 1031 2645 Suffragia
1047 2605 1208 2645 quomodo
1226 2604 1352 2634 Romae
1369 2604 1435 2634 lata
1456 2613 1481 2641 1,
1494 2613 1544 2642 43.

916 2648 977 2679 vid.
993 2652 1146 2686 et10,13
1163 2651 1195 2677 et
1216 2656 1262 2678 21.
1291 2655 1339 2684 24,
1359 2654 1373 2685 7
1391 2651 1421 2676 et
1439 2658 1467 2687 9.
1496 2656 1544 2685 25,

914 2698 943 2729 3.
968 2699 1081 2729 40,51.
1105 2688 1244 2729 suffragii
1263 2689 1414 2719 lationem
1430 2689 1543 2728 irnper-

915 2733 979 2772 tiri,
1004 2732 1116 2773 populi
1147 2737 1226 2769 erat,
1253 2742 1315 2762 non
1342 2737 1470 2762 senatun
1493 2733 1545 2769 38,

916 2774 966 2814 36.
983 2775 1122 2815 suffragii
1137 2775 1213 2805 intio
1225 2785 1280 2814 per
1290 2785 1435 2805 censores
1444 2773 1545 2804 adimi

915 2828 979 2850 non
996 2823 1100 2859 potest
1118 2817 1237 2848 iniussu
1255 2817 1365 2857 populi
1384 2825 1434 2854 45,
1455 2825 1501 2854 15.

873 2860 1045 2901 Suggestus
1058 2861 1090 2891 in
1103 2861 1170 2891 soro
1190 2861 1283 2891 Rom.
1294 2860 1468 2890 adornatus
1482 2868 1542 2888 ros-

915 2904 972 2936 tris
987 2903 1116 2935 nuvium
1136 2902 1304 2934 Antiatum
1321 2903 1353 2938 8,
1373 2910 1418 2939 14.
