1888 3194
552 225 678 267 LIB.
712 224 832 266 XLI.
876 224 1022 267 CAP.
1060 229 1125 267 18.
1476 230 1527 269 21

141 319 359 385 gistratum
394 316 616 372 occiperet,
649 315 803 357 creavit
842 314 892 356 C.
917 314 1134 356 Valerium
1166 314 1411 357 Laevinum.
1473 315 1528 366 Is,
1545 325 1590 359 U.
1605 325 1644 358 C.
1667 326 1739 366 576.

108 377 222 423 9iam
257 374 332 415 dju
361 373 539 430 cupidus
568 373 821 430 provinciae,
853 387 985 429 quum
1015 381 1276 429 opportunae
1309 370 1583 429 cupiditatiA-
1604 369 1644 401 (3·
1669 368 1738 409 ¹76·

138 433 228 474 eius
243 431 386 473 literae
409 431 555 473 allatae
577 439 727 480 essent,
750 431 928 487 Ligures
948 430 1180 496 rebellasse,
1199 430 1337 472 Nonis
1361 430 1530 472 Sextili-

111 505 124 527 1
139 490 215 531 bus
235 489 468 546 paludatus,
490 489 620 530 literis
647 488 813 538 auditis,
837 488 1040 530 tumultus
1061 489 1150 530 eius
1171 503 1294 530 causa
1320 488 1527 545 legionem

138 547 303 590 tertiam
325 547 379 588 ad
409 546 459 588 C.
481 546 710 588 Claudium
730 545 1054 603 pr‘oconsulem
1043 562 1088 587 1n
1111 545 1295 588 Galliam
1322 545 1529 603 proficisci

137 605 282 654 iussit;
315 614 358 646 et
385 604 627 646 duumviros
654 603 819 645 navales
840 619 937 645 cum
965 604 1092 646 classe
1120 603 1268 646 Pisas
1257 619 1330 654 1re,
1353 604 1426 660 qui
1455 604 1530 645 Li-

136 678 289 719 gurum
329 677 456 712 oram,
494 662 750 703 maritimum
791 677 961 718 quoque
1002 671 1201 703 terrorem
1242 661 1526 712 admoventes,

137 720 569 762 circumvectarentur.
633 720 796 761 Eodem
817 728 860 761 et
892 720 945 768 Q.
964 719 1158 761 Petillius
1178 719 1324 761 consul
1345 719 1399 761 ad
1426 735 1529 761 con-

136 778 393 820 veniendum
413 778 617 820 exercitui
645 778 757 819 diem
786 777 986 819 edixerat.
1049 776 1108 819 Et
1129 776 1179 819 C.
1201 777 1404 820 Claudius
1431 793 1528 835 pro-

136 835 295 887 consul,
317 835 460 878 audita
479 835 706 878 rebellione
728 835 948 892 Ligurum,
970 843 1137 892 praeter
1156 850 1226 877 eas
1246 836 1400 892 copias,
1423 851 1527 892 quas

136 908 279 936 secum
304 894 480 935 Parmae
507 893 700 944 habebat,
721 893 931 935 subitariis
957 893 1144 935 collectis
1169 893 1384 944 militibus,
1407 908 1528 936 exer-

137 952 268 994 citum
296 951 350 993 ad
376 952 481 994 fines
512 951 718 1008 Ligurum
745 951 942 993 admovit.
1005 950 1161 993 Hostes
1190 951 1268 993 sub
1297 951 1527 994 adventum
1607 959 1672 998 18.

139 1008 190 1051 C.
208 1009 390 1059 Claudii,
408 1025 433 1051 a
448 1025 533 1066 quo
548 1009 656 1051 duce
677 1024 720 1050 se
737 1009 1015 1051 meminerant
1029 1024 1166 1066 nuper
1180 1009 1235 1051 ad
1253 1008 1527 1051 Scultennam
1540 1014 1631 1046 Res
1622 1024 1655 1045 m
1672 1013 1726 1046 Li-

134 1067 293 1109 flumen
313 1067 445 1108 victos
464 1067 726 1123 fugatosque,
744 1066 931 1108 locorum
953 1067 1084 1123 magis
1104 1066 1310 1123 praesidio
1331 1067 1528 1109 adversus
1538 1057 1630 1132 {¹:5³³
1643 1067 1710 1098 ges-

134 1124 358 1166 infeliciter
387 1134 604 1181 expertam
634 1124 732 1174 vim,
764 1139 891 1180 quam
922 1125 1059 1174 armis,
1088 1139 1131 1165 se
1162 1124 1389 1190 defensuri,
1422 1125 1528 1167 duos
1596 1125 1604 1132 “

135 1193 299 1224 montes
320 1182 476 1224 Letum
498 1192 540 1224 et
562 1182 761 1223 Balistam
782 1190 993 1238 ceperant,
1016 1197 1221 1238 muroque
1243 1183 1414 1239 insuper
1442 1198 1530 1225 am-

134 1239 260 1298 plexi.
323 1240 503 1282 Tardius
524 1255 578 1282 ex
605 1240 713 1297 agris
740 1239 1022 1296 demigrantes
1049 1240 1236 1296 oppressi
1267 1240 1321 1281 ad
1352 1240 1465 1282 mille
1487 1249 1531 1282 et

135 1298 357 1355 quingenti
384 1298 612 1355 perierunt.
677 1296 821 1339 Ceteri
849 1297 1062 1340 montibus
1089 1313 1133 1339 se
1162 1299 1375 1349 tenebant,
1397 1307 1453 1349 et,
1475 1314 1529 1340 ne

134 1356 180 1398 in
201 1365 318 1398 metu
338 1356 511 1413 quidem
532 1356 706 1398 feritatis
734 1355 946 1412 ingenitae
975 1355 1106 1406 obliti,
1129 1356 1320 1398 saeviunt
1339 1356 1385 1397 in
1405 1371 1530 1413 prae-

135 1414 246 1465 dam,
269 1430 376 1471 quae
400 1414 594 1456 Mutinae
622 1422 742 1471 parta
768 1423 868 1455 erat.
934 1413 1136 1470 Captivos
1156 1429 1253 1455 eum
1277 1414 1402 1456 foeda
1422 1414 1531 1456 lace—

134 1473 295 1514 ratione
312 1472 593 1514 interficiunt:
627 1487 779 1529 pecora
792 1472 836 1512 in
856 1471 963 1513 fanis
980 1471 1192 1514 trucidant
1207 1472 1345 1515 verius
1361 1473 1528 1529 passim,

135 1545 263 1587 quam
283 1531 362 1572 rite
383 1531 628 1572 sacrificant.
694 1530 840 1572 Satiati
861 1529 990 1572 caede
1017 1530 1311 1581 animantium,
1333 1546 1443 1587 quae
1465 1531 1531 1573 in-

104 1588 277 1630 zanima
303 1598 434 1639 erant,
462 1589 691 1645 parietibus
716 1588 920 1644 affligunt,
948 1603 1045 1629 vasa
1074 1588 1210 1630 omnis
1239 1589 1405 1645 generis
1435 1589 1530 1631 usui

106 1646 280 1702 3magis,
314 1661 439 1702 quam
477 1657 723 1688 ornamento
759 1647 804 1687 in
838 1646 1035 1703 speciem,
1071 1646 1191 1688 facta.
1258 1646 1310 1695 Q.
1335 1646 1530 1689 Petillius

136 1703 295 1754 consul,
318 1719 371 1745 ne
399 1704 569 1746 absente
598 1719 641 1745 se
667 1703 958 1753 debellaretur,
981 1703 1121 1745 literas
1148 1704 1202 1746 ad
1227 1704 1276 1746 C.
1299 1703 1531 1747 Claudium

136 1762 262 1811 misit,
293 1770 341 1803 ut
370 1776 467 1803 cum
497 1762 685 1803 exercitu
715 1761 768 1802 ad
795 1776 837 1802 se
866 1762 910 1802 in
941 1760 1124 1802 Galliam
1154 1762 1339 1804 veniret:
1373 1763 1532 1820 campis

139 1819 296 1861 Macris
316 1835 359 1860 se
387 1834 484 1860 eum
507 1828 858 1876 exspectaturum.
920 1818 1075 1860 Literis
1102 1820 1297 1876 acceptis,
1323 1819 1531 1862 Claudius

137 1892 190 1918 ex
213 1877 440 1931 Liguribus
461 1888 591 1918 castra
608 1877 751 1926 movit,
769 1877 1086 1933 exercitumque
1103 1877 1157 1919 ad
1172 1892 1341 1952 campos
1362 1877 1531 1920 Macros

137 1935 298 1977 consuli
330 1934 512 1975 tradidit.
577 1934 740 1975 Eodem
771 1949 914 1990 paucis
944 1944 1039 2000 post
1073 1934 1223 1976 diebus
1261 1936 1311 1977 (μ.
1335 1935 1532 1978 Valerius

136 1992 282 2034 consul
309 1992 413 2034 alter
433 1993 559 2034 venit.
624 1991 701 2042 Ibi,
724 1992 866 2033 divisis
897 1992 1041 2057 copiis,
1063 1993 1307 2049 priusquam
1335 1993 1531 2050 digrede-

136 2060 293 2100 rentur,
330 2051 610 2092 communiter
650 2050 773 2091 ambo
813 2050 1022 2092 exercitus
1061 2050 1354 2093 lustraverunt.
1380 2028 1530 2093 DTum

136 2117 283 2158 so1t1t1,
306 2108 405 2165 quia
426 2124 511 2149 non
539 2109 591 2150 ab
612 2108 757 2150 eadem
788 2118 1013 2165 unumque
1035 2117 1151 2165 parte
1174 2108 1345 2175 aggredi
1366 2109 1530 2152 hostem

136 2166 338 2223 placebat,
361 2167 552 2222 regiones
580 2182 682 2223 quas
703 2176 908 2223 peterent.
972 2165 1188 2208 Valerium
1209 2182 1283 2208 aus
1316 2167 1424 2210 icato
1444 2183 1530 2210 sor-

138 2224 258 2266 titum
281 2225 509 2275 constabat,
527 2225 672 2281 quod
663 2240 705 2265 in
729 2224 885 2280 templo
905 2224 1072 2266 fuisset:
1107 2225 1151 2266 in
1173 2225 1313 2267 Petil
1304 2241 1344 2268 lo
1365 2225 1408 2267 id
1428 2226 1531 2268 vitio

175 2346 194 2378 9
210 2338 357 2377 Cupidus
364 2338 568 2378 provinciae]
589 2337 712 2368 Rerum
723 2337 810 2367 bello

136 2380 359 2420 gerendarum,
372 2380 438 2411 sive
451 2380 626 2410 occisionis
638 2380 669 2410 in
685 2379 809 2420 proxin-

138 2423 219 2453 ciam
237 2433 276 2453 ex
293 2424 370 2454 urbe
388 2422 622 2463 proficiscendi,
637 2423 661 2453 si
679 2423 810 2463 quando

137 2466 247 2497 consul
265 2470 356 2497 esset.

185 2518 195 2538 1
223 2510 420 2546 I’almlalus,
435 2510 537 2540 literis
552 2510 690 2547 malitis]
718 2509 812 2539 llaec

138 2550 288 2582 videntur
302 2552 432 2589 narrari,
448 2557 601 2591 tanquam
624 2556 813 2591 argumenta

136 2594 225 2625 illius
240 2594 437 2634 cupiditatis,
450 2605 546 2634 qnam
564 2595 594 2625 in
613 2595 745 2625 consule
758 2605 812 2624 no-

138 2637 217 2668 tavit
236 2637 354 2668 Livius.
403 2638 453 2668 Ex
475 2642 542 2668 tota
564 2637 647 2668 eni1n
671 2637 811 2677 superin-

138 2690 206 2710 rum
225 2685 408 2721 temporum
427 2681 557 2710 historia
577 2680 684 2719 colligi
708 2685 811 2720 potest

138 2724 287 2754 consules
318 2734 379 2753 non
411 2728 486 2754 ante
519 2724 749 2763 paludamenta
780 2723 811 2753 in

139 2767 217 2796 urbe
232 2766 416 2806 sumpsisse,
431 2777 527 2806 quarn
545 2768 585 2796 ud
604 2767 723 2797 bellum
743 2777 811 2806 pro-

140 2809 367 2840 ficiscerentur.
407 2811 449 2840 At
467 2809 530 2845 hic,
546 2810 712 2849 aliquanto
725 2815 813 2839 unte-

141 2861 236 2890 quaun
251 2858 344 2882 exeat
357 2852 387 2882 in
403 2852 611 2891 provinciam,
624 2853 812 2891 paludatum

142 2904 207 2925 sese
223 2900 375 2931 ostentat,
392 2896 566 2935 paludatus
585 2895 675 2925 :uniit
698 2895 815 2932 litenis,

144 2947 222 2975 quas
242 2937 392 2968 niiniruin
412 2939 459 2969 vel
482 2938 511 2968 in
532 2938 698 2974 concione,
717 2939 764 2969 vel
784 2939 814 2968 in

855 2341 968 2368 senatu
986 2337 1111 2368 recitari
1128 2338 1273 2370 iusserat.
1312 2338 1407 2370 Haec
1423 2338 1532 2370 omnia

855 2390 893 2411 eo
916 2382 1120 2420 spectabant,
1141 2385 1175 2412 ut
1200 2391 1267 2412 rem
1293 2381 1325 2412 in
1349 2382 1453 2413 maius
1476 2393 1531 2413 au—

854 2428 954 2463 geret,
970 2434 1020 2462 ac,
1037 2424 1309 2463 quemadmodum
1330 2424 1362 2455 in
1386 2426 1531 2456 tumultu

855 2466 1019 2497 civitatem
1045 2478 1119 2507 saga
1143 2477 1269 2498 sumere
1294 2477 1364 2499 mos
1388 2473 1467 2506 erat,
1486 2468 1530 2499 sic

856 2509 925 2549 ipse
947 2510 1058 2540 consul
1078 2520 1177 2549 quum
1200 2510 1374 2550 paludatus
1396 2511 1428 2541 in
1452 2512 1531 2542 urhe

859 2557 1044 2590 versaretur,
1061 2552 1278 2592 impendentis
1297 2553 1434 2584 alicuius
1451 2554 1531 2594 peri—

857 2595 921 2626 culi
938 2595 1079 2635 speciem
1098 2596 1254 2635 ingereret
1270 2596 1393 2628 animis.
1417 2598 1525 2629 Cremu

902 2647 917 2667 2
939 2640 1122 2669 Parietibus
1138 2640 1306 2679 affiiyunt]
1331 2639 1533 2680 Impingunt,

858 2684 891 2711 ut
928 2682 1068 2712 Crevier.
1107 2681 1346 2722 interpretatur.
1406 2684 1531 2713 Grono-

860 2724 970 2754 vianae
1008 2724 1165 2755 editiones
1201 2727 1340 2765 affiyunt
1379 2727 1531 2757 mendose

858 2767 1024 2798 exhibent.

902 2819 919 2848 3
945 2813 1049 2848 Quam
1086 2815 1272 2842 ornamento
1308 2813 1345 2842 in
1377 2813 1530 2852 ⁸*Just-iem]

862 2852 984 2883 Vocem
1013 2859 1209 2891 ornamento,
1236 2858 1272 2884 ut
1299 2865 1380 2894 qnae
1406 2867 1423 2885 e
1452 2865 1531 2884 nntr-

859 2895 932 2933 ginc
959 2895 987 2925 in
1014 2900 1138 2926 textum
1165 2896 1336 2936 irrepserit,
1352 2897 1533 2929 Crevierius

861 2939 1032 2970 delendam
1050 2946 1168 2970 censet.
