<?xml version="1.0" encoding="UTF-8"?>
<!DOCTYPE html PUBLIC "-//W3C//DTD XHTML 1.0 Transitional//EN"
    "http://www.w3.org/TR/xhtml1/DTD/xhtml1-transitional.dtd">
<html xmlns="http://www.w3.org/1999/xhtml" xml:lang="en" lang="en">
 <head>
  <title>
</title>
<meta http-equiv="Content-Type" content="text/html;charset=utf-8" />
  <meta name='ocr-system' content='tesseract 3.04.00' />
  <meta name='ocr-capabilities' content='ocr_page ocr_carea ocr_par ocr_line ocrx_word'/>
</head>
<body>
  <div class='ocr_page' id='page_1' title='image "./historiarumli04livyuoft/historiarumli04livyuoft_0221.png"; bbox 0 0 1888 3194; ppageno 0'>
   <div class='ocr_carea' id='block_1_1' title="bbox 541 182 1538 226">
    <p class='ocr_par' dir='ltr' id='par_1_1' title="bbox 541 182 1538 226">
     <span class='ocr_line' id='line_1_1' title="bbox 541 182 1538 226; baseline 0.002 -2"><span class='ocrx_word' id='word_1_1' title='bbox 541 182 669 224; x_wconf 93' lang='lat' dir='ltr'>LIB.</span> <span class='ocrx_word' id='word_1_2' title='bbox 707 182 849 224; x_wconf 92' lang='lat' dir='ltr'>XLV.</span> <span class='ocrx_word' id='word_1_3' title='bbox 897 182 1032 224; x_wconf 86' lang='lat' dir='ltr'>CAP.</span> <span class='ocrx_word' id='word_1_4' title='bbox 1067 186 1134 224; x_wconf 90' lang='lat'>38.</span> <span class='ocrx_word' id='word_1_5' title='bbox 1455 187 1538 226; x_wconf 88' lang='lat'>213</span> 
     </span>
    </p>
   </div>
   <div class='ocr_carea' id='block_1_2' title="bbox 110 271 1692 379">
    <p class='ocr_par' dir='ltr' id='par_1_2' title="bbox 110 271 1692 379">
     <span class='ocr_line' id='line_1_2' title="bbox 110 271 1692 328; baseline 0.001 -13"><span class='ocrx_word' id='word_1_6' title='bbox 110 275 156 315; x_wconf 88' lang='lat'>4‘</span> <span class='ocrx_word' id='word_1_7' title='bbox 172 276 350 322; x_wconf 86' lang='lat' dir='ltr'>“antea,</span> <span class='ocrx_word' id='word_1_8' title='bbox 372 271 520 321; x_wconf 86' lang='lat' dir='ltr'><strong>fecisti,</strong></span> <span class='ocrx_word' id='word_1_9' title='bbox 542 286 675 328; x_wconf 89' lang='lat' dir='ltr'>quum</span> <span class='ocrx_word' id='word_1_10' title='bbox 703 271 793 328; x_wconf 83' lang='lat' dir='ltr'>ipse</span> <span class='ocrx_word' id='word_1_11' title='bbox 823 271 1052 328; x_wconf 87' lang='lat' dir='ltr'>imperator</span> <span class='ocrx_word' id='word_1_12' title='bbox 1081 280 1124 313; x_wconf 89' lang='lat' dir='ltr'>et</span> <span class='ocrx_word' id='word_1_13' title='bbox 1157 280 1328 314; x_wconf 87' lang='lat' dir='ltr'>exactor</span> <span class='ocrx_word' id='word_1_14' title='bbox 1359 273 1538 315; x_wconf 89' lang='lat' dir='ltr'>circum·</span> <span class='ocrx_word' id='word_1_15' title='bbox 1553 283 1597 316; x_wconf 91' lang='lat' dir='ltr'>U.</span> <span class='ocrx_word' id='word_1_16' title='bbox 1614 284 1652 316; x_wconf 84' lang='lat' dir='ltr'>C.</span> <span class='ocrx_word' id='word_1_17' title='bbox 1675 294 1692 324; x_wconf 84' lang='lat'><strong><em>5</em></strong></span> 
     </span>
     <span class='ocr_line' id='line_1_3' title="bbox 143 327 1689 379; baseline 0.001 -8"><span class='ocrx_word' id='word_1_18' title='bbox 143 334 156 352; x_wconf 94' lang='lat'>‘</span> <span class='ocrx_word' id='word_1_19' title='bbox 173 329 319 379; x_wconf 83' lang='lat' dir='ltr'>“iret3</span> <span class='ocrx_word' id='word_1_20' title='bbox 352 328 502 371; x_wconf 90' lang='lat' dir='ltr'>eodem</span> <span class='ocrx_word' id='word_1_21' title='bbox 531 328 600 370; x_wconf 86' lang='lat' dir='ltr'>die</span> <span class='ocrx_word' id='word_1_22' title='bbox 628 337 672 370; x_wconf 89' lang='lat' dir='ltr'>et</span> <span class='ocrx_word' id='word_1_23' title='bbox 698 329 779 370; x_wconf 91' lang='lat' dir='ltr'>iter</span> <span class='ocrx_word' id='word_1_24' title='bbox 807 328 956 379; x_wconf 87' lang='lat' dir='ltr'><strong>fecisti,</strong></span> <span class='ocrx_word' id='word_1_25' title='bbox 988 337 1031 371; x_wconf 87' lang='lat' dir='ltr'>et</span> <span class='ocrx_word' id='word_1_26' title='bbox 1058 329 1103 370; x_wconf 91' lang='lat' dir='ltr'>in</span> <span class='ocrx_word' id='word_1_27' title='bbox 1131 329 1265 371; x_wconf 85' lang='lat' dir='ltr'>aciem</span> <span class='ocrx_word' id='word_1_28' title='bbox 1298 344 1353 371; x_wconf 82' lang='lat' dir='ltr'>ex</span> <span class='ocrx_word' id='word_1_29' title='bbox 1384 330 1534 372; x_wconf 90' lang='lat' dir='ltr'>itinere</span> <span class='ocrx_word' id='word_1_30' title='bbox 1550 327 1590 358; x_wconf 84' lang='lat' dir='ltr'>A.</span> <span class='ocrx_word' id='word_1_31' title='bbox 1614 327 1652 360; x_wconf 77' lang='lat' dir='ltr'>C·-</span> <span class='ocrx_word' id='word_1_32' title='bbox 1678 337 1689 358; x_wconf 87' lang='lat'><em>¹</em></span> 
     </span>
    </p>
   </div>
   <div class='ocr_carea' id='block_1_3' title="bbox 104 385 1537 2166">
    <p class='ocr_par' dir='ltr' id='par_1_3' title="bbox 104 385 1537 1534">
     <span class='ocr_line' id='line_1_4' title="bbox 142 385 1536 443; baseline 0.001 -16"><span class='ocrx_word' id='word_1_33' title='bbox 142 390 156 410; x_wconf 92' lang='lat'>‘</span> <span class='ocrx_word' id='word_1_34' title='bbox 172 386 366 428; x_wconf 88' lang='lat' dir='ltr'>“ductus</span> <span class='ocrx_word' id='word_1_35' title='bbox 393 400 448 427; x_wconf 90' lang='lat' dir='ltr'>es.</span> <span class='ocrx_word' id='word_1_36' title='bbox 511 385 582 427; x_wconf 90' lang='lat' dir='ltr'>Ne</span> <span class='ocrx_word' id='word_1_37' title='bbox 602 386 805 428; x_wconf 89' lang='lat' dir='ltr'>victorem</span> <span class='ocrx_word' id='word_1_38' title='bbox 826 386 1000 442; x_wconf 90' lang='lat' dir='ltr'>quidem</span> <span class='ocrx_word' id='word_1_39' title='bbox 1029 395 1069 428; x_wconf 90' lang='lat' dir='ltr'>te</span> <span class='ocrx_word' id='word_1_40' title='bbox 1099 387 1365 443; x_wconf 82' lang='lat' dir='ltr'>acquiescere</span> <span class='ocrx_word' id='word_1_41' title='bbox 1392 402 1536 443; x_wconf 89' lang='lat' dir='ltr'>passus</span> 
     </span>
     <span class='ocr_line' id='line_1_5' title="bbox 141 443 1534 500; baseline 0.001 -16"><span class='ocrx_word' id='word_1_42' title='bbox 141 447 155 466; x_wconf 94' lang='lat'>‘</span> <span class='ocrx_word' id='word_1_43' title='bbox 171 447 199 468; x_wconf 92' lang='lat'><strong>“</strong></span> <span class='ocrx_word' id='word_1_44' title='bbox 213 451 302 484; x_wconf 84' lang='lat' dir='ltr'>est:</span> <span class='ocrx_word' id='word_1_45' title='bbox 335 443 475 484; x_wconf 88' lang='lat' dir='ltr'>statim</span> <span class='ocrx_word' id='word_1_46' title='bbox 509 443 563 484; x_wconf 88' lang='lat' dir='ltr'>ad</span> <span class='ocrx_word' id='word_1_47' title='bbox 594 443 909 500; x_wconf 90' lang='lat' dir='ltr'>persequendos</span> <span class='ocrx_word' id='word_1_48' title='bbox 942 443 1081 485; x_wconf 89' lang='lat' dir='ltr'>hostes</span> <span class='ocrx_word' id='word_1_49' title='bbox 1113 444 1248 485; x_wconf 84' lang='lat' dir='ltr'>duxit.</span> <span class='ocrx_word' id='word_1_50' title='bbox 1315 443 1460 492; x_wconf 85' lang='lat' dir='ltr'>Quum</span> <span class='ocrx_word' id='word_1_51' title='bbox 1494 454 1534 486; x_wconf 91' lang='lat' dir='ltr'>te</span> 
     </span>
     <span class='ocr_line' id='line_1_6' title="bbox 139 500 1536 558; baseline 0.001 -17"><span class='ocrx_word' id='word_1_52' title='bbox 139 504 198 524; x_wconf 91' lang='lat'>“‘</span> <span class='ocrx_word' id='word_1_53' title='bbox 210 500 367 557; x_wconf 86' lang='lat' dir='ltr'>praeda</span> <span class='ocrx_word' id='word_1_54' title='bbox 401 500 622 557; x_wconf 88' lang='lat' dir='ltr'>partienda</span> <span class='ocrx_word' id='word_1_55' title='bbox 660 500 915 558; x_wconf 84' lang='lat' dir='ltr'>locupletem</span> <span class='ocrx_word' id='word_1_56' title='bbox 950 501 1086 543; x_wconf 84' lang='lat' dir='ltr'>facere</span> <span class='ocrx_word' id='word_1_57' title='bbox 1120 510 1274 558; x_wconf 91' lang='lat' dir='ltr'>posset,</span> <span class='ocrx_word' id='word_1_58' title='bbox 1311 502 1536 558; x_wconf 89' lang='lat' dir='ltr'>pecuniam</span> 
     </span>
     <span class='ocr_line' id='line_1_7' title="bbox 139 558 1536 615; baseline 0.001 -16"><span class='ocrx_word' id='word_1_59' title='bbox 139 561 153 580; x_wconf 93' lang='lat'>‘</span> <span class='ocrx_word' id='word_1_60' title='bbox 169 558 370 614; x_wconf 89' lang='lat' dir='ltr'>“regiam</span> <span class='ocrx_word' id='word_1_61' title='bbox 406 558 681 600; x_wconf 86' lang='lat' dir='ltr'><strong>translaturus</strong></span> <span class='ocrx_word' id='word_1_62' title='bbox 720 559 765 599; x_wconf 91' lang='lat' dir='ltr'>in</span> <span class='ocrx_word' id='word_1_63' title='bbox 806 558 1021 615; x_wconf 90' lang='lat' dir='ltr'>triumpho</span> <span class='ocrx_word' id='word_1_64' title='bbox 1061 567 1137 608; x_wconf 87' lang='lat' dir='ltr'>est,</span> <span class='ocrx_word' id='word_1_65' title='bbox 1171 568 1214 600; x_wconf 91' lang='lat' dir='ltr'>et</span> <span class='ocrx_word' id='word_1_66' title='bbox 1249 559 1293 600; x_wconf 89' lang='lat' dir='ltr'>in</span> <span class='ocrx_word' id='word_1_67' title='bbox 1329 559 1536 600; x_wconf 88' lang='lat' dir='ltr'>aerarium</span> 
     </span>
     <span class='ocr_line' id='line_1_8' title="bbox 138 614 1536 658; baseline 0.001 -2"><span class='ocrx_word' id='word_1_68' title='bbox 138 614 407 657; x_wconf 89' lang='lat' dir='ltr'>“‘laturus.”</span> <span class='ocrx_word' id='word_1_69' title='bbox 466 615 588 657; x_wconf 90' lang='lat' dir='ltr'>Haec</span> <span class='ocrx_word' id='word_1_70' title='bbox 620 616 727 657; x_wconf 89' lang='lat' dir='ltr'>sicut</span> <span class='ocrx_word' id='word_1_71' title='bbox 759 615 814 657; x_wconf 88' lang='lat' dir='ltr'>ad</span> <span class='ocrx_word' id='word_1_72' title='bbox 848 615 1030 657; x_wconf 91' lang='lat' dir='ltr'>militum</span> <span class='ocrx_word' id='word_1_73' title='bbox 1066 616 1227 657; x_wconf 88' lang='lat' dir='ltr'>animos</span> <span class='ocrx_word' id='word_1_74' title='bbox 1259 616 1536 658; x_wconf 85' lang='lat' dir='ltr'><strong>stimulandos</strong></span> 
     </span>
     <span class='ocr_line' id='line_1_9' title="bbox 139 671 1536 730; baseline 0.001 -16"><span class='ocrx_word' id='word_1_75' title='bbox 139 671 352 729; x_wconf 84' lang='lat' dir='ltr'>‘aliquem</span> <span class='ocrx_word' id='word_1_76' title='bbox 391 672 585 714; x_wconf 87' lang='lat' dir='ltr'>aculeum</span> <span class='ocrx_word' id='word_1_77' title='bbox 625 673 796 723; x_wconf 88' lang='lat' dir='ltr'>habent,</span> <span class='ocrx_word' id='word_1_78' title='bbox 833 673 907 730; x_wconf 92' lang='lat' dir='ltr'>qui</span> <span class='ocrx_word' id='word_1_79' title='bbox 946 688 1096 730; x_wconf 88' lang='lat' dir='ltr'>parum</span> <span class='ocrx_word' id='word_1_80' title='bbox 1135 673 1344 724; x_wconf 88' lang='lat' dir='ltr'>licentiae,</span> <span class='ocrx_word' id='word_1_81' title='bbox 1386 689 1536 730; x_wconf 87' lang='lat' dir='ltr'>parum</span> 
     </span>
     <span class='ocr_line' id='line_1_10' title="bbox 138 730 1536 788; baseline 0.001 -17"><span class='ocrx_word' id='word_1_82' title='bbox 138 730 363 772; x_wconf 87' lang='lat' dir='ltr'>‘avaritiae</span> <span class='ocrx_word' id='word_1_83' title='bbox 404 745 502 772; x_wconf 87' lang='lat' dir='ltr'>suae</span> <span class='ocrx_word' id='word_1_84' title='bbox 538 730 785 772; x_wconf 89' lang='lat' dir='ltr'>inservitum</span> <span class='ocrx_word' id='word_1_85' title='bbox 825 740 1026 781; x_wconf 86' lang='lat' dir='ltr'>censent3</span> <span class='ocrx_word' id='word_1_86' title='bbox 1078 731 1137 773; x_wconf 90' lang='lat' dir='ltr'>ita</span> <span class='ocrx_word' id='word_1_87' title='bbox 1178 731 1291 788; x_wconf 88' lang='lat' dir='ltr'>apud</span> <span class='ocrx_word' id='word_1_88' title='bbox 1330 731 1536 788; x_wconf 90' lang='lat' dir='ltr'>populum</span> 
     </span>
     <span class='ocr_line' id='line_1_11' title="bbox 139 786 1535 845; baseline 0.001 -16"><span class='ocrx_word' id='word_1_89' title='bbox 139 786 412 830; x_wconf 87' lang='lat' dir='ltr'>‘Romanum</span> <span class='ocrx_word' id='word_1_90' title='bbox 456 787 563 829; x_wconf 89' lang='lat' dir='ltr'>nihil</span> <span class='ocrx_word' id='word_1_91' title='bbox 599 788 851 830; x_wconf 84' lang='lat' dir='ltr'>valuissent:</span> <span class='ocrx_word' id='word_1_92' title='bbox 900 789 987 844; x_wconf 92' lang='lat' dir='ltr'>qui,</span> <span class='ocrx_word' id='word_1_93' title='bbox 1025 797 1073 830; x_wconf 93' lang='lat' dir='ltr'>ut</span> <span class='ocrx_word' id='word_1_94' title='bbox 1112 797 1254 830; x_wconf 88' lang='lat' dir='ltr'>vetera</span> <span class='ocrx_word' id='word_1_95' title='bbox 1293 798 1419 845; x_wconf 89' lang='lat' dir='ltr'>atque</span> <span class='ocrx_word' id='word_1_96' title='bbox 1461 803 1535 830; x_wconf 89' lang='lat' dir='ltr'>au-</span> 
     </span>
     <span class='ocr_line' id='line_1_12' title="bbox 139 844 1535 903; baseline 0.001 -17"><span class='ocrx_word' id='word_1_97' title='bbox 139 844 257 886; x_wconf 83' lang='lat' dir='ltr'>‘djta</span> <span class='ocrx_word' id='word_1_98' title='bbox 276 860 301 887; x_wconf 87' lang='lat' dir='ltr'>a</span> <span class='ocrx_word' id='word_1_99' title='bbox 319 845 563 902; x_wconf 87' lang='lat' dir='ltr'>parentibus</span> <span class='ocrx_word' id='word_1_100' title='bbox 583 845 668 887; x_wconf 91' lang='lat' dir='ltr'>suis</span> <span class='ocrx_word' id='word_1_101' title='bbox 695 860 783 887; x_wconf 93' lang='lat' dir='ltr'>non</span> <span class='ocrx_word' id='word_1_102' title='bbox 809 855 985 902; x_wconf 85' lang='lat' dir='ltr'>repetat,</span> <span class='ocrx_word' id='word_1_103' title='bbox 1008 861 1116 903; x_wconf 88' lang='lat' dir='ltr'>quae</span> <span class='ocrx_word' id='word_1_104' title='bbox 1144 846 1372 888; x_wconf 87' lang='lat' dir='ltr'>ambitione</span> <span class='ocrx_word' id='word_1_105' title='bbox 1401 846 1535 903; x_wconf 91' lang='lat' dir='ltr'>impe-</span> 
     </span>
     <span class='ocr_line' id='line_1_13' title="bbox 140 902 1535 960; baseline 0.001 -16"><span class='ocrx_word' id='word_1_106' title='bbox 140 906 352 944; x_wconf 89' lang='lat' dir='ltr'>‘ratorum</span> <span class='ocrx_word' id='word_1_107' title='bbox 396 902 536 944; x_wconf 89' lang='lat' dir='ltr'>clades</span> <span class='ocrx_word' id='word_1_108' title='bbox 580 913 776 960; x_wconf 87' lang='lat' dir='ltr'>acceptae</span> <span class='ocrx_word' id='word_1_109' title='bbox 821 903 917 953; x_wconf 90' lang='lat' dir='ltr'>sint,</span> <span class='ocrx_word' id='word_1_110' title='bbox 959 919 1068 960; x_wconf 88' lang='lat' dir='ltr'>quae</span> <span class='ocrx_word' id='word_1_111' title='bbox 1109 904 1328 946; x_wconf 89' lang='lat' dir='ltr'>severitate</span> <span class='ocrx_word' id='word_1_112' title='bbox 1368 904 1535 960; x_wconf 88' lang='lat' dir='ltr'>imperii</span> 
     </span>
     <span class='ocr_line' id='line_1_14' title="bbox 140 960 1537 1017; baseline 0 -15"><span class='ocrx_word' id='word_1_113' title='bbox 140 960 364 1002; x_wconf 89' lang='lat' dir='ltr'>‘victoriae</span> <span class='ocrx_word' id='word_1_114' title='bbox 395 970 550 1016; x_wconf 88' lang='lat' dir='ltr'>partae,</span> <span class='ocrx_word' id='word_1_115' title='bbox 580 961 773 1017; x_wconf 84' lang='lat' dir='ltr'>proximo</span> <span class='ocrx_word' id='word_1_116' title='bbox 803 970 916 1002; x_wconf 88' lang='lat' dir='ltr'>certe</span> <span class='ocrx_word' id='word_1_117' title='bbox 944 960 1109 1003; x_wconf 90' lang='lat' dir='ltr'>Punico</span> <span class='ocrx_word' id='word_1_118' title='bbox 1139 961 1263 1011; x_wconf 91' lang='lat' dir='ltr'>bello,</span> <span class='ocrx_word' id='word_1_119' title='bbox 1290 961 1395 1017; x_wconf 90' lang='lat' dir='ltr'>quid</span> <span class='ocrx_word' id='word_1_120' title='bbox 1425 962 1537 1003; x_wconf 91' lang='lat' dir='ltr'>inter</span> 
     </span>
     <span class='ocr_line' id='line_1_15' title="bbox 139 1016 1535 1074; baseline 0 -15"><span class='ocrx_word' id='word_1_121' title='bbox 139 1021 152 1040; x_wconf 92' lang='lat'>‘</span> <span class='ocrx_word' id='word_1_122' title='bbox 167 1016 231 1059; x_wconf 92' lang='lat' dir='ltr'>M.</span> <span class='ocrx_word' id='word_1_123' title='bbox 244 1016 486 1061; x_wconf 91' lang='lat' dir='ltr'>Minucium</span> <span class='ocrx_word' id='word_1_124' title='bbox 502 1018 747 1073; x_wconf 83' lang='lat' dir='ltr'>magistrum</span> <span class='ocrx_word' id='word_1_125' title='bbox 763 1018 955 1074; x_wconf 91' lang='lat' dir='ltr'>equitum</span> <span class='ocrx_word' id='word_1_126' title='bbox 972 1027 1014 1060; x_wconf 90' lang='lat' dir='ltr'>et</span> <span class='ocrx_word' id='word_1_127' title='bbox 1034 1019 1087 1067; x_wconf 83' lang='lat' dir='ltr'>Q.</span> <span class='ocrx_word' id='word_1_128' title='bbox 1099 1018 1275 1060; x_wconf 87' lang='lat' dir='ltr'>Fabium</span> <span class='ocrx_word' id='word_1_129' title='bbox 1294 1018 1535 1060; x_wconf 81' lang='lat' dir='ltr'>Maximum</span> 
     </span>
     <span class='ocr_line' id='line_1_16' title="bbox 107 1074 1535 1132; baseline 0 -15"><span class='ocrx_word' id='word_1_130' title='bbox 107 1074 417 1118; x_wconf 87' lang='lat' dir='ltr'>5‘dictatorem</span> <span class='ocrx_word' id='word_1_131' title='bbox 446 1075 697 1125; x_wconf 85' lang='lat' dir='ltr'>interfuerit,</span> <span class='ocrx_word' id='word_1_132' title='bbox 724 1075 929 1117; x_wconf 88' lang='lat' dir='ltr'>meminit.</span> <span class='ocrx_word' id='word_1_133' title='bbox 992 1075 1142 1132; x_wconf 89' lang='lat' dir='ltr'>Itaque</span> <span class='ocrx_word' id='word_1_134' title='bbox 1174 1085 1458 1117; x_wconf 86' lang='lat' dir='ltr'>accusatorem</span> <span class='ocrx_word' id='word_1_135' title='bbox 1488 1075 1535 1117; x_wconf 91' lang='lat' dir='ltr'>id</span> 
     </span>
     <span class='ocr_line' id='line_1_17' title="bbox 139 1131 1532 1188; baseline 0.001 -15"><span class='ocrx_word' id='word_1_136' title='bbox 139 1135 153 1154; x_wconf 93' lang='lat'>‘</span> <span class='ocrx_word' id='word_1_137' title='bbox 166 1131 270 1173; x_wconf 89' lang='lat' dir='ltr'>scire</span> <span class='ocrx_word' id='word_1_138' title='bbox 286 1132 484 1188; x_wconf 91' lang='lat' dir='ltr'>potuisse,</span> <span class='ocrx_word' id='word_1_139' title='bbox 503 1141 545 1173; x_wconf 90' lang='lat' dir='ltr'>et</span> <span class='ocrx_word' id='word_1_140' title='bbox 565 1146 916 1188; x_wconf 85' lang='lat' dir='ltr'>supervacaneam</span> <span class='ocrx_word' id='word_1_141' title='bbox 933 1132 1223 1175; x_wconf 87' lang='lat' dir='ltr'>defensionem</span> <span class='ocrx_word' id='word_1_142' title='bbox 1239 1132 1378 1174; x_wconf 88' lang='lat' dir='ltr'>Paulli</span> <span class='ocrx_word' id='word_1_143' title='bbox 1393 1133 1532 1174; x_wconf 89' lang='lat' dir='ltr'>fuisse.</span> 
     </span>
     <span class='ocr_line' id='line_1_18' title="bbox 104 1188 1534 1240; baseline 0.001 -10"><span class='ocrx_word' id='word_1_144' title='bbox 104 1189 152 1222; x_wconf 87' lang='lat'>6‘</span> <span class='ocrx_word' id='word_1_145' title='bbox 167 1188 425 1231; x_wconf 84' lang='lat' dir='ltr'>Transeatur</span> <span class='ocrx_word' id='word_1_146' title='bbox 451 1189 506 1230; x_wconf 90' lang='lat' dir='ltr'>ad</span> <span class='ocrx_word' id='word_1_147' title='bbox 534 1188 707 1230; x_wconf 86' lang='lat' dir='ltr'>alteram</span> <span class='ocrx_word' id='word_1_148' title='bbox 728 1190 1003 1232; x_wconf 90' lang='lat' dir='ltr'>concionem:</span> <span class='ocrx_word' id='word_1_149' title='bbox 1037 1205 1116 1231; x_wconf 91' lang='lat' dir='ltr'>nec</span> <span class='ocrx_word' id='word_1_150' title='bbox 1141 1189 1331 1239; x_wconf 83' lang='lat' dir='ltr'>Quirites</span> <span class='ocrx_word' id='word_1_151' title='bbox 1351 1205 1437 1240; x_wconf 86' lang='lat' dir='ltr'>vos,</span> <span class='ocrx_word' id='word_1_152' title='bbox 1459 1190 1534 1232; x_wconf 90' lang='lat' dir='ltr'>sed</span> 
     </span>
     <span class='ocr_line' id='line_1_19' title="bbox 137 1245 1534 1303; baseline 0 -15"><span class='ocrx_word' id='word_1_153' title='bbox 137 1249 151 1269; x_wconf 91' lang='lat'>‘</span> <span class='ocrx_word' id='word_1_154' title='bbox 165 1245 321 1288; x_wconf 85' lang='lat' dir='ltr'>milites</span> <span class='ocrx_word' id='word_1_155' title='bbox 339 1246 486 1288; x_wconf 88' lang='lat' dir='ltr'>videor</span> <span class='ocrx_word' id='word_1_156' title='bbox 505 1246 802 1303; x_wconf 89' lang='lat' dir='ltr'>appellaturus,</span> <span class='ocrx_word' id='word_1_157' title='bbox 825 1247 859 1288; x_wconf 92' lang='lat' dir='ltr'>si</span> <span class='ocrx_word' id='word_1_158' title='bbox 884 1262 1040 1289; x_wconf 90' lang='lat' dir='ltr'>nomen</span> <span class='ocrx_word' id='word_1_159' title='bbox 1065 1247 1145 1289; x_wconf 91' lang='lat' dir='ltr'>hoc</span> <span class='ocrx_word' id='word_1_160' title='bbox 1170 1247 1316 1288; x_wconf 89' lang='lat' dir='ltr'>saltem</span> <span class='ocrx_word' id='word_1_161' title='bbox 1337 1247 1534 1288; x_wconf 85' lang='lat' dir='ltr'>ruborem</span> 
     </span>
     <span class='ocr_line' id='line_1_20' title="bbox 138 1303 1534 1361; baseline 0 -16"><span class='ocrx_word' id='word_1_162' title='bbox 138 1303 368 1354; x_wconf 92' lang='lat' dir='ltr'>‘incutere,</span> <span class='ocrx_word' id='word_1_163' title='bbox 405 1313 449 1346; x_wconf 87' lang='lat' dir='ltr'>et</span> <span class='ocrx_word' id='word_1_164' title='bbox 488 1304 787 1346; x_wconf 87' lang='lat' dir='ltr'>verecundiam</span> <span class='ocrx_word' id='word_1_165' title='bbox 827 1304 1011 1361; x_wconf 88' lang='lat' dir='ltr'>aliquam</span> <span class='ocrx_word' id='word_1_166' title='bbox 1051 1305 1313 1361; x_wconf 85' lang='lat' dir='ltr'>imperatoris</span> <span class='ocrx_word' id='word_1_167' title='bbox 1347 1304 1534 1346; x_wconf 89' lang='lat' dir='ltr'>violandi</span> 
     </span>
     <span class='ocr_line' id='line_1_21' title="bbox 137 1361 1532 1419; baseline 0 -16"><span class='ocrx_word' id='word_1_168' title='bbox 137 1362 313 1403; x_wconf 85' lang='lat' dir='ltr'>‘afferre</span> <span class='ocrx_word' id='word_1_169' title='bbox 344 1362 484 1419; x_wconf 86' lang='lat' dir='ltr'>possit.</span> <span class='ocrx_word' id='word_1_170' title='bbox 548 1361 761 1418; x_wconf 90' lang='lat' dir='ltr'>Equidem</span> <span class='ocrx_word' id='word_1_171' title='bbox 791 1362 879 1418; x_wconf 88' lang='lat' dir='ltr'>ipse</span> <span class='ocrx_word' id='word_1_172' title='bbox 910 1362 1032 1404; x_wconf 87' lang='lat' dir='ltr'>aliter</span> <span class='ocrx_word' id='word_1_173' title='bbox 1057 1362 1232 1404; x_wconf 84' lang='lat' dir='ltr'>affectus</span> <span class='ocrx_word' id='word_1_174' title='bbox 1260 1362 1401 1404; x_wconf 89' lang='lat' dir='ltr'>animo</span> <span class='ocrx_word' id='word_1_175' title='bbox 1426 1377 1532 1412; x_wconf 87' lang='lat' dir='ltr'>sum,</span> 
     </span>
     <span class='ocr_line' id='line_1_22' title="bbox 138 1419 1533 1477; baseline 0 -16"><span class='ocrx_word' id='word_1_176' title='bbox 138 1419 240 1476; x_wconf 90' lang='lat' dir='ltr'>‘qui</span> <span class='ocrx_word' id='word_1_177' title='bbox 267 1419 381 1476; x_wconf 89' lang='lat' dir='ltr'>apud</span> <span class='ocrx_word' id='word_1_178' title='bbox 407 1419 641 1461; x_wconf 88' lang='lat' dir='ltr'>exercitum</span> <span class='ocrx_word' id='word_1_179' title='bbox 669 1419 774 1460; x_wconf 90' lang='lat' dir='ltr'>mihi</span> <span class='ocrx_word' id='word_1_180' title='bbox 801 1419 918 1476; x_wconf 90' lang='lat' dir='ltr'>loqui</span> <span class='ocrx_word' id='word_1_181' title='bbox 939 1419 1094 1470; x_wconf 87' lang='lat' dir='ltr'>videar,</span> <span class='ocrx_word' id='word_1_182' title='bbox 1118 1435 1245 1477; x_wconf 90' lang='lat' dir='ltr'>quam</span> <span class='ocrx_word' id='word_1_183' title='bbox 1272 1419 1414 1476; x_wconf 87' lang='lat' dir='ltr'>paullo</span> <span class='ocrx_word' id='word_1_184' title='bbox 1435 1429 1533 1461; x_wconf 89' lang='lat' dir='ltr'>ante</span> 
     </span>
     <span class='ocr_line' id='line_1_23' title="bbox 108 1476 1536 1534; baseline -0.001 -14"><span class='ocrx_word' id='word_1_185' title='bbox 108 1480 152 1521; x_wconf 87' lang='lat'>7‘</span> <span class='ocrx_word' id='word_1_186' title='bbox 167 1491 294 1528; x_wconf 87' lang='lat' dir='ltr'>eram,</span> <span class='ocrx_word' id='word_1_187' title='bbox 348 1492 448 1519; x_wconf 91' lang='lat' dir='ltr'>uum</span> <span class='ocrx_word' id='word_1_188' title='bbox 470 1477 524 1518; x_wconf 91' lang='lat' dir='ltr'>ad</span> <span class='ocrx_word' id='word_1_189' title='bbox 552 1476 720 1533; x_wconf 88' lang='lat' dir='ltr'>plebem</span> <span class='ocrx_word' id='word_1_190' title='bbox 745 1477 948 1519; x_wconf 86' lang='lat' dir='ltr'>urbanam</span> <span class='ocrx_word' id='word_1_191' title='bbox 972 1478 1187 1534; x_wconf 88' lang='lat' dir='ltr'>spectabat</span> <span class='ocrx_word' id='word_1_192' title='bbox 1207 1478 1350 1519; x_wconf 87' lang='lat' dir='ltr'>oratio.</span> <span class='ocrx_word' id='word_1_193' title='bbox 1417 1476 1536 1526; x_wconf 83' lang='lat' dir='ltr'>Quid</span> 
     </span>
    </p>

    <p class='ocr_par' dir='ltr' id='par_1_4' title="bbox 105 1492 1535 2166">
     <span class='ocr_line' id='line_1_24' title="bbox 140 1492 1533 1592; baseline 0.001 -17"><span class='ocrx_word' id='word_1_194' title='bbox 140 1537 153 1557; x_wconf 94' lang='lat'>‘</span> <span class='ocrx_word' id='word_1_195' title='bbox 167 1534 295 1576; x_wconf 87' lang='lat' dir='ltr'>etiam</span> <span class='ocrx_word' id='word_1_196' title='bbox 316 1492 467 1584; x_wconf 58' lang='lat' dir='ltr'>dicitis,</span> <span class='ocrx_word' id='word_1_197' title='bbox 485 1534 670 1576; x_wconf 83' lang='lat' dir='ltr'>milites?</span> <span class='ocrx_word' id='word_1_198' title='bbox 716 1534 887 1591; x_wconf 90' lang='lat' dir='ltr'>Aliquis</span> <span class='ocrx_word' id='word_1_199' title='bbox 907 1544 969 1576; x_wconf 93' lang='lat' dir='ltr'>est</span> <span class='ocrx_word' id='word_1_200' title='bbox 991 1535 1167 1586; x_wconf 88' lang='lat' dir='ltr'>Romae,</span> <span class='ocrx_word' id='word_1_201' title='bbox 1184 1544 1351 1592; x_wconf 89' lang='lat' dir='ltr'>praeter</span> <span class='ocrx_word' id='word_1_202' title='bbox 1366 1533 1533 1585; x_wconf 89' lang='lat' dir='ltr'>Persea,</span> 
     </span>
     <span class='ocr_line' id='line_1_25' title="bbox 139 1591 1535 1648; baseline 0.001 -16"><span class='ocrx_word' id='word_1_203' title='bbox 139 1595 153 1614; x_wconf 87' lang='lat'>‘</span> <span class='ocrx_word' id='word_1_204' title='bbox 167 1591 242 1647; x_wconf 87' lang='lat' dir='ltr'>qui</span> <span class='ocrx_word' id='word_1_205' title='bbox 263 1592 511 1648; x_wconf 90' lang='lat' dir='ltr'>triumphari</span> <span class='ocrx_word' id='word_1_206' title='bbox 528 1592 581 1633; x_wconf 92' lang='lat' dir='ltr'>de</span> <span class='ocrx_word' id='word_1_207' title='bbox 600 1591 910 1634; x_wconf 84' lang='lat' dir='ltr'>Macedonibus</span> <span class='ocrx_word' id='word_1_208' title='bbox 930 1592 1066 1634; x_wconf 84' lang='lat' dir='ltr'>nolit?</span> <span class='ocrx_word' id='word_1_209' title='bbox 1094 1602 1137 1634; x_wconf 90' lang='lat' dir='ltr'>et</span> <span class='ocrx_word' id='word_1_210' title='bbox 1159 1608 1256 1634; x_wconf 92' lang='lat' dir='ltr'>eum</span> <span class='ocrx_word' id='word_1_211' title='bbox 1278 1608 1364 1634; x_wconf 92' lang='lat' dir='ltr'>non</span> <span class='ocrx_word' id='word_1_212' title='bbox 1386 1592 1535 1634; x_wconf 92' lang='lat' dir='ltr'>iisdem</span> 
     </span>
     <span class='ocr_line' id='line_1_26' title="bbox 140 1649 1534 1706; baseline 0.001 -16"><span class='ocrx_word' id='word_1_213' title='bbox 140 1653 153 1672; x_wconf 90' lang='lat'>‘</span> <span class='ocrx_word' id='word_1_214' title='bbox 168 1649 362 1690; x_wconf 87' lang='lat' dir='ltr'>manibus</span> <span class='ocrx_word' id='word_1_215' title='bbox 382 1650 629 1706; x_wconf 86' lang='lat' dir='ltr'>discerpitis,</span> <span class='ocrx_word' id='word_1_216' title='bbox 652 1650 805 1705; x_wconf 89' lang='lat' dir='ltr'>quibus</span> <span class='ocrx_word' id='word_1_217' title='bbox 827 1649 1087 1691; x_wconf 88' lang='lat' dir='ltr'>Macedonas</span> <span class='ocrx_word' id='word_1_218' title='bbox 1108 1651 1297 1691; x_wconf 80' lang='lat' dir='ltr'>vicistis?</span> <span class='ocrx_word' id='word_1_219' title='bbox 1350 1649 1534 1692; x_wconf 84' lang='lat' dir='ltr'>Vincere</span> 
     </span>
     <span class='ocr_line' id='line_1_27' title="bbox 139 1706 1535 1763; baseline 0.001 -16"><span class='ocrx_word' id='word_1_220' title='bbox 139 1711 240 1748; x_wconf 86' lang='lat' dir='ltr'>‘vos</span> <span class='ocrx_word' id='word_1_221' title='bbox 275 1706 568 1763; x_wconf 85' lang='lat' dir='ltr'>prohibuisset,</span> <span class='ocrx_word' id='word_1_222' title='bbox 606 1707 639 1747; x_wconf 88' lang='lat' dir='ltr'>si</span> <span class='ocrx_word' id='word_1_223' title='bbox 679 1707 896 1762; x_wconf 89' lang='lat' dir='ltr'>potuisset,</span> <span class='ocrx_word' id='word_1_224' title='bbox 933 1707 1007 1763; x_wconf 88' lang='lat' dir='ltr'>qui</span> <span class='ocrx_word' id='word_1_225' title='bbox 1044 1707 1351 1763; x_wconf 87' lang='lat' dir='ltr'>triumphantes</span> <span class='ocrx_word' id='word_1_226' title='bbox 1387 1707 1535 1748; x_wconf 86' lang='lat' dir='ltr'>urbem</span> 
     </span>
     <span class='ocr_line' id='line_1_28' title="bbox 139 1763 1535 1820; baseline 0.001 -16"><span class='ocrx_word' id='word_1_227' title='bbox 139 1768 152 1787; x_wconf 89' lang='lat'>‘</span> <span class='ocrx_word' id='word_1_228' title='bbox 167 1764 274 1805; x_wconf 90' lang='lat' dir='ltr'>iuire</span> <span class='ocrx_word' id='word_1_229' title='bbox 295 1764 502 1820; x_wconf 88' lang='lat' dir='ltr'>prohibet.</span> <span class='ocrx_word' id='word_1_230' title='bbox 557 1763 728 1814; x_wconf 83' lang='lat' dir='ltr'>Erratis,</span> <span class='ocrx_word' id='word_1_231' title='bbox 751 1763 916 1814; x_wconf 86' lang='lat' dir='ltr'>milites,</span> <span class='ocrx_word' id='word_1_232' title='bbox 933 1765 967 1805; x_wconf 90' lang='lat' dir='ltr'>si</span> <span class='ocrx_word' id='word_1_233' title='bbox 990 1764 1251 1820; x_wconf 85' lang='lat' dir='ltr'>triumphum</span> <span class='ocrx_word' id='word_1_234' title='bbox 1274 1764 1535 1820; x_wconf 87' lang='lat' dir='ltr'>imperatoris</span> 
     </span>
     <span class='ocr_line' id='line_1_29' title="bbox 140 1821 1534 1878; baseline 0 -16"><span class='ocrx_word' id='word_1_235' title='bbox 140 1825 347 1870; x_wconf 90' lang='lat' dir='ltr'>‘tantum‚</span> <span class='ocrx_word' id='word_1_236' title='bbox 369 1830 412 1863; x_wconf 91' lang='lat' dir='ltr'>et</span> <span class='ocrx_word' id='word_1_237' title='bbox 443 1837 528 1863; x_wconf 89' lang='lat' dir='ltr'>non</span> <span class='ocrx_word' id='word_1_238' title='bbox 562 1821 743 1863; x_wconf 89' lang='lat' dir='ltr'>militum</span> <span class='ocrx_word' id='word_1_239' title='bbox 775 1837 944 1878; x_wconf 88' lang='lat' dir='ltr'>quoque</span> <span class='ocrx_word' id='word_1_240' title='bbox 978 1831 1020 1863; x_wconf 89' lang='lat' dir='ltr'>et</span> <span class='ocrx_word' id='word_1_241' title='bbox 1054 1822 1237 1863; x_wconf 80' lang='lat' dir='ltr'>universi</span> <span class='ocrx_word' id='word_1_242' title='bbox 1267 1821 1413 1878; x_wconf 91' lang='lat' dir='ltr'>populi</span> <span class='ocrx_word' id='word_1_243' title='bbox 1447 1822 1534 1863; x_wconf 85' lang='lat' dir='ltr'>Ro-</span> 
     </span>
     <span class='ocr_line' id='line_1_30' title="bbox 105 1878 1531 1928; baseline 0 -8"><span class='ocrx_word' id='word_1_244' title='bbox 105 1879 294 1928; x_wconf 75' lang='lat' dir='ltr'>s‘mani,</span> <span class='ocrx_word' id='word_1_245' title='bbox 331 1894 419 1920; x_wconf 87' lang='lat' dir='ltr'>csse</span> <span class='ocrx_word' id='word_1_246' title='bbox 460 1879 589 1920; x_wconf 90' lang='lat' dir='ltr'>decus</span> <span class='ocrx_word' id='word_1_247' title='bbox 629 1879 818 1920; x_wconf 89' lang='lat' dir='ltr'>censetis.</span> <span class='ocrx_word' id='word_1_248' title='bbox 883 1878 985 1920; x_wconf 79' lang='lat' dir='ltr'>Non</span> <span class='ocrx_word' id='word_1_249' title='bbox 1027 1879 1151 1920; x_wconf 90' lang='lat' dir='ltr'>unius</span> <span class='ocrx_word' id='word_1_250' title='bbox 1187 1880 1231 1920; x_wconf 88' lang='lat' dir='ltr'>in</span> <span class='ocrx_word' id='word_1_251' title='bbox 1266 1879 1346 1920; x_wconf 88' lang='lat' dir='ltr'>hoc</span> <span class='ocrx_word' id='word_1_252' title='bbox 1382 1879 1531 1921; x_wconf 85' lang='lat' dir='ltr'>Paulli.</span> 
     </span>
     <span class='ocr_line' id='line_1_31' title="bbox 139 1935 1533 1993; baseline 0 -16"><span class='ocrx_word' id='word_1_253' title='bbox 139 1935 299 1978; x_wconf 88' lang='lat' dir='ltr'>‘Multi</span> <span class='ocrx_word' id='word_1_254' title='bbox 320 1937 461 1986; x_wconf 85' lang='lat' dir='ltr'>etiam,</span> <span class='ocrx_word' id='word_1_255' title='bbox 484 1937 557 1992; x_wconf 90' lang='lat' dir='ltr'>qui</span> <span class='ocrx_word' id='word_1_256' title='bbox 587 1937 638 1977; x_wconf 89' lang='lat' dir='ltr'>ab</span> <span class='ocrx_word' id='word_1_257' title='bbox 660 1946 808 1978; x_wconf 88' lang='lat' dir='ltr'>senatu</span> <span class='ocrx_word' id='word_1_258' title='bbox 836 1952 921 1978; x_wconf 89' lang='lat' dir='ltr'>non</span> <span class='ocrx_word' id='word_1_259' title='bbox 951 1937 1230 1992; x_wconf 82' lang='lat' dir='ltr'>impetrarunt</span> <span class='ocrx_word' id='word_1_260' title='bbox 1258 1937 1533 1993; x_wconf 87' lang='lat' dir='ltr'>triumphum,</span> 
     </span>
     <span class='ocr_line' id='line_1_32' title="bbox 105 1993 1535 2050; baseline -0.001 -15"><span class='ocrx_word' id='word_1_261' title='bbox 105 1993 211 2036; x_wconf 91' lang='lat' dir='ltr'>9‘in</span> <span class='ocrx_word' id='word_1_262' title='bbox 239 2003 383 2035; x_wconf 89' lang='lat' dir='ltr'>monte</span> <span class='ocrx_word' id='word_1_263' title='bbox 406 1993 575 2035; x_wconf 87' lang='lat' dir='ltr'>Albano</span> <span class='ocrx_word' id='word_1_264' title='bbox 604 1994 928 2050; x_wconf 87' lang='lat' dir='ltr'>triumpharunt.</span> <span class='ocrx_word' id='word_1_265' title='bbox 993 1993 1134 2035; x_wconf 76' lang='lat' dir='ltr'>Nemo</span> <span class='ocrx_word' id='word_1_266' title='bbox 1163 1994 1213 2035; x_wconf 90' lang='lat' dir='ltr'>L.</span> <span class='ocrx_word' id='word_1_267' title='bbox 1233 1993 1382 2035; x_wconf 88' lang='lat' dir='ltr'>Paullo</span> <span class='ocrx_word' id='word_1_268' title='bbox 1405 1994 1535 2050; x_wconf 80' lang='lat' dir='ltr'>magis</span> 
     </span>
     <span class='ocr_line' id='line_1_33' title="bbox 138 2050 1531 2108; baseline 0 -16"><span class='ocrx_word' id='word_1_269' title='bbox 138 2051 327 2108; x_wconf 89' lang='lat' dir='ltr'>‘eripere</span> <span class='ocrx_word' id='word_1_270' title='bbox 355 2051 484 2093; x_wconf 89' lang='lat' dir='ltr'>decus</span> <span class='ocrx_word' id='word_1_271' title='bbox 511 2051 685 2108; x_wconf 88' lang='lat' dir='ltr'>perfecti</span> <span class='ocrx_word' id='word_1_272' title='bbox 713 2050 812 2092; x_wconf 92' lang='lat' dir='ltr'>belli</span> <span class='ocrx_word' id='word_1_273' title='bbox 844 2051 1114 2093; x_wconf 89' lang='lat' dir='ltr'>Macedonici</span> <span class='ocrx_word' id='word_1_274' title='bbox 1144 2060 1296 2108; x_wconf 90' lang='lat' dir='ltr'>potest,</span> <span class='ocrx_word' id='word_1_275' title='bbox 1319 2066 1446 2108; x_wconf 88' lang='lat' dir='ltr'>quam</span> <span class='ocrx_word' id='word_1_276' title='bbox 1481 2051 1531 2093; x_wconf 86' lang='lat' dir='ltr'>C.</span> 
     </span>
     <span class='ocr_line' id='line_1_34' title="bbox 138 2107 1533 2166; baseline 0 -16"><span class='ocrx_word' id='word_1_277' title='bbox 138 2107 340 2150; x_wconf 90' lang='lat' dir='ltr'>‘Lutatio</span> <span class='ocrx_word' id='word_1_278' title='bbox 374 2109 498 2165; x_wconf 87' lang='lat' dir='ltr'>primi</span> <span class='ocrx_word' id='word_1_279' title='bbox 532 2108 685 2150; x_wconf 89' lang='lat' dir='ltr'>Punici</span> <span class='ocrx_word' id='word_1_280' title='bbox 722 2108 834 2159; x_wconf 91' lang='lat' dir='ltr'>belli,</span> <span class='ocrx_word' id='word_1_281' title='bbox 869 2124 997 2166; x_wconf 90' lang='lat' dir='ltr'>quam</span> <span class='ocrx_word' id='word_1_282' title='bbox 1034 2108 1082 2150; x_wconf 92' lang='lat' dir='ltr'>P.</span> <span class='ocrx_word' id='word_1_283' title='bbox 1110 2108 1310 2150; x_wconf 89' lang='lat' dir='ltr'>Cornelio</span> <span class='ocrx_word' id='word_1_284' title='bbox 1343 2108 1533 2159; x_wconf 88' lang='lat' dir='ltr'>secundi,</span> 
     </span>
    </p>
   </div>
   <div class='ocr_carea' id='block_1_4' title="bbox 109 2165 1535 2223">
    <p class='ocr_par' dir='ltr' id='par_1_5' title="bbox 109 2165 1535 2223">
     <span class='ocr_line' id='line_1_35' title="bbox 109 2165 1535 2223; baseline 0 -15"><span class='ocrx_word' id='word_1_285' title='bbox 109 2173 121 2195; x_wconf 91' lang='lat'><em>¹</em></span> <span class='ocrx_word' id='word_1_286' title='bbox 139 2171 151 2190; x_wconf 92' lang='lat'>‘</span> <span class='ocrx_word' id='word_1_287' title='bbox 165 2180 293 2223; x_wconf 90' lang='lat' dir='ltr'>quam</span> <span class='ocrx_word' id='word_1_288' title='bbox 314 2166 407 2217; x_wconf 85' lang='lat' dir='ltr'>illis,</span> <span class='ocrx_word' id='word_1_289' title='bbox 425 2166 499 2223; x_wconf 88' lang='lat' dir='ltr'>qui</span> <span class='ocrx_word' id='word_1_290' title='bbox 520 2176 614 2223; x_wconf 88' lang='lat' dir='ltr'>post</span> <span class='ocrx_word' id='word_1_291' title='bbox 635 2182 706 2208; x_wconf 88' lang='lat' dir='ltr'>eos</span> <span class='ocrx_word' id='word_1_292' title='bbox 728 2167 1105 2223; x_wconf 88' lang='lat' dir='ltr'>triumphaverunt.</span> <span class='ocrx_word' id='word_1_293' title='bbox 1155 2165 1249 2208; x_wconf 86' lang='lat' dir='ltr'>Nec</span> <span class='ocrx_word' id='word_1_294' title='bbox 1272 2166 1321 2208; x_wconf 92' lang='lat' dir='ltr'>L.</span> <span class='ocrx_word' id='word_1_295' title='bbox 1337 2166 1535 2208; x_wconf 84' lang='lat' dir='ltr'>Paullum</span> 
     </span>
    </p>
   </div>
   <div class='ocr_carea' id='block_1_5' title="bbox 109 2302 814 2980">
    <p class='ocr_par' dir='ltr' id='par_1_6' title="bbox 109 2302 813 2633">
     <span class='ocr_line' id='line_1_36' title="bbox 178 2302 811 2342; baseline 0.003 -10"><span class='ocrx_word' id='word_1_296' title='bbox 178 2312 198 2340; x_wconf 87' lang='grc'><strong>4</strong></span> <span class='ocrx_word' id='word_1_297' title='bbox 220 2302 429 2342; x_wconf 74' lang='grc' dir='ltr'>ίῖνσαηιίνεί]</span> <span class='ocrx_word' id='word_1_298' title='bbox 469 2303 654 2334; x_wconf 75' lang='lat' dir='ltr'>Gronovius</span> <span class='ocrx_word' id='word_1_299' title='bbox 677 2305 811 2334; x_wconf 81' lang='lat' dir='ltr'>eircum-</span> 
     </span>
     <span class='ocr_line' id='line_1_37' title="bbox 109 2344 812 2386; baseline 0.004 -12"><span class='ocrx_word' id='word_1_300' title='bbox 109 2359 111 2361; x_wconf 53' lang='grc'>’</span> <span class='ocrx_word' id='word_1_301' title='bbox 135 2344 209 2381; x_wconf 74' lang='lat' dir='ltr'>iret,</span> <span class='ocrx_word' id='word_1_302' title='bbox 224 2349 257 2375; x_wconf 84' lang='lat' dir='ltr'>et</span> <span class='ocrx_word' id='word_1_303' title='bbox 271 2346 386 2377; x_wconf 76' lang='lat' dir='ltr'>ductus</span> <span class='ocrx_word' id='word_1_304' title='bbox 397 2358 430 2377; x_wconf 85' lang='lat' dir='ltr'>es</span> <span class='ocrx_word' id='word_1_305' title='bbox 444 2357 500 2386; x_wconf 87' lang='lat' dir='ltr'>pro</span> <span class='ocrx_word' id='word_1_306' title='bbox 518 2347 601 2385; x_wconf 81' lang='lat' dir='ltr'>vulg.</span> <span class='ocrx_word' id='word_1_307' title='bbox 614 2347 812 2383; x_wconf 77' lang='lat' dir='ltr'>circnmires,</span> 
     </span>
     <span class='ocr_line' id='line_1_38' title="bbox 136 2388 811 2420; baseline 0.001 -3"><span class='ocrx_word' id='word_1_308' title='bbox 136 2391 168 2417; x_wconf 82' lang='lat' dir='ltr'>et</span> <span class='ocrx_word' id='word_1_309' title='bbox 184 2388 304 2419; x_wconf 64' lang='lat' dir='ltr'>dua-isti</span> <span class='ocrx_word' id='word_1_310' title='bbox 320 2389 516 2420; x_wconf 77' lang='lat' dir='ltr'>emendavit.</span> <span class='ocrx_word' id='word_1_311' title='bbox 562 2389 744 2420; x_wconf 79' lang='lat' dir='ltr'>Crevierius</span> <span class='ocrx_word' id='word_1_312' title='bbox 765 2391 811 2419; x_wconf 81' lang='lat' dir='ltr'>in-</span> 
     </span>
     <span class='ocr_line' id='line_1_39' title="bbox 134 2430 812 2472; baseline 0.004 -13"><span class='ocrx_word' id='word_1_313' title='bbox 134 2430 217 2460; x_wconf 73' lang='lat' dir='ltr'>etit-&#39;t</span> <span class='ocrx_word' id='word_1_314' title='bbox 230 2441 286 2470; x_wconf 85' lang='lat' dir='ltr'>pro</span> <span class='ocrx_word' id='word_1_315' title='bbox 299 2433 441 2462; x_wconf 68' lang='lat' dir='ltr'>institisti</span> <span class='ocrx_word' id='word_1_316' title='bbox 454 2432 673 2472; x_wconf 82' lang='lat' dir='ltr'>reponendum</span> <span class='ocrx_word' id='word_1_317' title='bbox 688 2432 812 2468; x_wconf 81' lang='lat' dir='ltr'>suadet,</span> 
     </span>
     <span class='ocr_line' id='line_1_40' title="bbox 136 2471 813 2514; baseline 0.003 -12"><span class='ocrx_word' id='word_1_318' title='bbox 136 2471 188 2502; x_wconf 86' lang='lat' dir='ltr'>cui</span> <span class='ocrx_word' id='word_1_319' title='bbox 214 2473 501 2505; x_wconf 82' lang='lat' dir='ltr'>Drakenborchius</span> <span class='ocrx_word' id='word_1_320' title='bbox 530 2475 736 2514; x_wconf 73' lang='lat' dir='ltr'>astipulatur,</span> <span class='ocrx_word' id='word_1_321' title='bbox 768 2474 813 2504; x_wconf 85' lang='lat' dir='ltr'>ita</span> 
     </span>
     <span class='ocr_line' id='line_1_41' title="bbox 136 2517 812 2557; baseline 0.001 -12"><span class='ocrx_word' id='word_1_322' title='bbox 136 2518 185 2552; x_wconf 77' lang='lat' dir='ltr'>ut,</span> <span class='ocrx_word' id='word_1_323' title='bbox 199 2526 282 2555; x_wconf 78' lang='lat' dir='ltr'>quae</span> <span class='ocrx_word' id='word_1_324' title='bbox 297 2517 329 2547; x_wconf 92' lang='lat' dir='ltr'>in</span> <span class='ocrx_word' id='word_1_325' title='bbox 346 2518 636 2557; x_wconf 47' lang='lat' dir='ltr'>secunda2pcrsona</span> <span class='ocrx_word' id='word_1_326' title='bbox 650 2517 812 2553; x_wconf 82' lang='lat' dir='ltr'>dicuntur,</span> 
     </span>
     <span class='ocr_line' id='line_1_42' title="bbox 137 2557 812 2599; baseline 0.003 -12"><span class='ocrx_word' id='word_1_327' title='bbox 137 2557 178 2587; x_wconf 80' lang='lat' dir='ltr'>ad</span> <span class='ocrx_word' id='word_1_328' title='bbox 198 2559 346 2595; x_wconf 79' lang='lat' dir='ltr'>militem,</span> <span class='ocrx_word' id='word_1_329' title='bbox 362 2570 445 2599; x_wconf 81' lang='lat' dir='ltr'>quac</span> <span class='ocrx_word' id='word_1_330' title='bbox 466 2560 498 2590; x_wconf 89' lang='lat' dir='ltr'>in</span> <span class='ocrx_word' id='word_1_331' title='bbox 522 2560 628 2597; x_wconf 80' lang='lat' dir='ltr'>tertia,</span> <span class='ocrx_word' id='word_1_332' title='bbox 647 2560 687 2589; x_wconf 81' lang='lat' dir='ltr'>ad</span> <span class='ocrx_word' id='word_1_333' title='bbox 712 2559 812 2599; x_wconf 79' lang='lat' dir='ltr'>inipe-</span> 
     </span>
     <span class='ocr_line' id='line_1_43' title="bbox 138 2602 477 2633; baseline 0.006 -3"><span class='ocrx_word' id='word_1_334' title='bbox 138 2604 274 2631; x_wconf 81' lang='lat' dir='ltr'>mtorem</span> <span class='ocrx_word' id='word_1_335' title='bbox 291 2602 477 2633; x_wconf 81' lang='lat' dir='ltr'>referantur.</span> 
     </span>
    </p>

    <p class='ocr_par' dir='ltr' id='par_1_7' title="bbox 137 2644 813 2888">
     <span class='ocr_line' id='line_1_44' title="bbox 181 2644 812 2685; baseline 0.002 -12"><span class='ocrx_word' id='word_1_336' title='bbox 181 2650 198 2681; x_wconf 79' lang='grc'><strong><em>5</em></strong></span> <span class='ocrx_word' id='word_1_337' title='bbox 215 2644 331 2685; x_wconf 78' lang='lat' dir='ltr'>ltaque</span> <span class='ocrx_word' id='word_1_338' title='bbox 346 2646 579 2683; x_wconf 71' lang='lat' dir='ltr'>accusatorem]</span> <span class='ocrx_word' id='word_1_339' title='bbox 608 2644 673 2675; x_wconf 85' lang='lat' dir='ltr'>llic</span> <span class='ocrx_word' id='word_1_340' title='bbox 689 2644 812 2683; x_wconf 83' lang='lat' dir='ltr'>aliquid</span> 
     </span>
     <span class='ocr_line' id='line_1_45' title="bbox 138 2686 811 2725; baseline 0.004 -10"><span class='ocrx_word' id='word_1_341' title='bbox 138 2689 185 2715; x_wconf 71' lang='lat' dir='ltr'>ent</span> <span class='ocrx_word' id='word_1_342' title='bbox 202 2686 287 2724; x_wconf 83' lang='lat' dir='ltr'>quod</span> <span class='ocrx_word' id='word_1_343' title='bbox 304 2687 455 2718; x_wconf 77' lang='lat' dir='ltr'>offendat.</span> <span class='ocrx_word' id='word_1_344' title='bbox 502 2687 596 2725; x_wconf 70' lang='lat' dir='ltr'>Legit</span> <span class='ocrx_word' id='word_1_345' title='bbox 611 2687 811 2718; x_wconf 68' lang='lat' dir='ltr'>Gronovius:</span> 
     </span>
     <span class='ocr_line' id='line_1_46' title="bbox 138 2727 813 2770; baseline 0.004 -13"><span class='ocrx_word' id='word_1_346' title='bbox 138 2727 247 2768; x_wconf 70' lang='lat' dir='ltr'>imque</span> <span class='ocrx_word' id='word_1_347' title='bbox 269 2733 300 2759; x_wconf 72' lang='lat' dir='ltr'>et</span> <span class='ocrx_word' id='word_1_348' title='bbox 319 2735 487 2761; x_wconf 65' lang='lat' dir='ltr'>accusator</span> <span class='ocrx_word' id='word_1_349' title='bbox 502 2732 536 2759; x_wconf 84' lang='lat' dir='ltr'>id</span> <span class='ocrx_word' id='word_1_350' title='bbox 550 2731 630 2761; x_wconf 74' lang='lat' dir='ltr'>scire</span> <span class='ocrx_word' id='word_1_351' title='bbox 648 2731 813 2770; x_wconf 66' lang='lat' dir='ltr'>potuisse-l,</span> 
     </span>
     <span class='ocr_line' id='line_1_47' title="bbox 137 2773 813 2811; baseline 0.004 -12"><span class='ocrx_word' id='word_1_352' title='bbox 137 2773 169 2799; x_wconf 75' lang='lat' dir='ltr'>el</span> <span class='ocrx_word' id='word_1_353' title='bbox 190 2779 432 2810; x_wconf 70' lang='lat' dir='ltr'>rupen-acaum</span> <span class='ocrx_word' id='word_1_354' title='bbox 456 2774 570 2802; x_wconf 82' lang='lat' dir='ltr'>Paulli</span> <span class='ocrx_word' id='word_1_355' title='bbox 593 2773 736 2811; x_wconf 69' lang='lat' dir='ltr'>defensio</span> <span class='ocrx_word' id='word_1_356' title='bbox 754 2774 813 2811; x_wconf 82' lang='lat' dir='ltr'>sn-</span> 
     </span>
     <span class='ocr_line' id='line_1_48' title="bbox 138 2811 813 2854; baseline 0.004 -13"><span class='ocrx_word' id='word_1_357' title='bbox 138 2811 223 2843; x_wconf 70' lang='lat' dir='ltr'>iuet.</span> <span class='ocrx_word' id='word_1_358' title='bbox 269 2813 339 2844; x_wconf 74' lang='lat' dir='ltr'>Non</span> <span class='ocrx_word' id='word_1_359' title='bbox 361 2814 483 2853; x_wconf 84' lang='lat' dir='ltr'>aliquid</span> <span class='ocrx_word' id='word_1_360' title='bbox 503 2814 594 2845; x_wconf 78' lang='lat' dir='ltr'>Livio</span> <span class='ocrx_word' id='word_1_361' title='bbox 615 2815 742 2854; x_wconf 83' lang='lat' dir='ltr'>dignius</span> <span class='ocrx_word' id='word_1_362' title='bbox 760 2815 813 2845; x_wconf 86' lang='lat' dir='ltr'>de-</span> 
     </span>
     <span class='ocr_line' id='line_1_49' title="bbox 139 2851 453 2888; baseline 0.016 -5"><span class='ocrx_word' id='word_1_363' title='bbox 139 2851 324 2886; x_wconf 71' lang='lat' dir='ltr'>tidmmun.</span> <span class='ocrx_word' id='word_1_364' title='bbox 346 2856 453 2888; x_wconf 75' lang='lat' dir='ltr'>Cui-zv.</span> 
     </span>
    </p>

    <p class='ocr_par' dir='ltr' id='par_1_8' title="bbox 141 2894 814 2980">
     <span class='ocr_line' id='line_1_50' title="bbox 183 2894 813 2937; baseline 0.01 -13"><span class='ocrx_word' id='word_1_365' title='bbox 183 2894 203 2924; x_wconf 88' lang='lat'><strong>6</strong></span> <span class='ocrx_word' id='word_1_366' title='bbox 226 2897 294 2927; x_wconf 83' lang='lat' dir='ltr'>Nec</span> <span class='ocrx_word' id='word_1_367' title='bbox 311 2899 452 2934; x_wconf 68' lang='lat' dir='ltr'>Quirites</span> <span class='ocrx_word' id='word_1_368' title='bbox 470 2899 539 2937; x_wconf 78' lang='grc' dir='ltr'>υω]</span> <span class='ocrx_word' id='word_1_369' title='bbox 578 2899 652 2929; x_wconf 83' lang='lat' dir='ltr'>Vox</span> <span class='ocrx_word' id='word_1_370' title='bbox 671 2900 813 2937; x_wconf 69' lang='lat' dir='ltr'>Quirites</span> 
     </span>
     <span class='ocr_line' id='line_1_51' title="bbox 141 2937 814 2980; baseline 0.007 -13"><span class='ocrx_word' id='word_1_371' title='bbox 141 2937 267 2977; x_wconf 80' lang='lat' dir='ltr'>proprie</span> <span class='ocrx_word' id='word_1_372' title='bbox 283 2939 323 2969; x_wconf 88' lang='lat' dir='ltr'>ad</span> <span class='ocrx_word' id='word_1_373' title='bbox 341 2939 425 2970; x_wconf 75' lang='lat' dir='ltr'>cives</span> <span class='ocrx_word' id='word_1_374' title='bbox 440 2946 561 2980; x_wconf 65' lang='lat' dir='ltr'>speculi</span> <span class='ocrx_word' id='word_1_375' title='bbox 577 2954 585 2979; x_wconf 75' lang='grc' dir='ltr'>ς</span> <span class='ocrx_word' id='word_1_376' title='bbox 605 2941 678 2972; x_wconf 82' lang='lat' dir='ltr'>hinc</span> <span class='ocrx_word' id='word_1_377' title='bbox 696 2941 814 2972; x_wconf 76' lang='lat' dir='ltr'>milites</span> 
     </span>
    </p>
   </div>
   <div class='ocr_carea' id='block_1_6' title="bbox 857 2302 1537 2981">
    <p class='ocr_par' dir='ltr' id='par_1_9' title="bbox 857 2302 1537 2556">
     <span class='ocr_line' id='line_1_52' title="bbox 857 2302 1537 2343; baseline -0.001 -10"><span class='ocrx_word' id='word_1_378' title='bbox 857 2302 1080 2343; x_wconf 83' lang='lat' dir='ltr'>appellatione</span> <span class='ocrx_word' id='word_1_379' title='bbox 1117 2303 1294 2340; x_wconf 80' lang='lat' dir='ltr'>Qniritium</span> <span class='ocrx_word' id='word_1_380' title='bbox 1336 2302 1537 2342; x_wconf 85' lang='lat' dir='ltr'>compellari,</span> 
     </span>
     <span class='ocr_line' id='line_1_53' title="bbox 857 2345 1535 2386; baseline -0.001 -10"><span class='ocrx_word' id='word_1_381' title='bbox 857 2346 948 2385; x_wconf 83' lang='lat' dir='ltr'>quasi</span> <span class='ocrx_word' id='word_1_382' title='bbox 964 2356 1078 2386; x_wconf 50' lang='lat' dir='ltr'>,genus</span> <span class='ocrx_word' id='word_1_383' title='bbox 1102 2355 1226 2385; x_wconf 79' lang='lat' dir='ltr'>poenae</span> <span class='ocrx_word' id='word_1_384' title='bbox 1250 2349 1330 2383; x_wconf 80' lang='lat' dir='ltr'>erat,</span> <span class='ocrx_word' id='word_1_385' title='bbox 1354 2350 1386 2375; x_wconf 87' lang='lat' dir='ltr'>et</span> <span class='ocrx_word' id='word_1_386' title='bbox 1410 2345 1535 2385; x_wconf 80' lang='lat' dir='ltr'>signum</span> 
     </span>
     <span class='ocr_line' id='line_1_54' title="bbox 857 2388 1537 2419; baseline 0 -1"><span class='ocrx_word' id='word_1_387' title='bbox 857 2388 1016 2419; x_wconf 80' lang='lat' dir='ltr'>missionis</span> <span class='ocrx_word' id='word_1_388' title='bbox 1028 2388 1217 2419; x_wconf 80' lang='lat' dir='ltr'>inhonestae</span> <span class='ocrx_word' id='word_1_389' title='bbox 1228 2388 1416 2419; x_wconf 82' lang='lat' dir='ltr'>habebatur.</span> <span class='ocrx_word' id='word_1_390' title='bbox 1447 2388 1537 2418; x_wconf 77' lang='lat' dir='ltr'>Nota</span> 
     </span>
     <span class='ocr_line' id='line_1_55' title="bbox 857 2430 1534 2470; baseline -0.001 -9"><span class='ocrx_word' id='word_1_391' title='bbox 857 2436 903 2462; x_wconf 88' lang='lat' dir='ltr'>est</span> <span class='ocrx_word' id='word_1_392' title='bbox 928 2431 1065 2469; x_wconf 65' lang='lat' dir='ltr'>occa-dn,</span> <span class='ocrx_word' id='word_1_393' title='bbox 1088 2442 1152 2470; x_wconf 86' lang='lat' dir='ltr'>qua</span> <span class='ocrx_word' id='word_1_394' title='bbox 1178 2431 1368 2461; x_wconf 80' lang='lat' dir='ltr'>seditionem</span> <span class='ocrx_word' id='word_1_395' title='bbox 1394 2430 1534 2460; x_wconf 88' lang='lat' dir='ltr'>militum</span> 
     </span>
     <span class='ocr_line' id='line_1_56' title="bbox 858 2473 1536 2513; baseline -0.003 -9"><span class='ocrx_word' id='word_1_396' title='bbox 858 2474 918 2504; x_wconf 84' lang='lat' dir='ltr'>hac</span> <span class='ocrx_word' id='word_1_397' title='bbox 941 2484 1016 2504; x_wconf 76' lang='lat' dir='ltr'>voce</span> <span class='ocrx_word' id='word_1_398' title='bbox 1033 2474 1100 2504; x_wconf 89' lang='lat' dir='ltr'>sola</span> <span class='ocrx_word' id='word_1_399' title='bbox 1115 2474 1323 2513; x_wconf 82' lang='lat' dir='ltr'>pronuntiata</span> <span class='ocrx_word' id='word_1_400' title='bbox 1342 2473 1404 2503; x_wconf 89' lang='lat' dir='ltr'>Iul.</span> <span class='ocrx_word' id='word_1_401' title='bbox 1416 2474 1536 2504; x_wconf 84' lang='lat' dir='ltr'>Caesar</span> 
     </span>
     <span class='ocr_line' id='line_1_57' title="bbox 858 2516 1464 2556; baseline 0 -10"><span class='ocrx_word' id='word_1_402' title='bbox 858 2517 1067 2556; x_wconf 78' lang='lat' dir='ltr'>compescuit.</span> <span class='ocrx_word' id='word_1_403' title='bbox 1095 2517 1134 2546; x_wconf 85' lang='lat' dir='ltr'>cf.</span> <span class='ocrx_word' id='word_1_404' title='bbox 1153 2517 1284 2547; x_wconf 83' lang='lat' dir='ltr'>Sueton.</span> <span class='ocrx_word' id='word_1_405' title='bbox 1301 2516 1395 2547; x_wconf 82' lang='lat' dir='ltr'>Caes.</span> <span class='ocrx_word' id='word_1_406' title='bbox 1418 2524 1464 2554; x_wconf 78' lang='lat'>70.</span> 
     </span>
    </p>

    <p class='ocr_par' dir='ltr' id='par_1_10' title="bbox 858 2557 1536 2633">
     <span class='ocr_line' id='line_1_58' title="bbox 903 2557 1536 2599; baseline -0.002 -11"><span class='ocrx_word' id='word_1_407' title='bbox 903 2567 918 2598; x_wconf 82' lang='lat'><em>7</em></span> <span class='ocrx_word' id='word_1_408' title='bbox 943 2560 1031 2596; x_wconf 76' lang='lat' dir='ltr'>Quid</span> <span class='ocrx_word' id='word_1_409' title='bbox 1044 2557 1158 2599; x_wconf 79' lang='lat' dir='ltr'>etiam]</span> <span class='ocrx_word' id='word_1_410' title='bbox 1184 2560 1271 2596; x_wconf 75' lang='lat' dir='ltr'>Quid</span> <span class='ocrx_word' id='word_1_411' title='bbox 1284 2559 1367 2589; x_wconf 76' lang='lat' dir='ltr'>euim</span> <span class='ocrx_word' id='word_1_412' title='bbox 1388 2559 1536 2589; x_wconf 64' lang='lat' dir='ltr'>Muretus</span> 
     </span>
     <span class='ocr_line' id='line_1_59' title="bbox 858 2602 992 2633; baseline 0.007 -1"><span class='ocrx_word' id='word_1_413' title='bbox 858 2602 992 2633; x_wconf 81' lang='lat' dir='ltr'>mavult.</span> 
     </span>
    </p>

    <p class='ocr_par' dir='ltr' id='par_1_11' title="bbox 858 2643 1535 2811">
     <span class='ocr_line' id='line_1_60' title="bbox 901 2643 1535 2684; baseline -0.003 -10"><span class='ocrx_word' id='word_1_414' title='bbox 901 2647 920 2674; x_wconf 75' lang='lat'><strong>8</strong></span> <span class='ocrx_word' id='word_1_415' title='bbox 944 2646 1015 2674; x_wconf 78' lang='lat' dir='ltr'>Hoc</span> <span class='ocrx_word' id='word_1_416' title='bbox 1032 2643 1162 2684; x_wconf 76' lang='lat' dir='ltr'>Paulli]</span> <span class='ocrx_word' id='word_1_417' title='bbox 1199 2644 1337 2683; x_wconf 79' lang='lat' dir='ltr'>Supple,</span> <span class='ocrx_word' id='word_1_418' title='bbox 1359 2644 1454 2674; x_wconf 78' lang='lat' dir='ltr'>decus</span> <span class='ocrx_word' id='word_1_419' title='bbox 1479 2647 1535 2673; x_wconf 75' lang='lat' dir='ltr'>cst.</span> 
     </span>
     <span class='ocr_line' id='line_1_61' title="bbox 859 2686 1534 2725; baseline -0.004 -8"><span class='ocrx_word' id='word_1_420' title='bbox 859 2686 921 2717; x_wconf 78' lang='lat' dir='ltr'>Sed</span> <span class='ocrx_word' id='word_1_421' title='bbox 953 2686 1136 2718; x_wconf 69' lang='lat' dir='ltr'>Crevit-rius</span> <span class='ocrx_word' id='word_1_422' title='bbox 1172 2686 1281 2725; x_wconf 80' lang='lat' dir='ltr'>aliqua</span> <span class='ocrx_word' id='word_1_423' title='bbox 1321 2690 1391 2725; x_wconf 74' lang='lat' dir='ltr'>post</span> <span class='ocrx_word' id='word_1_424' title='bbox 1425 2695 1534 2715; x_wconf 73' lang='lat' dir='ltr'>vocem</span> 
     </span>
     <span class='ocr_line' id='line_1_62' title="bbox 858 2727 1535 2765; baseline -0.003 -6"><span class='ocrx_word' id='word_1_425' title='bbox 858 2730 972 2759; x_wconf 77' lang='lat' dir='ltr'>l&#39;cmlli</span> <span class='ocrx_word' id='word_1_426' title='bbox 996 2729 1152 2759; x_wconf 73' lang='lat' dir='ltr'>excidisse</span> <span class='ocrx_word' id='word_1_427' title='bbox 1173 2729 1348 2765; x_wconf 81' lang='lat' dir='ltr'>existimat,</span> <span class='ocrx_word' id='word_1_428' title='bbox 1365 2733 1395 2758; x_wconf 80' lang='lat' dir='ltr'>et</span> <span class='ocrx_word' id='word_1_429' title='bbox 1412 2727 1535 2757; x_wconf 73' lang='lat' dir='ltr'>asteris-</span> 
     </span>
     <span class='ocr_line' id='line_1_63' title="bbox 859 2772 1404 2811; baseline -0.004 -9"><span class='ocrx_word' id='word_1_430' title='bbox 859 2782 931 2802; x_wconf 82' lang='lat' dir='ltr'>cum</span> <span class='ocrx_word' id='word_1_431' title='bbox 950 2772 1020 2802; x_wconf 84' lang='lat' dir='ltr'>loco</span> <span class='ocrx_word' id='word_1_432' title='bbox 1036 2772 1268 2811; x_wconf 77' lang='lat' dir='ltr'>apponendum</span> <span class='ocrx_word' id='word_1_433' title='bbox 1287 2775 1404 2801; x_wconf 69' lang='lat' dir='ltr'>censet.</span> 
     </span>
    </p>

    <p class='ocr_par' dir='ltr' id='par_1_12' title="bbox 860 2811 1535 2894">
     <span class='ocr_line' id='line_1_64' title="bbox 901 2811 1535 2855; baseline -0.003 -11"><span class='ocrx_word' id='word_1_434' title='bbox 901 2824 921 2855; x_wconf 88' lang='lat'>9</span> <span class='ocrx_word' id='word_1_435' title='bbox 946 2816 985 2844; x_wconf 86' lang='lat' dir='ltr'>ln</span> <span class='ocrx_word' id='word_1_436' title='bbox 1004 2819 1105 2845; x_wconf 80' lang='lat' dir='ltr'>monte</span> <span class='ocrx_word' id='word_1_437' title='bbox 1117 2815 1262 2851; x_wconf 71' lang='lat' dir='ltr'>Albano]</span> <span class='ocrx_word' id='word_1_438' title='bbox 1289 2814 1328 2844; x_wconf 76' lang='lat' dir='ltr'>cf.</span> <span class='ocrx_word' id='word_1_439' title='bbox 1341 2815 1433 2852; x_wconf 76' lang='lat' dir='ltr'>Supr.</span> <span class='ocrx_word' id='word_1_440' title='bbox 1448 2811 1535 2842; x_wconf 62' lang='lat' dir='ltr'>xxvi.</span> 
     </span>
     <span class='ocr_line' id='line_1_65' title="bbox 860 2857 1115 2894; baseline 0.004 -7"><span class='ocrx_word' id='word_1_441' title='bbox 860 2866 910 2887; x_wconf 83' lang='lat'>21.</span> <span class='ocrx_word' id='word_1_442' title='bbox 934 2857 1046 2888; x_wconf 88' lang='lat' dir='ltr'>xxxiii.</span> <span class='ocrx_word' id='word_1_443' title='bbox 1067 2865 1115 2894; x_wconf 78' lang='lat'>23.</span> 
     </span>
    </p>

    <p class='ocr_par' dir='ltr' id='par_1_13' title="bbox 859 2896 1534 2981">
     <span class='ocr_line' id='line_1_66' title="bbox 907 2896 1534 2939; baseline -0.003 -12"><span class='ocrx_word' id='word_1_444' title='bbox 907 2908 916 2928; x_wconf 88' lang='lat'>1</span> <span class='ocrx_word' id='word_1_445' title='bbox 938 2902 1040 2936; x_wconf 76' lang='lat' dir='ltr'>Quam</span> <span class='ocrx_word' id='word_1_446' title='bbox 1056 2900 1130 2935; x_wconf 72' lang='lat' dir='ltr'>iltis,</span> <span class='ocrx_word' id='word_1_447' title='bbox 1141 2899 1197 2939; x_wconf 78' lang='lat' dir='ltr'>qni</span> <span class='ocrx_word' id='word_1_448' title='bbox 1211 2902 1282 2938; x_wconf 71' lang='lat' dir='ltr'>post</span> <span class='ocrx_word' id='word_1_449' title='bbox 1294 2908 1344 2928; x_wconf 80' lang='lat' dir='ltr'>cos</span> <span class='ocrx_word' id='word_1_450' title='bbox 1357 2898 1452 2927; x_wconf 77' lang='lat' dir='ltr'>trium</span> <span class='ocrx_word' id='word_1_451' title='bbox 1455 2896 1534 2935; x_wconf 73' lang='lat' dir='ltr'>plm-</span> 
     </span>
     <span class='ocr_line' id='line_1_67' title="bbox 859 2938 1534 2981; baseline -0.007 -9"><span class='ocrx_word' id='word_1_452' title='bbox 859 2943 992 2979; x_wconf 71' lang='lat' dir='ltr'>verunt]</span> <span class='ocrx_word' id='word_1_453' title='bbox 1027 2941 1130 2971; x_wconf 65' lang='lat' dir='ltr'>voces</span> <span class='ocrx_word' id='word_1_454' title='bbox 1142 2945 1214 2981; x_wconf 70' lang='lat' dir='ltr'>post</span> <span class='ocrx_word' id='word_1_455' title='bbox 1229 2951 1290 2977; x_wconf 76' lang='lat' dir='ltr'>ces,</span> <span class='ocrx_word' id='word_1_456' title='bbox 1307 2950 1348 2970; x_wconf 71' lang='lat' dir='ltr'>sc.</span> <span class='ocrx_word' id='word_1_457' title='bbox 1368 2938 1534 2970; x_wconf 79' lang='lat' dir='ltr'>Lutatium</span> 
     </span>
    </p>
   </div>
   <div class='ocr_carea' id='block_1_7' title="bbox 1612 1357 1679 1395">
    <p class='ocr_par' dir='ltr' id='par_1_14' title="bbox 1612 1357 1679 1395">
     <span class='ocr_line' id='line_1_68' title="bbox 1612 1357 1679 1395; baseline 0 0"><span class='ocrx_word' id='word_1_458' title='bbox 1612 1357 1679 1395; x_wconf 89' lang='lat'>38.</span> 
     </span>
    </p>
   </div>
   <div class='ocr_carea' id='block_1_8' title="bbox 1695 284 1748 366">
    <p class='ocr_par' dir='ltr' id='par_1_15' title="bbox 1695 284 1748 366">
     <span class='ocr_line' id='line_1_69' title="bbox 1696 284 1748 324; baseline 0.038 -10"><span class='ocrx_word' id='word_1_459' title='bbox 1696 284 1748 324; x_wconf 90' lang='lat'>85.</span> 
     </span>
     <span class='ocr_line' id='line_1_70' title="bbox 1695 326 1747 366; baseline 0.019 -8"><span class='ocrx_word' id='word_1_460' title='bbox 1695 326 1747 366; x_wconf 80' lang='lat'>67.</span> 
     </span>
    </p>
   </div>
  </div>
 </body>
</html>
