1888 3194
887 201 1180 239 INDEX.

345 281 464 318 Tunes,
499 280 590 310 locus
629 288 703 309 cum
747 276 909 317 operibus,
945 280 1015 307 tum

387 325 504 361 suapte
517 325 634 352 natura
648 324 739 350 tutus
755 329 807 359 30,
818 329 848 360 9.
871 320 961 350 abest
977 320 1018 349 ab

389 363 585 403 Carthagine
601 362 786 402 quindecim
801 361 906 392 millia
919 361 1019 391 ferme

391 416 555 446 passuum,
591 405 668 436 ibid.
714 405 846 435 Tuneta
882 406 1020 443 occupat

392 448 513 488 Scipio,
528 447 606 478 ibid.
623 447 662 477 cf.
679 450 711 477 et
730 445 768 478 16
784 449 816 477 et
834 444 884 485 36.

351 490 479 521 Tunica
498 490 644 529 palmata
666 498 714 526 10,
737 496 765 528 7.
788 488 931 518 tunicam
953 487 1021 526 pal-

393 536 516 563 matam
529 531 718 562 Masinissae
735 531 833 561 donat
849 529 958 569 Scipio
972 538 1022 567 30,

399 583 446 613 15.
474 574 513 604 cf.
539 577 571 603 et
600 583 650 612 31,
680 583 727 604 11.
760 582 933 612 purpurea,
958 569 1022 608 regi

395 616 538 656 Syphaci
559 616 643 645 dono
663 615 760 645 missa
776 621 827 651 27,
844 624 872 650 4.
895 611 1024 642 tunicae

394 658 600 688 versicolores
615 666 646 697 9,
658 666 708 693 40.
731 655 872 691 tunicae,
884 653 1025 683 militum

397 699 541 740 praemia
559 706 587 737 7,
604 706 654 735 37.
681 707 730 733 10,
747 705 796 734 3ο.

353 742 476 778 Turba,
491 740 649 778 oppidum
667 737 848 777 Hispaniae
865 746 917 775 33,
933 747 983 775 44.

354 784 483 814 Turbae
509 782 550 811 ob
576 790 676 811 nexos
703 790 733 817 2,
759 788 797 817 23
825 782 857 809 et
885 787 934 817 27.
961 778 1024 809 vid.

399 823 530 855 Seditio.

355 865 555 897 Turdetania
571 865 622 902 28,
639 873 689 905 39.
714 873 765 903 34,
784 862 831 894 16.
854 863 888 893 in
904 862 1027 893 Turde-

398 908 520 938 taniam
547 906 760 946 proflciscitur
784 915 857 936 cum
885 904 1028 935 exercitu

400 950 439 981 P.
456 949 613 986 Manlius,
633 952 761 988 praetor
781 957 833 986 34,
855 954 902 986 17.
927 951 959 977 et
979 946 1027 977 M.

400 991 535 1022 Porcius
571 992 654 1023 Cato
692 991 816 1028 consul,
852 989 975 1020 accitus
1010 998 1030 1018 a

401 1033 527 1064 Manlio
543 1037 691 1072 praetore
710 1042 757 1073 19.

358 1075 549 1113 Turdetani,
575 1075 690 1114 populi
717 1084 767 1112 21,
792 1073 821 1105 6.
852 1073 925 1104 lites
948 1072 1031 1102 inter

401 1128 456 1149 eos
481 1121 514 1148 et
541 1118 747 1156 Saguntinos,
773 1117 814 1146 ab
841 1115 1029 1146 Hannibale

401 1164 501 1197 satae,
530 1159 607 1190 ibid.
644 1159 683 1189 iis
715 1163 752 1189 ut
782 1157 952 1197 Saguntini
981 1166 1031 1187 res

402 1203 550 1239 reddant,
569 1202 712 1241 postulat
734 1200 902 1231 Hannibal
927 1209 974 1230 12.
997 1198 1031 1228 in

404 1247 598 1284 potestatem
642 1242 775 1280 redacti,
812 1243 871 1272 sub
915 1250 1033 1271 corona

404 1287 588 1317 venduntur
610 1295 662 1324 24,
678 1295 728 1323 42.
752 1294 863 1315 eorum
885 1284 960 1313 urbs
980 1283 1033 1312 de-

405 1329 482 1366 leta,
505 1328 584 1359 ibid.
610 1337 722 1358 eorum
746 1327 874 1365 regulus
899 1326 1035 1355 Attanes

406 1371 458 1407 28,
477 1378 524 1408 15.
548 1369 684 1408 vectigal
705 1379 746 1399 ex
761 1377 871 1398 eorum
888 1376 963 1406 agro
979 1367 1034 1397 Sa-

404 1412 531 1452 guntini
554 1411 688 1450 capiunt
712 1420 760 1451 39.
789 1410 934 1439 omnium
960 1408 1034 1438 His-

406 1463 564 1494 panorum
587 1452 729 1483 maxime
749 1452 897 1482 imbelles
916 1450 1035 1480 haben-

407 1500 460 1526 tur
475 1504 527 1533 34,
548 1502 594 1526 17.

365 1537 516 1574 Turduli,
530 1512 641 1573 fidtem’
653 1535 707 1575 qui
723 1534 904 1566 Turdetani
923 1533 974 1572 28,
987 1542 1036 1575 39.

409 1588 461 1618 34,
480 1586 527 1618 17.

365 1621 550 1652 Turdulum
565 1620 688 1650 bellum
705 1628 757 1658 34,
775 1629 825 1651 20.

365 1664 508 1694 Turmae
531 1662 677 1702 equitum
701 1671 728 1699 1,
746 1671 795 1701 30.
824 1664 932 1691 turma
951 1660 1038 1699 equi-

408 1709 479 1736 tum
501 1704 694 1735 Placentina
709 1714 762 1743 44,
777 1713 828 1741 40.
852 1703 1039 1740 Aesernina,

410 1747 487 1778 ibid.
512 1747 647 1777 Lucana
664 1755 714 1783 22,
730 1755 781 1784 42.

369 1789 509 1827 Turnus,
524 1799 581 1819 rex
602 1788 814 1825 Rutulorum,
830 1788 960 1818 Aeneae
979 1785 1041 1816 La-

410 1831 543 1870 tinoque
571 1831 697 1861 bellum
726 1830 823 1860 infert
856 1839 884 1866 1,
911 1838 940 1859 2.
975 1828 1041 1858 vin-

412 1874 505 1911 citur,
536 1876 580 1910 et,
612 1882 687 1902 cum
722 1871 889 1902 Mezentio
926 1870 1043 1900 iunctis

411 1915 542 1953 viribus,
571 1915 673 1945 altero
706 1913 829 1954 proelio
862 1916 1042 1953 superatur,

412 1957 490 1988 ibid.

371 1999 490 2031 Turres
508 2008 674 2029 murorum
697 2007 748 2036 21,
764 1998 793 2028 8.
818 1997 1045 2028 contabulatae

415 2051 466 2079 24,
491 2050 541 2080 34.
573 2041 745 2080 impositae
772 2044 861 2079 tergo
891 2039 1044 2078 elephan-

413 2088 520 2114 torum
547 2090 599 2122 37,
625 2092 675 2120 40.
706 2086 809 2112 turres
834 2082 868 2112 in
895 2081 1045 2120 operibus

414 2125 704 2165 oppugnandarum
727 2124 855 2154 urbium
880 2131 910 2162 5,
931 2131 959 2161 5.
993 2132 1044 2159 21,

418 2177 466 2198 11.
489 2177 541 2206 32,
568 2174 616 2207 17.
646 2175 698 2206 33,
724 2174 772 2206 17.
799 2166 896 2196 turris
917 2164 1046 2195 mobilis

415 2218 467 2247 21,
487 2219 534 2241 11.
557 2209 653 2240 turris
667 2208 810 2248 quinque
824 2208 1044 2238 tabulatorum

416 2252 468 2289 28,
482 2251 513 2283 6.

372 2292 506 2330 Turrus,
525 2293 576 2324 vel
598 2293 754 2330 Thurrus,
774 2292 902 2331 regulus
923 2290 1043 2329 Hispa-

415 2344 531 2365 norum
554 2344 606 2372 40,
629 2343 680 2374 49.
708 2334 777 2363 eius
799 2334 864 2363 duo
887 2332 947 2362 filii
969 2341 1043 2361 cum

416 2375 485 2405 filia
503 2375 537 2404 in
558 2378 752 2413 potestatem
773 2374 907 2404 veniunt
923 2374 1043 2403 Roma-

416 2426 544 2452 norum,
577 2415 654 2447 ibid.
691 2415 835 2454 sequitur
867 2415 1045 2451 Romanos,

415 2459 555 2498 fortique
578 2467 617 2488 ac
643 2457 733 2487 fideli
759 2466 858 2496 opera
883 2466 950 2486 rem
979 2457 1044 2487 Ro-

416 2509 547 2531 manam
563 2499 707 2536 adiuvat,
722 2499 799 2529 ibid.

374 2542 455 2580 Tus,
473 2542 604 2581 publice
623 2541 658 2571 in
680 2540 842 2571 sacrificiis
864 2539 1045 2580 praebitum

421 2594 470 2621 10,
487 2593 538 2623 23.

375 2626 473 2658 Tusci
510 2628 670 2664 occupant
708 2623 893 2656 Ianiculum
933 2633 962 2661 2,
996 2632 1046 2663 51.

417 2677 528 2698 eorum
557 2667 727 2706 imperium
755 2666 833 2696 olim
857 2676 955 2705 quam
982 2667 1047 2696 late

419 2708 559 2749 patuerit
587 2718 614 2746 1,
636 2717 664 2739 2.
690 2716 719 2747 5,
741 2716 791 2747 33.
817 2707 916 2738 Tusci
941 2708 1046 2747 oppri-

419 2754 552 2782 muntur
573 2760 593 2780 a
612 2750 770 2780 Romanis
791 2758 841 2788 45.
865 2749 962 2780 Tusci
982 2750 1048 2781 fere

418 2802 530 2823 omnes
553 2791 754 2822 consciscunt
775 2792 898 2822 bellum
926 2801 974 2829 10,
1000 2792 1046 2823 18.

420 2835 603 2871 vincuntur,
617 2833 694 2864 ibid.

378 2876 566 2907 Tusculana
590 2885 647 2907 arx
674 2883 704 2914 3,
732 2884 770 2914 23
798 2878 830 2906 et
857 2884 907 2913 42.
939 2875 970 2913 6,
997 2883 1046 2914 33.

1103 275 1282 307 Tusculani
1298 275 1398 306 colles
1414 283 1444 314 3,
1463 281 1492 313 7,
1507 284 1552 314 sq.

1062 318 1241 350 Tusculani
1257 319 1398 348 Romam
1417 316 1582 356 suppetias
1599 313 1734 346 mittunt

1106 370 1136 400 3,
1156 361 1203 391 18.
1232 360 1271 390 iis
1293 361 1459 390 decretum
1482 359 1606 389 bellum
1631 355 1663 395 6,
1683 364 1734 395 25.

1107 403 1193 442 quod
1219 406 1328 432 arcent
1355 400 1514 432 constanti
1540 409 1633 440 pace,
1657 399 1735 430 ibid.

1108 455 1221 484 pacem
1245 444 1432 483 impetrant,
1457 443 1573 473 deinde
1601 444 1633 472 et
1659 440 1736 471 civi-

1107 490 1209 517 tatem
1231 485 1280 517 26.
1297 486 1337 517 cf.
1353 489 1385 516 et
1401 486 1432 522 8,
1452 495 1499 522 14.
1524 485 1565 514 de
1585 483 1634 520 iis,
1647 492 1736 522 roga-

1108 528 1197 558 tione
1224 527 1349 565 Flavia,
1375 527 1531 557 iudicium
1561 524 1675 565 populi
1705 524 1737 562 8,

1111 576 1160 607 37.
1199 569 1341 607 populus
1373 569 1578 598 Tusculanus
1612 569 1739 597 mutata

1112 614 1199 640 veste
1226 610 1314 640 venit
1344 610 1498 646 Romam,
1522 609 1740 647 impetratque

1112 652 1252 689 veniam,
1267 651 1344 682 ibid.
1367 651 1401 680 in
1421 650 1552 690 Papiria
1571 649 1657 680 tribu
1676 649 1740 680 suf-

1113 694 1249 733 fragium
1264 694 1421 730 ferebant,
1436 693 1514 723 ibid.

1071 736 1216 766 Tuscum
1231 745 1319 766 mare
1335 743 1365 773 5,
1382 743 1432 773 33.
1457 733 1508 772 26,
1527 743 1575 774 19.

1070 778 1197 808 Tuscus
1222 777 1311 808 vicus
1334 778 1462 808 Romae
1486 785 1516 815 2,
1541 785 1589 814 14.
1619 780 1672 814 27,
1692 781 1742 814 37.

1136 828 1166 858 3,
1183 819 1232 850 26.

1072 830 1252 893 Tif'sciilum
1272 870 1302 899 2,
1321 869 1357 901 15
1374 864 1406 891 et
1425 859 1472 891 16.
1498 858 1549 897 26,
1564 869 1594 900 9.
1618 857 1746 898 capitur

1114 915 1134 934 a
1161 903 1287 934 Latinis
1312 903 1344 941 6,
1370 912 1420 942 33.
1454 901 1619 941 recipitur,
1646 899 1746 931 caesis

1116 945 1252 983 Latinis,
1276 945 1352 976 ibid.
1379 947 1585 984 oppugnatur
1610 953 1631 974 a
1655 941 1746 972 Veli-

1115 988 1214 1018 ternis
1231 987 1279 1027 36.
1304 987 1458 1017 liberatur
1476 986 1653 1023 obsidione,
1667 983 1747 1016 ibid.

1074 1030 1187 1068 Tutia,
1202 1030 1320 1060 fluvius
1336 1028 1387 1067 26,
1405 1038 1453 1060 11.

1075 1073 1237 1104 Tutorum
1257 1075 1400 1111 potestas
1420 1073 1532 1101 contra
1548 1072 1700 1106 matrem,
1713 1067 1748 1098 in

1116 1114 1236 1153 virgine
1256 1118 1396 1153 nuptum
1417 1112 1574 1143 elocanda
1594 1122 1625 1150 4,
1645 1121 1675 1152 9.
1697 1113 1748 1141 tu-

1116 1157 1193 1187 toris
1213 1156 1303 1195 optio
1320 1155 1481 1195 Hispalae
1497 1153 1658 1185 Feceniae
1674 1162 1748 1184 con-

1119 1209 1207 1229 cessa
1224 1208 1275 1239 39,
1295 1207 1344 1239 19.

1076 1241 1203 1280 Tycha,
1239 1250 1358 1270 nomen
1395 1238 1496 1279 partis
1531 1238 1750 1278 Syracusanae

1120 1283 1207 1312 urbis
1225 1291 1275 1319 24,
1293 1291 1342 1312 21.
1368 1289 1419 1320 25,
1436 1288 1486 1319 25.

1078 1324 1279 1364 Tyndarium
1297 1323 1348 1362 36,
1364 1333 1394 1354 2.

1079 1367 1313 1406 Tyrannidem,
1349 1364 1486 1404 pedibus
1521 1366 1654 1400 tractus,
1686 1371 1752 1392 non

1121 1408 1262 1438 insidens
1299 1416 1394 1445 equo,
1429 1405 1610 1444 relinquere
1646 1404 1752 1440 debet,

1123 1453 1254 1480 auctore
1270 1448 1429 1488 Dionysio
1444 1451 1583 1487 tyranno
1599 1456 1651 1485 24,
1667 1455 1717 1476 22.

1082 1492 1173 1532 Tyrii
1197 1499 1249 1531 35,
1267 1491 1319 1529 48.
1345 1489 1526 1521 conditores
1549 1486 1754 1527 Carthaginis

1125 1542 1178 1573 33⁹
1193 1543 1244 1574 49·

1083 1576 1289 1616 Tyrrhenum
1305 1584 1394 1605 mare
1410 1581 1440 1613 5,
1455 1581 1507 1614 33.

1083 1618 1190 1657 Tyrus
1205 1626 1257 1657 33,
1273 1617 1325 1655 48-

1083 1660 1218 1700 Tyscos,
1234 1659 1322 1690 vicus
1337 1658 1389 1698 38,
1408 1658 1455 1690 18.

1362 1827 1446 1868 ¹v.

1087 1911 1226 1944 Vacatio
1252 1913 1284 1950 8,
1311 1921 1361 1944 2ο.
1395 1911 1463 1943 sine
1488 1910 1558 1941 ulla
1583 1909 1760 1942 vacationis

1133 1955 1226 1986 venia
1240 1954 1400 1986 exercitus
1414 1953 1562 1993 scriptus,
1577 1952 1654 1983 ibid.
1671 1953 1711 1984 cf.
1727 1955 1760 1984 et

1133 2003 1162 2036 7,
1188 1997 1238 2028 28.
1269 1996 1395 2027 vacatio
1419 1996 1465 2027 rei
1490 1995 1615 2026 navalis
1638 1994 1761 2025 colonis

1130 2038 1301 2069 maritimis
1316 2042 1432 2078 negata
1453 2037 1505 2078 36,
1521 2046 1550 2076 3.
1573 2036 1698 2068 vacatio
1712 2046 1760 2068 sa-

1131 2084 1297 2111 crosancta
1314 2088 1365 2120 27,
1381 2081 1432 2119 38.

1090 2122 1243 2160 Vaccaei,
1259 2123 1410 2163 Hispana
1428 2131 1518 2162 gens,
1533 2120 1706 2151 vincuntur
1719 2120 1761 2150 ab

1133 2165 1322 2195 Hannibale
1353 2174 1404 2201 21,
1431 2172 1460 2203 5.
1493 2163 1683 2200 funduntur,
1712 2162 1762 2192 fu-

1130 2210 1310 2246 ganturque
1329 2207 1369 2236 ab
1390 2206 1440 2236 M.
1455 2204 1574 2235 Fulvio
1594 2211 1647 2243 35,
1669 2210 1697 2244 7.
1718 2203 1761 2235 cf.

1132 2252 1165 2279 et
1180 2258 1233 2287 40,
1248 2254 1288 2286 47
1304 2251 1337 2277 et
1353 2254 1403 2285 50.

1089 2289 1193 2320 Vacci
1209 2292 1301 2328 prata
1317 2290 1348 2326 8,
1367 2298 1415 2329 19.

1089 2331 1199 2361 Vades
1215 2330 1337 2370 publici
1353 2341 1373 2361 a
1384 2340 1460 2370 quo,
1472 2333 1504 2361 et
1516 2339 1580 2369 qua
1594 2328 1761 2361 occasione

1130 2372 1271 2412 primum
1287 2373 1354 2403 dati
1371 2381 1402 2411 3,
1421 2381 1468 2410 13.

1089 2414 1282 2445 Vadimonis
1294 2415 1382 2445 lacus
1394 2424 1425 2455 9,
1436 2423 1486 2455 39.
1502 2415 1544 2445 ad
1555 2414 1642 2444 hunc
1654 2414 1760 2444 lacurn

1132 2466 1206 2528 cssim
1237 2456 1383 2491 Etruscis
1419 2456 1535 2487 acriter
1569 2458 1762 2496 pugnatum,

1130 2498 1140 2528 i
1165 2499 1210 2530 id.

1091 2540 1242 2571 Valen'us
1266 2540 1393 2578 Antias,
1416 2539 1566 2571 historiae
1589 2539 1763 2571 Romanae

1132 2583 1268 2622 scriptor
1296 2591 1327 2621 3,
1357 2590 1387 2621 5.
1423 2583 1550 2612 nullum
1583 2580 1762 2611 mentiendi

1132 2625 1267 2655 modum
1299 2627 1390 2655 tenet
1421 2623 1473 2662 26,
1502 2632 1554 2664 49.
1590 2622 1763 2653 immodice

1133 2666 1278 2696 omnium
1293 2676 1399 2696 rerum
1414 2674 1585 2696 numemm
1597 2668 1694 2704 auget
1709 2673 1748 2703 33
1757 2687 1766 2701 ,

1138 2717 1184 2739 10.
1214 2707 1330 2738 citatus
1351 2715 1403 2746 25,
1425 2716 1474 2748 39.
1505 2716 1556 2747 29,
1577 2714 1628 2747 35.
1652 2715 1704 2746 3ο,
1726 2715 1763 2746 19

1133 2753 1166 2780 et
1183 2758 1232 2790 29.
1257 2758 1308 2787 32,
1324 2747 1355 2780 6.
1379 2758 1431 2787 34,
1451 2756 1497 2787 15.
1522 2755 1575 2787 35,
1597 2757 1625 2779 2.
1648 2747 1702 2786 36,
1725 2757 1763 2787 19

1135 2795 1167 2821 et
1191 2792 1240 2830 38.
1264 2790 1316 2829 38,
1338 2798 1387 2830 5ο.
1412 2800 1464 2831 39,
1486 2800 1536 2822 22.
1563 2799 1616 2828 40,
1637 2799 1687 2830 29.
1710 2798 1764 2827 41,

1135 2841 1185 2871 3²·
1209 2841 1261 2871 42,
1281 2841 1327 2863 11·
1352 2843 1404 2870 44,
1423 2842 1470 2871 13-
1494 2840 1614 2871 45s40·

1093 2874 1244 2906 Valerius
1260 2875 1409 2912 Flaccus,
1423 2874 1495 2907 trib.
1511 2873 1606 2906 milit.
1623 2880 1675 2913 25,
1694 2881 1741 2910 14.
