1888 3194
947 179 1236 218 INDEX.

453 265 541 297 agros
555 255 708 287 sociorum
726 255 837 295 populi
850 256 947 287 Rom.
961 257 1011 294 28,
1023 266 1071 294 24.

453 300 486 329 in
508 310 562 331 eos
583 299 717 330 edicitur
739 299 900 338 expeditio
918 298 965 330 26.
985 300 1024 330 cf.
1041 303 1072 329 et

453 351 492 381 33
509 346 540 372 et
557 351 605 381 34.
636 342 800 390 Lacetani,
814 352 900 381 gens,
916 352 1010 381 quam
1026 342 1072 372 in-

452 385 513 415 sita
537 385 643 415 feritas
668 390 756 414 tenet
778 384 811 414 in
833 383 928 415 armis
951 393 1001 423 34,
1023 394 1071 415 20.

453 437 561 458 eorum
585 427 739 467 oppidum
762 430 926 467 oppugnat
946 428 995 457 M.
1013 428 1072 458 Ca-

452 474 486 500 to
503 480 563 501 cos.
580 474 611 500 et
627 470 723 509 capit,
738 470 813 500 ibid.

412 512 544 544 Lacinia
558 513 639 543 Iuno
652 513 690 542 cf.
706 513 797 543 Iuno.
821 512 853 542 in
870 512 936 542 eius
951 512 1073 551 templo

452 555 558 593 multi,
576 555 629 594 qui
651 555 684 585 111
707 555 847 585 Africam
871 554 958 593 sequi
983 555 1072 583 Han-

451 598 592 628 nibalem
617 598 811 635 abnuebant,
830 597 916 627 1115511
939 596 1006 626 eius
1027 596 1072 626 in-

452 640 574 670 terfecti
592 649 643 678 30,
660 650 707 670 20.

411 681 591 720 Lacinium,
614 681 863 721 promontorium
883 688 933 719 27,
950 689 999 719 25.
1023 680 1073 720 36,

454 734 503 762 42.

411 767 555 797 Lacones
570 766 722 805 diripiunt
737 765 908 796 Patavinos
922 776 1011 805 agros
1026 775 1073 803 10,

454 819 482 840 2.
506 809 692 846 caeduntur,
702 808 778 839 ibid.
803 818 910 838 eorum
925 808 1028 847 spolia
1042 813 1074 838 et

452 851 583 881 navium
605 854 704 881 rostra
724 851 757 881 in
780 851 858 881 aede
875 851 1008 881 Iunonis
1023 861 1072 881 ve-

452 894 512 924 teri
527 894 602 931 fixa,
617 893 693 924 ibid.
711 894 749 924 cf.
767 893 1021 925 Lacedaemonii.

411 936 572 966 Laconica
587 946 641 966 ora
657 937 707 976 38,
723 946 772 975 30.

412 978 618 1016 Lacumaces,
642 979 747 1018 stirpis
769 978 872 1018 regiae
893 979 982 1018 apud
1004 979 1073 1009 Nu-

453 1021 554 1052 midas
574 1031 663 1061 puer,
678 1022 860 1061 appellatur
877 1031 896 1051 a
912 1022 1074 1052 Mezetulo

452 1074 508 1094 rex
526 1073 576 1104 29,
593 1074 641 1105 29.
672 1064 774 1094 victus
795 1074 814 1094 a
832 1064 1012 1103 Masinissa,
1027 1064 1073 1094 fu-

452 1107 497 1146 git
520 1106 552 1136 in
575 1117 684 1146 agrum
707 1107 1002 1146 Carthaginiensem
1024 1117 1073 1146 30.

452 1159 485 1179 se
510 1149 543 1179 in
567 1149 755 1180 Masinissae
782 1150 877 1180 fidem
907 1149 1073 1189 permittit,

452 1191 529 1223 ibid.

411 1233 515 1264 Lacus
531 1235 675 1265 Albanus
691 1242 720 1273 5,
739 1242 785 1273 15.
816 1234 926 1265 0105011
948 1234 981 1264 111
1004 1234 1073 1265 3111-

452 1277 596 1307 tudinem
612 1277 784 1314 insolitam,
796 1277 871 1308 ibid.
895 1277 1013 1308 Averni
1024 1287 1074 1315 24,

455 1329 504 1357 12,
532 1329 567 1358 13
594 1323 625 1350 et
654 1330 701 1351 20.
740 1320 919 1359 Begorrites
945 1330 996 1358 42,
1023 1328 1072 1358 53.

452 1362 583 1393 Curtius
602 1372 628 1399 1,
647 1372 693 1402 13.
719 1370 747 1400 7,
764 1362 791 1393 6.
820 1362 961 1392 Fucinus
977 1374 1007 1401 4,
1024 1371 1072 1402 57.

453 1404 562 1435 Ostiae
580 1413 629 1444 27,
648 1415 695 1436 11.
719 1405 865 1444 Regillus
881 1415 910 1442 2,
929 1415 974 1446 19.
998 1404 1029 1443 6,
1047 1415 1073 1437 2.

451 1446 579 1478 Timavi
602 1457 653 1486 41,
677 1456 705 1486 5.
740 1447 944 1478 Trasimenus
971 1457 1020 1486 22,
1044 1459 1073 1486 4.

452 1489 642 1520 Vadimonis
657 1500 689 1530 9,
705 1499 754 1531 39.

410 1532 447 1563 C.
470 1532 610 1569 Laelius,
639 1533 731 1563 classi
760 1544 779 1563 a
809 1532 957 1572 Scipione
987 1543 1074 1571 prae-

450 1574 552 1605 fectus
576 1574 625 1612 26,
644 1584 693 1612 42.
725 1576 764 1605 ob
788 1575 936 1605 virtutem
961 1586 1075 1606 corona

450 1627 546 1647 aurea
561 1621 592 1647 et
608 1617 735 1657 triginta
754 1619 858 1648 bubus
872 1619 1008 1648 donatur
1023 1619 1072 1656 48.

450 1659 475 1689 it
491 1660 642 1697 Romam,
661 1664 693 1690 et
715 1659 747 1690 in
771 1664 893 1696 senatu,
910 1660 1073 1700 Carthagi-

450 1713 523 1732 nem
540 1703 572 1732 N
576 1713 667 1733 ovam
685 1703 826 1742 aliasque
848 1705 942 1734 urbes
964 1707 1073 1743 captas

450 1755 528 1782 esse,
543 1745 674 1784 exponit
691 1753 741 1784 27,
759 1754 786 1785 7.
815 1746 954 1776 mittitur
969 1749 1073 1776 orator

450 1798 470 1817 a
496 1788 644 1828 Scipione
670 1789 711 1819 ad
738 1789 918 1828 Syphacem
945 1790 996 1826 28,
1026 1797 1072 1828 17.

450 1830 589 1860 mittitur
616 1831 657 1861 ad
686 1831 902 1871 praedandam
931 1831 1073 1862 Africam

452 1882 502 1914 29,
522 1883 546 1904 1.
580 1874 622 1903 3(1
646 1884 720 1904 011111
745 1873 830 1904 venit
854 1874 1024 1905 Masinissa
1044 1885 1073 1912 4.

449 1915 531 1946 redit
553 1926 593 1946 ex
613 1916 721 1947 Africa
741 1915 769 1947 6.
804 1917 910 1947 classis
933 1917 1073 1956 praefec-

449 1962 512 1996 tus,
535 1969 607 1989 cum
631 1959 780 1999 Scipione
801 1960 914 1990 transit
936 1960 969 1989 111
990 1959 1071 1989 Afri-

451 2011 521 2031 cam
535 2011 551 2031 2
556 2009 584 2040 5.
608 2011 680 2031 011111
697 2002 866 2032 Masinissa
880 2002 1016 2032 mittitur
1030 2003 1072 2033 ad

450 2045 683 2083 persequendos
712 2045 894 2084 Syphacem
927 2048 959 2075 et
989 2045 1072 2075 Has-

450 2087 615 2117 drubalem
636 2095 687 2125 30,
706 2097 734 2128 9.
771 2087 869 2117 vincit
891 2087 1072 2127 Syphacem

454 2138 499 2160 11.
536 2129 696 2168 improbat
711 2130 900 2160 Masinissae
923 2140 995 2160 cum
1017 2130 1071 2161 So-

450 2171 606 2210 phonisba
634 2172 764 2212 nuptias
793 2182 839 2211 13.
878 2183 898 2203 a
923 2172 1071 2212 Scipione

449 2214 586 2244 donatur
603 2225 717 2245 corona
734 2225 831 2245 aurea
849 2223 895 2253 15.
925 2225 999 2244 011111
1014 2215 1071 2254 Sy-

448 2256 551 2294 phace
563 2256 695 2296 aliisque
707 2257 840 2296 captivis
848 2257 988 2287 Romam
999 2257 1072 2286 mit-

448 2297 526 2327 titur
544 2298 590 2329 16.
618 2309 699 2338 quae
714 2299 746 2328 in
762 2299 871 2329 Africa
885 2302 973 2337 gesta
987 2302 1072 2336 sunt,

450 2340 581 2379 exponit
597 2341 746 2371 Patribus
764 2349 810 2380 17.
839 2340 950 2371 aedilis
968 2340 1072 2380 plebis

450 2391 501 2421 33,
519 2391 566 2421 25.
591 2386 714 2413 creatur
728 2386 854 2422 praetor
868 2392 919 2421 33,
935 2393 984 2420 24.
1008 2393 1070 2413 sor-

449 2424 527 2454 titur
549 2424 690 2456 Siciliam
713 2425 908 2464 provinciam
928 2425 975 2456 26.
1004 2435 1069 2455 am-

450 2467 539 2498 biens
563 2468 776 2505 consulatum,
802 2468 961 2507 repulsam
988 2468 1069 2508 pati-

450 2513 564 2549 111135,
578 2520 624 2541 10.
649 2514 772 2540 creatur
787 2520 847 2541 005.
865 2509 915 2548 36,
929 2519 979 2549 45.
1003 2511 1070 2541 01115

451 2552 610 2582 contentio
629 2553 668 2583 de
688 2552 851 2592 provincia
866 2563 938 2583 cum
954 2554 990 2584 L.
1004 2554 1069 2584 Sci-

450 2594 545 2634 pione
560 2595 682 2635 collega
697 2604 748 2635 37,
768 2605 792 2627 1.
822 2605 861 2626 ex
879 2594 987 2626 Gallia
1003 2596 1068 2626 Ro-

449 2647 534 2668 mam
551 2637 631 2668 redit
645 2645 696 2677 47.
722 2638 751 2668 ei
767 2648 839 2668 cum
855 2648 911 2668 suo
927 2639 1068 2669 exercitu

449 2679 481 2710 in
510 2690 630 2710 annum
666 2684 867 2721 prorogatum
898 2680 1067 2720 imperium

450 2731 499 2760 50.

407 2765 445 2796 C.
468 2765 606 2803 Laelius,
631 2766 753 2805 legatus
781 2765 813 2796 in
843 2766 1067 2797 Macedoniam

451 2817 502 2845 41,
519 2815 566 2847 27.
591 2809 713 2847 legatus
727 2809 768 2839 ad
784 2808 897 2840 Gallos
912 2813 997 2839 trans
1013 2810 1067 2839 Al-

451 2860 506 2889 pes
520 2859 572 2889 43⁹
589 2858 615 2890 7·

408 2892 583 2930 Laetorius,
598 2893 668 2925 trib.
686 2893 788 2934 plebis
805 2904 833 2932 2,
850 2893 898 2933 56.
923 2893 989 2925 eius
1005 2894 1066 2926 vio-

1157 256 1245 286 lenta
1274 254 1435 286 contentio
1461 264 1534 285 cum
1559 254 1625 294 Ap.
1642 253 1779 285 Claudio

1157 308 1219 329 005.
1235 298 1311 329 ibid.

1116 341 1154 373 C.
1172 341 1349 378 Laetorius,
1374 339 1486 371 aedilis
1512 338 1629 370 curulis
1655 348 1706 378 23,
1728 348 1779 378 3ο.

1157 384 1280 424 legatus
1297 392 1346 422 25,
1364 393 1412 414 22.
1444 386 1567 413 creatur
1588 387 1713 421 praetor
1729 380 1780 420 26,

1159 436 1207 466 23.
1225 428 1263 457 cf.
1280 430 1311 457 et
1329 434 1378 465 72,
1397 423 1779 464 7.(100011111153011513-

1158 469 1277 499 ciendis
1295 476 1344 507 27,
1359 469 1388 498 8.

1117 511 1153 542 C.
1168 511 1344 548 Laetorius,
1360 511 1482 550 legatus
1497 510 1535 541 L.
1548 509 1635 541 Furii
1655 511 1780 549 praeto-

1158 564 1199 583 ris
1214 563 1265 592 31,
1283 563 1330 584 21.

1118 595 1155 626 L.
1169 596 1345 633 Laetorius,
1360 595 1472 625 aedilis
1491 595 1604 635 plebis,
1620 594 1697 626 vitio
1716 604 1779 625 cre-

1158 642 1240 676 atus,
1256 639 1383 668 abdicat
1397 648 1430 667 se
1445 637 1630 676 magistratu
1645 646 1696 676 30,
1708 647 1759 678 39.

1117 680 1165 711 Μ.
1179 681 1355 718 Laetorius,
1367 679 1520 719 primipili
1536 679 1677 710 centurio
1690 690 1719 717 2,
1731 687 1780 719 27.

1159 723 1188 753 01
1212 724 1287 754 (1313
1314 734 1333 754 a
1363 722 1483 762 populo
1509 721 1666 752 dedicatio
1694 722 1781 753 aedis

1159 765 1322 803 Mercurii,
1335 765 1412 796 ibid.

1118 808 1216 839 Laevi
1233 808 1365 848 Ligures
1381 816 1412 847 5,
1427 815 1476 847 35.
1496 816 1547 846 33,
1563 813 1613 847 37.

1117 851 1231 891 Lagos,
1247 852 1320 881 urbs
1336 851 1386 890 38,
1405 859 1453 889 15.

1118 894 1242 931 Lamia,
1271 895 1345 924 urbs
1372 900 1422 932 27,
1447 902 1496 932 3ο.
1520 901 1571 932 32,
1595 902 1624 930 4.
1656 898 1707 931 35,
1730 901 1781 931 43.

1160 935 1211 976 36,
1230 944 1275 975 15.
1306 939 1508 976 oppugnatur
1525 946 1545 966 a
1560 934 1714 974 Philippo
1729 933 1781 973 36,

1161 986 1209 1018 25.
1241 979 1294 1019 qui
1314 980 1354 1009 ab
1370 989 1408 1009 ea
1429 978 1560 1016 recedit,
1573 977 1649 1008 ibid.
1680 987 1781 1017 oppu-

1159 1026 1273 1061 gnatur
1287 1033 1307 1053 a
1322 1021 1478 1053 Romanis
1492 1029 1544 1060 37,
1559 1031 1588 1059 4.
1612 1019 1737 1060 capitur
1752 1027 1781 1059 5.

1118 1064 1330 1104 Lampsaceni
1353 1074 1502 1096 coronam
1520 1063 1682 1103 octoginta
1703 1072 1781 1102 pon-

1159 1108 1199 1138 do
1217 1108 1356 1138 Romam
1371 1107 1504 1137 mittunt
1519 1116 1570 1145 43,
1586 1107 1614 1136 8.
1643 1105 1781 1136 referun-

1158 1154 1210 1180 tur
1224 1151 1256 1180 in
1273 1150 1428 1181 sociorum
1444 1149 1626 1184 formulam,
1640 1148 1717 1179 ibid.

1117 1192 1324 1232 Lampsacus,
1346 1194 1430 1229 urbs,
1452 1200 1502 1231 37,
1518 1198 1567 1230 35.
1600 1191 1781 1221 libertatern

1159 1245 1249 1265 suam
1265 1235 1407 1266 defendit
1422 1236 1570 1266 adversus
1584 1232 1781 1264 Antiochum

1160 1286 1210 1316 33.
1228 1279 1276 1317 38-
1294 1278 1332 1309 cf·
1349 1282 1381 1308 et
1398 1285 1449 1316 35.
1464 1287 1535 1324 4²:

1117 1320 1285 1360 Lampsus,
1301 1322 1375 1351 urbs
1390 1320 1576 1350 Thessahae
1591 1327 1643 1357 32,
1661 1328 1708 1357 14.

1118 1362 1271 1401 Lampter
1287 1363 1455 1394 Phocaeae
1471 1369 1520 1401 37,
1538 1371 1587 1401 31.

1119 1404 1281 1436 Lanienae
1310 1409 1342 1436 et
1370 1406 1522 1435 tabernae
1549 1403 1583 1434 in
1614 1402 1781 1443 publicum

1159 1452 1287 1487 emptae
1303 1458 1354 1486 44,
1373 1446 1419 1478 16.

1119 1489 1268 1521 Lanistae
1285 1491 1335 1528 28,
1354 1499 1403 1521 21.

1119 1532 1299 1606 Lanuvirgm
1323 1542 1353 1572 3,
1373 1543 1420 1574 29.
1444 1532 1476 1570 6,
1493 1542 1520 1564 2.
1544 1531 1595 1570 26,
1610 1532 1639 1563 8.
1664 1541 1714 1574 29,
1733 1541 1780 1571 14.

1160 1583 1212 1614 455
1231 1585 1242 1605 Ι
1270 1600 1277 1607 ·

1118 1617 1277 1648 Lanuvini
1300 1618 1452 1649 deficiunt
1474 1617 1506 1656 6,
1527 1627 1576 1649 21.
1609 1617 1649 1648 iis
1671 1616 1782 1648 civitas

1159 1661 1252 1691 datur
1267 1662 1298 1699 8,
1314 1671 1361 1699 14.

1116 1703 1303 1734 Lanuvinus
1328 1703 1528 1744 magistratus
1550 1701 1635 1734 feriis
1657 1701 1781 1733 Latinis

1157 1747 1373 1785 precationem
1414 1747 1578 1777 solennem
1617 1755 1682 1776 non
1720 1745 1780 1776 rite

1159 1789 1281 1829 peragit
1296 1799 1347 1827 41,
1365 1799 1413 1820 2.ο

1118 1831 1289 1862 Laodiceni
1306 1843 1345 1862 ex
1361 1832 1439 1863 Asia
1459 1831 1542 1862 inter
1555 1829 1677 1878 auxilia
1691 1830 1779 1862 Rho-

1159 1874 1284 1905 diorum
1300 1884 1352 1914 33,
1371 1874 1418 1906 18.

1118 1917 1295 1956 Lapathus,
1312 1918 1479 1948 castellum
1494 1928 1547 1956 44,
1563 1926 1580 1947 ‘2
1596 1920 1629 1947 et
1644 1915 1673 1948 6.

1117 1958 1263 1999 Lapicini
1279 1960 1393 2000 populi
1408 1970 1460 1998 41,
1478 1968 1526 1999 23.

1117 2001 1214 2042 Lapis
1251 2003 1381 2042 quidam
1417 2013 1505 2033 sacer
1540 2003 1633 2033 datur
1667 1999 1780 2040 legatis

1159 2045 1255 2076 Rom.
1286 2055 1381 2084 quem
1418 2044 1609 2076 Pessinuntii
1637 2044 1778 2074 Matrem

1157 2087 1267 2118 Deum
1284 2088 1438 2118 vocabant
1455 2097 1505 2128 29,
1523 2096 1570 2118 11.
1596 2085 1678 2126 lapis
1692 2096 1779 2116 sacer

1156 2130 1190 2160 in
1207 2140 1280 2169 agro
1297 2129 1502 2161 Crustumino
1518 2138 1569 2167 41,
1588 2135 1634 2167 17.
1663 2128 1778 2168 lapidi-

1156 2173 1214 2203 bus
1229 2172 1347 2211 pluisse
1361 2172 1485 2211 quoties
1499 2171 1709 2209 nuntiaretur,
1723 2181 1777 2202 no-

1157 2214 1302 2244 vendiale
1317 2224 1440 2244 sacrum
1456 2214 1553 2244 fiebat
1572 2223 1598 2252 1,
1614 2223 1664 2252 31.

1117 2255 1254 2295 Lapides
1274 2256 1356 2294 Atri,
1378 2257 1466 2287 locus
1485 2256 1568 2287 inter
1589 2255 1709 2296 oppida
1731 2256 1777 2287 Il·

1156 2298 1296 2338 liturgim
1311 2302 1343 2330 et
1355 2299 1544 2330 Mentissam
1558 2299 1592 2329 in
1607 2298 1778 2330 Ausetanis

1157 2340 1208 2379 26,
1227 2349 1273 2380 17.

1115 2382 1276 2422 Larentia,
1291 2394 1371 2414 uxor
1393 2384 1551 2423 Faustuli,
1573 2384 1689 2415 educat
1709 2384 1776 2415 Ro-

1154 2427 1278 2456 mulum
1294 2430 1325 2457 et
1342 2427 1482 2457 Remum
1502 2436 1528 2465 1,
1544 2438 1574 2465 4.

1114 2467 1211 2499 Lares
1232 2469 1262 2506 8,
1281 2479 1309 2510 9.
1349 2469 1525 2503 Permarjni
1551 2479 1602 2507 40,
1627 2478 1677 2508 52.
1713 2467 1775 2499 La-

1153 2511 1236 2541 rium
1253 2511 1473 2542 Permarinum
1492 2513 1586 2543 aedes
1601 2510 1775 2549 dedIcatur‚

1154 2553 1230 2584 ibid.

1113 2595 1310 2636 Largitiones
1349 2595 1506 2627 Romanis
1542 2598 1708 2636 suspectae
1743 2605 1774 2635 2,

1112 2648 1244 2712 Lai-inas
1266 2691 1339 2721 ager
1359 2690 1408 2719 22,
1434 2681 1471 2712 18
1493 2684 1526 2712 01
1547 2690 1596 2719 24.
1620 2687 1671 2721 27,
1686 2691 1727 2721 40
1741 2684 1774 2712 et

1154 2733 1203 2763 43·
1227 2731 1279 2763 45,
1295 2733 1323 2755 ‘²-

1112 2766 1247 2803 Larissa,
1261 2776 1317 2796 arx
1333 2765 1424 2806 Argis
1439 2775 1490 2805 32,
1506 2774 1554 2805 25.

1113 2809 1246 2845 Larissa,
1257 2809 1330 2839 urbs
1341 2809 1456 2839 nobilis
1468 2808 1652 2840 Thessaliae
1665 2808 1772 2849 31,46.

1153 2861 1204 2890 42,
1219 2850 1269 2890 67.
1299 2851 1441 2882 Larissae
1457 2851 1681 2882 Thessalorum
1699 2862 1772 2882 con-

1153 2894 1260 2925 cilium
1277 2893 1326 2933 36,
1337 2894 1367 2925 8.
1389 2903 1439 2932 42,
1455 2895 1503 2933 38.
1527 2895 1568 2926 ab
1579 2894 1703 2926 Larissa
1719 2895 1770 2925 ob-
