1888 3194
720 170 1013 208 INDEX.

210 244 308 278 Rom.
335 245 487 277 societate
509 248 542 275 et
565 247 638 284 post
661 243 764 274 Attali
787 244 842 274 ad-

209 292 340 319 ventum
359 287 409 325 28,
422 295 451 326 5.
474 287 593 317 saltum
606 285 842 325 Thermopyla-

206 339 279 360 rum
287 329 462 361 insidentes
470 339 490 359 a
501 328 656 368 Philippo
662 328 842 358 funduntur

209 380 238 410 7.
260 381 375 412 pacem
387 371 510 402 faciunt
519 380 593 402 cum
606 380 644 401 eo
662 379 713 411 29,
729 379 775 401 12.
799 370 841 400 ad

207 423 262 444 eos
276 414 398 454 legatos
412 413 513 443 mittit
530 412 717 452 Phihppus,
729 422 770 442 ne
785 412 839 442 ad-

206 460 305 486 ventu
326 457 424 487 Rom.
446 456 545 486 fidem
567 458 695 486 mutent
715 462 767 493 31,
789 455 838 486 28.

205 507 281 528 cum
296 498 535 529 Athamanibus
554 498 678 529 bellum
698 496 840 527 inferunt

205 540 373 580 Philippo,
397 544 431 572 et
453 541 494 571 ab
520 550 559 571 eo
585 540 764 571 caeduntur
787 549 837 577 41.

205 582 357 614 deserunt
376 586 491 620 castra,
506 587 539 613 et
554 582 588 613 in
607 582 771 613 Aetoliam
786 582 835 612 fu-

203 625 297 665 giunt
320 635 371 663 42.
401 625 593 656 Aetolorum
622 625 774 656 iuventus
802 624 835 654 in

203 668 391 708 Aegyptum
411 669 549 699 advecta
568 676 620 707 43.
643 667 835 698 Aetolorum

202 710 382 750 legatorum
398 720 473 741 cum
495 711 607 741 Attalo
625 716 658 741 et
677 708 836 740 Romanis

202 752 402 793 colloquium
426 751 477 791 46.
514 753 707 784 Aetolorum
730 751 835 783 conci-

203 795 284 826 lium
314 795 512 827 Heracleam
542 795 701 826 indictum
728 803 780 834 33,
805 802 834 832 3.

202 847 315 868 eorum
337 838 462 878 equites
482 838 595 878 fugant
613 837 738 876 equites
759 836 834 868 Phi·

201 880 286 920 lippi
300 879 331 912 6.
353 890 465 911 eorum
476 890 573 920 eques
587 879 619 910 in
634 878 772 910 Graecia
787 882 836 910 est

201 922 298 962 longe
306 923 460 962 optimus,
472 923 580 962 pedite
590 923 674 953 inter
683 921 836 952 finitimos

204 964 376 995 vincuntur
397 972 424 1004 7.
448 975 559 995 eorum
575 965 737 1004 querelae,
753 963 834 994 insa-

201 1006 324 1038 tiabilis
347 1007 486 1038 aviditas
511 1007 662 1046 praedae,
689 1010 721 1037 et
750 1015 834 1036 arro-

199 1049 311 1088 gantia
336 1058 383 1080 11.
406 1049 491 1079 inter
510 1059 565 1080 eos
583 1053 615 1080 et
639 1048 834 1085 Quinctium

200 1092 242 1122 de
266 1090 388 1122 Thebis
419 1090 615 1122 Phthioticis
643 1090 834 1130 disceptatio

204 1142 251 1172 13.
274 1133 364 1173 pacis
382 1143 455 1164 cum
478 1132 635 1173 Philippo
660 1133 747 1172 leges
769 1143 834 1163 non

198 1176 381 1216 approbant
411 1184 448 1215 31
481 1179 515 1206 et
542 1183 592 1215 35.
629 1174 758 1214 ingenio
786 1174 833 1204 in-

199 1218 310 1258 quieta
333 1228 413 1258 gens
435 1229 486 1256 44.
517 1218 709 1248 Aetolorum
733 1216 833 1247 animi

199 1271 257 1291 cur
271 1260 404 1291 alienati
415 1270 436 1290 a
451 1259 605 1291 societate
618 1260 770 1290 Romana
782 1269 833 1300 49.

199 1302 397 1334 invehuntur
417 1302 451 1333 in
467 1302 694 1341 Athenienses,
711 1306 744 1333 et
768 1302 833 1332 Ro-

199 1355 315 1376 manos
338 1345 527 1377 insimulant
556 1345 679 1376 fraudis
705 1353 758 1383 34,
783 1353 832 1383 23.

199 1387 365 1419 concitant
386 1398 476 1428 reges
498 1388 541 1418 ad
563 1387 688 1418 bellum
713 1387 834 1418 Roma-

198 1440 278 1461 num
294 1438 347 1469 35,
367 1440 413 1461 12.
437 1431 603 1461 decretum
618 1429 753 1467 faciunt,
769 1439 833 1468 quo

199 1473 370 1503 arcessitur
380 1472 562 1504 Antiochus
575 1472 618 1503 ad
633 1472 833 1503 liberandam

200 1514 373 1546 Graeciam
399 1523 450 1554 33.
481 1519 643 1554 occupant
671 1514 832 1545 Demetri-

199 1558 294 1588 adem
312 1558 424 1588 urbem
437 1566 487 1596 34.
512 1557 545 1588 N
548 1557 623 1587 abin
636 1556 834 1587 interficiunt

200 1608 251 1638 35.
274 1599 409 1630 mittunt
422 1599 531 1639 copias
544 1599 836 1635 Lacedaemonem,

198 1642 242 1674 ib.
266 1642 445 1673 caeduntur
459 1652 479 1673 a
501 1641 767 1673 Lacedaemoniis
783 1639 833 1680 36.

199 1684 391 1716 Chalcidem
416 1694 604 1724 oppugnare
627 1687 755 1715 tentant
783 1691 833 1722 37.

200 1727 399 1758 Antiochum
415 1727 585 1767 appellant
605 1727 833 1766 imperatorem

198 1778 251 1808 45.
274 1779 384 1800 eorum
401 1780 475 1800 01101
488 1769 757 1800 Chalcidensibus
769 1768 832 1798 col-

199 1812 345 1852 loquium
368 1811 419 1850 46.
443 1816 572 1842 tentant
590 1811 693 1842 socios
713 1811 832 1841 Roma-

199 1864 314 1885 norum
332 1863 382 1893 47.
406 1865 440 1885 se
455 1854 655 1893 coniungunt
671 1853 835 1884 Antiocho

199 1895 252 1935 36,
267 1907 297 1937 9.
320 1896 493 1927 includunt
508 1907 577 1927 sese
593 1896 787 1932 Heracleae,
801 1900 833 1926 01

199 1939 274 1978 iuga
303 1938 422 1969 montis
456 1940 560 1970 001110
590 1943 752 1977 occupant
787 1936 832 1968 16.

198 1981 378 2012 caeduntur
406 1981 452 2012 18.
485 1980 667 2011 Heracleae
686 1980 832 2011 obsiden-

197 2027 251 2054 tur
267 2032 316 2054 22.
341 2023 533 2063 permittunt
549 2033 583 2054 se
599 2022 630 2053 in
648 2023 744 2053 tidem
767 2022 831 2053 Ro-

198 2075 380 2103 manorum,
395 2069 427 2096 et
446 2065 596 2105 gravibus
619 2064 759 2096 consulis
774 2064 831 2094 im-

198 2108 295 2148 periis
317 2118 425 2139 rursus
447 2108 489 2139 ad
509 2108 634 2138 bellum
657 2107 834 2138 incitantur

199 2150 238 2181 28
254 2154 287 2182 et
304 2159 354 2192 29.
377 2150 496 2182 obsessi
513 2150 545 2181 in
563 2151 640 2181 urbe
658 2149 833 2189 Naupacto

198 2192 376 2233 implorant
411 2203 506 2233 opem
538 2192 578 2225 T.
596 2191 746 2228 Quinctii
782 2200 832 2231 34.

198 2235 375 2276 impetrant
401 2235 543 2266 indutias
561 2238 594 2266 et
615 2235 737 2275 legatos
761 2234 832 2264 mit-

199 2281 274 2308 tunt
295 2278 435 2309 Romam
459 2286 511 2317 35.
544 2277 592 2310 Ili
613 2277 733 2308 insecta
753 2287 833 2317 pace

198 2319 408 2351 dimittuntur
423 2327 476 2360 37,
497 2330 520 2351 1.
544 2330 656 2351 eorum
674 2319 835 2360 principes

199 2361 231 2392 in
255 2362 446 2394 Lautumias
467 2363 605 2394 coniecti
627 2367 703 2393 sunt
725 2371 755 2402 3.
779 2372 830 2393 oc-

198 2409 322 2444 cupant
342 2409 487 2436 montem
503 2405 660 2436 Coracem
678 2416 706 2443 4.
731 2405 831 2444 impe-

198 2451 284 2478 trant
310 2458 330 2478 a
353 2458 416 2480 cos.
463 2447 499 2479 L.
517 2447 670 2488 Scipione
692 2446 832 2477 indutias

198 2499 254 2521 sex
270 2489 429 2520 mensium
449 2496 476 2528 7.
503 2500 565 2529 pax
583 2489 754 2520 convenire
770 2499 833 2519 non

199 2536 305 2572 potest
317 2542 368 2573 49.
385 2532 525 2563 inferunt
536 2532 657 2563 bellum
669 2531 832 2571 Dolopiae

198 2578 231 2605 ct
247 2574 475 2612 Athamaniae,
490 2574 568 2606 ibid.
585 2578 616 2605 et
633 2575 685 2613 38,
706 2584 730 2605 1.
756 2575 831 2604 Am-

199 2616 397 2657 philochiam
410 2617 555 2657 aliasque
567 2617 661 2648 urbes
672 2622 832 2656 occupant

200 2659 252 2699 38,
273 2668 302 2698 3.
333 2669 447 2699 pacem
472 2663 588 2699 petunt
610 2670 629 2689 a
655 2659 702 2690 M.
718 2658 833 2690 Fulvio

199 2711 262 2734 cos.
279 2703 309 2734 8.
331 2702 454 2742 legatos
470 2702 605 2733 mittunt
623 2702 763 2733 Romam
787 2711 832 2732 ιο.

200 2743 287 2783 leges
307 2745 396 2784 pacis
418 2755 492 2776 cum
511 2744 636 2775 Aetolis
661 2753 706 2775 11.
731 2744 771 2774 dc
796 2743 833 2774 iis

199 2785 378 2826 triumphat
395 2787 444 2818 Μ.
457 2786 593 2818 Fulvius
605 2795 657 2827 39,
670 2795 698 2825 5.
722 2796 830 2817 corum

200 2827 322 2859 mutui·
335 2828 488 2860 caedibus
508 2828 539 2859 111
561 2829 751 2868 semctipsos
768 2839 831 2858 vcr-

201 2878 255 2900 sus
273 2870 358 2901 furor
382 2880 434 2908 41,
452 2879 503 2910 3ο.
527 2881 638 2903 corum
659 2871 834 2902 discordias

929 244 1013 283 sopit
1031 246 1094 284 Ap.
1106 245 1264 276 Claudius
1284 247 1407 286 legatus
1422 252 1453 278 et
1475 248 1561 279 Mar—

929 286 1031 316 cellus
1054 296 1106 324 42,
1124 295 1152 325 5.
1177 288 1286 317 Aetoli
1307 294 1478 320 occurrunt
1497 300 1561 321 sor—

928 328 1030 359 didati
1055 329 1093 360 L.
1109 329 1251 360 Aemilio
1282 330 1400 361 Paullo
1431 340 1482 370 45,
1510 332 1560 364 28.

927 380 1038 401 eorum
1053 372 1204 410 querelae
1219 372 1260 402 de
1277 372 1478 412 principibus
1496 373 1563 404 suis

928 412 1115 451 interfectis,
1140 417 1197 444 aut
1223 413 1256 444 in
1286 414 1437 445 exsilium
1466 415 1558 453 actis,

925 454 1003 486 ibid.
1027 456 1068 486 de
1082 466 1121 487 eo
1136 456 1265 495 negotio
1281 456 1420 496 cognitio
1437 461 1469 487 et
1478 457 1560 488 iudi-

926 497 1013 528 cium
1035 507 1085 537 31.
1109 498 1230 536 Aetoli,
1244 509 1322 538 gens
1342 499 1486 538 inquieta
1507 508 1560 538 31,

927 540 977 571 28.
1010 540 1183 571 vanissima
1206 545 1239 571 et
1264 541 1479 581 ingratissima
1505 541 1558 580 36,

930 590 976 621 17.
1006 583 1196 613 umbilicum
1226 583 1384 614 Graeciae
1410 583 1558 614 incolunt

923 633 976 664 35,
995 625 1042 656 18.
1066 626 1258 656 Aetolorum
1275 625 1461 664 concilium,
1477 630 1510 656 et
1525 626 1558 656 10

923 677 961 698 00
991 667 1169 708 legatorum
1200 668 1420 700 Macedonum
1448 672 1559 699 contra

923 709 1092 742 Romanos
1112 710 1214 742 oratio
1230 719 1283 750 31,
1300 720 1349 752 29.
1374 715 1407 741 et
1423 710 1558 742 Atheni-

922 753 1046 783 ensium
1064 762 1114 791 30.
1131 757 1163 784 et
1176 753 1273 793 legati
1290 753 1388 784 Rom.
1405 762 1455 792 31.

881 795 920 827 C.
934 795 1097 833 Afranius,
1112 795 1260 826 tribunus
1274 795 1380 836 plebis
1395 804 1447 835 33,
1464 805 1514 826 22.

880 838 920 869 C.
937 837 1089 869 Afranius
1115 837 1242 876 Stellio,
1269 842 1397 878 praetor
1426 847 1478 879 39,
1504 847 1554 878 23.

922 879 1070 910 triumvir
1084 880 1230 911 coloniae
1246 880 1456 912 deducendae
1473 890 1524 920 55.

881 922 920 954 C.
932 922 1095 957 Afranius,
1111 931 1163 961 43,
1180 932 1229 954 20.

882 964 1025 995 Africam
1056 965 1216 1004 praesidio
1246 965 1353 996 firmat
1388 965 1557 996 Hannibal

925 1016 975 1044 21,
997 1016 1047 1037 22.-
1070 1007 1102 1037 in
1120 1007 1231 1039 Africa
1250 1017 1300 1038 res
1319 1008 1406 1039 male
1427 1012 1518 1048 gesta
1537 1019 1557 1038 a

922 1049 1057 1080 Servilio
1076 1059 1140 1081 cos.
1157 1058 1209 1087 22,
1224 1058 1274 1088 31.
1291 1060 1363 1080 eam
1378 1051 1557 1090 populatur

923 1091 970 1121 M.
990 1091 1142 1124 Valerius
1178 1092 1336 1123 Messalla
1370 1100 1422 1132 27,
1457 1102 1486 1132 5.
1524 1097 1557 1124 ct

921 1133 1032 1164 elassis
1053 1133 1179 1164 Punica
1201 1143 1251 1175 29.
1274 1134 1308 1165 in
1329 1135 1473 1166 Africam
1494 1139 1555 1166 1111-

920 1174 989 1206 iicit
1004 1175 1113 1216 Scipio
1130 1185 1182 1217 29,
1198 1175 1249 1208 26.
1271 1187 1318 1216 sq.
1333 1177 1366 1207 in
1383 1177 1494 1208 Africa
1508 1187 1558 1208 res

919 1221 1040 1258 gestae,
1055 1218 1249 1258 imperatore
1264 1218 1416 1258 Scipione
1432 1229 1485 1259 30,
1501 1228 1530 1258 3.

880 1260 950 1291 Afri
966 1260 1150 1291 tenduntur
1163 1271 1183 1291 a
1198 1261 1420 1300 quaestoribus
1437 1271 1488 1301 27,
1508 1271 1555 1303 19.

920 1312 999 1342 gens
1014 1303 1143 1334 mobilis
1157 1306 1256 1342 atque
1271 1303 1373 1334 infida
1390 1313 1441 1344 29,
1457 1313 1486 1343 3.

880 1345 1051 1376 Africanae
1070 1345 1155 1377 ludis
1170 1345 1378 1377 Circensibus
1392 1346 1557 1377 adhibitae

922 1398 974 1426 44,
993 1388 1042 1418 18·

880 1430 1067 1461 Africanum
1092 1440 1269 1470 cognomen
1291 1430 1379 1461 unde
1403 1434 1554 1471 coeptum

920 1473 972 1510 sit,
988 1483 1053 1503 non
1069 1477 1195 1504 constat
1211 1481 1264 1512 30,
1280 1482 1331 1512 45.

879 1515 1018 1552 Africus,
1034 1518 1148 1546 ventus
1166 1514 1216 1553 26,
1232 1525 1283 1553 42.
1307 1524 1359 1555 3ο,
1377 1525 1429 1554 ²4·

879 1557 1027 1597 Agalsus,
1048 1557 1194 1596 equitum
1212 1558 1394 1597 praefectus
1409 1569 1461 1596 44,
1477 1567 1526 1597 30.

882 1599 1140 1639 Agamemnonia
1169 1599 1279 1630 classis
1308 1599 1400 1631 mille
1425 1601 1556 1631 navium

924 1650 977 1680 459
996 1650 1045 1680 ²7·

882 1685 1045 1723 Agasones
1067 1683 1223 1714 adiuvant
1246 1683 1412 1715 victoriam
1436 1684 1557 1716 Roma-

921 1736 1034 1756 norum
1068 1733 1098 1765 7,
1132 1736 1180 1764 14,
1215 1734 1261 1765 15.
1298 1737 1453 1767 agasones
1482 1737 1556 1758 cum

921 1769 1012 1808 equis
1028 1768 1204 1809 phaleratis
1219 1770 1305 1800 dono
1321 1769 1387 1799 dati
1404 1778 1456 1809 43,
1475 1779 1502 1809 7.

879 1812 1020 1850 Agassae
1034 1812 1120 1849 urbs,
1137 1822 1188 1849 44,
1207 1818 1233 1850 7.
1250 1820 1303 1850 45,
1320 1820 1369 1851 27.

880 1853 1086 1893 Agathocles,
1116 1863 1170 1884 rex
1207 1854 1428 1893 Syracusanus
1456 1859 1555 1886 trans-

921 1906 1045 1936 gressus
1071 1895 1103 1926 10
1129 1895 1284 1935 Africam,
1307 1897 1443 1935 bellum,
1470 1898 1556 1928 unde

923 1941 1063 1975 venerat,
1078 1948 1116 1969 z‘u
1120 1937 1193 1968 ertit
1210 1939 1261 1977 28,
1277 1947 1327 1977 43.

879 1981 1079 2021 Λ311111)1111,
1095 1980 1265 2020 oppidum,
1280 1981 1431 2012 colluvici
1453 1981 1555 2013 homi-

921 2033 999 2053 num
1016 2023 1196 2063 perfugium
1222 2022 1273 2061 26,
1288 2033 1338 2061 4ο.
1365 2032 1416 2063 27,
1435 2034 1482 2056 12.

879 2067 991 2104 Agem·
984 2076 1003 2096 1
1018 2065 1164 2104 equitum
1182 2072 1234 2104 37,
1250 2075 1300 2104 40.

879 2109 1013 2146 Agcma,
1030 2107 1113 2147 legio
1130 2108 1349 2139 Macedonum
1366 2118 1418 2146 42,
1434 2118 1485 2148 51.

879 2150 1046 2190 Agepolis,
1059 2149 1209 2190 princeps
1220 2151 1390 2190 legationis
1406 2151 1555 2183 Rhodiae

922 2201 974 2231 45⁹
990 2201 1020 2231 3·

880 2235 966 2275 Ager
985 2239 1100 2275 captus
1119 2246 1159 2266 ex
1177 2235 1322 2266 hostibus
1341 2235 1458 2266 viritim
1475 2235 1553 2267 divi-

921 2288 975 2308 sus
989 2288 1008 2308 a
1029 2278 1095 2310 Ser.
1109 2278 1221 2309 Tullio
1247 2288 1273 2315 1,
1288 2278 1338 2316 46.
1363 2278 1553 2320 Tarquinio-

922 2330 993 2350 rum
1010 2325 1213 2351 consecratus
1231 2320 1343 2358 Marti,
1358 2321 1419 2351 suit
1438 2321 1555 2352 deinde

919 2362 1059 2394 Martius
1073 2373 1208 2403 campus
1226 2373 1255 2401 2,
1271 2372 1300 2402 5.
1324 2373 1414 2394 sacer
1429 2364 1555 2403 Apolli-

920 2405 969 2436 nis
994 2414 1046 2444 32,
1072 2415 1125 2454 4⁰2
1153 2405 1219 2445 agri
1246 2406 1396 2446 assignati
1422 2406 1554 2446 privatis

922 2458 979 2488 pro
1010 2447 1148 2488 pecunia
1178 2457 1230 2487 31,
1257 2457 1304 2487 13.
1334 2448 1417 2488 agris
1442 2448 1552 2479 donati

923 2489 1042 2520 milites
1057 2490 1218 2530 Scipionis
1234 2499 1286 2529 31,
1303 2500 1352 2532 49.

878 2532 1120 2572 Agesimbrotus
1151 2534 1332 2573 praefectus
1360 2532 1553 2564 Andriorum

920 2583 972 2613 31,
995 2574 1048 2647 Ι466.
1078 2581 1203 2615 praeest
1228 2575 1320 2606 classi
1348 2575 1552 2607 Rhodiorum

948 2640 974 2653 -,
1033 2641 1042 2652 ,
1083 2627 1109 2649 2.

880 2626 1076 2699 Agesipolis?
1097 2659 1247 2700 princeps
1273 2660 1421 2691 exsulum
1455 2659 1551 2690 Lacc-

921 2702 1164 2733 dacnroniorum
1183 2712 1234 2742 34,
1252 2702 1303 2733 26.

880 2745 1003 2783 Agmcn
1020 2745 1213 2784 quadratum
1237 2753 1265 2781 7,
1286 2755 1333 2785 29.
1361 2754 1410 2784 31.
1429 2753 1477 2784 37.
1504 2753 1554 2783 39.

922 2795 972 2824 30.

881 2831 990 2868 Aguus
1014 2834 1174 2860 mactatus
1191 2829 1231 2859 ad
1255 2829 1460 2860 sanciendam
1485 2837 1550 2867 pro-

922 2872 1089 2904 missorum
1108 2872 1204 2903 tidem
1224 2880 1273 2909 21,
1291 2880 1339 2910 ⁴3·
