1888 3194
390 225 474 263 520
901 217 1270 259 EPILOGUS.

392 337 550 378 tionem
578 336 694 377 Petri
722 336 937 377 Lnrbecii
968 336 1020 377 de
1055 336 1125 376 illo
1153 335 1337 376 hab³tam
1372 350 1424 376 ex
1459 334 1645 376 editione
1674 334 1785 376 Dra-

392 415 704 457 kenborchiana
725 415 926 470 excerpsi,
949 430 1116 455 necnon
1137 415 1347 470 specimen
1370 414 1597 470 scripturae
1621 428 1673 454 ex
1694 413 1785 469 ipso

393 494 537 535 codice
561 494 856 550 depromptum
884 493 981 533 huic
1008 502 1121 533 tomo
1150 493 1495 548 praeponendum
1524 492 1677 541 curavi,
1701 506 1786 546 quo

393 574 523 629 magis
561 574 743 629 pretium
784 573 898 613 unici
939 572 1050 612 illius
1091 571 1362 626 manuscripti
1403 572 1596 612 omnibus
1637 570 1786 611 clarius

393 652 637 692 innotescat.
701 652 847 706 Atque
884 651 989 691 forte
1022 650 1217 705 quadam,
1249 658 1297 690 ut
1333 649 1540 690 studiosae
1576 648 1787 690 iuventuti

395 730 636 785 exemplum
686 738 839 784 pateat,
882 729 1030 784 quanti
1079 729 1239 769 fructus
1289 729 1542 769 accuratiore
1593 728 1787 769 codicum

394 808 653 863 inspectione
690 807 827 847 adhuc
863 807 1058 863 sperandi
1094 807 1189 856 sint,
1227 806 1271 846 in
1311 806 1392 846 hoc
1432 806 1522 862 ipso
1559 805 1788 862 exemplari

394 885 518 926 lectio
559 900 667 925 nova
707 894 889 941 apparet,
933 901 1040 941 quae
1082 885 1224 927 oculos
1268 886 1472 926 hactenus
1511 884 1788 926 scrutantium

393 965 545 1020 fugisse
582 964 759 1013 videtur,
797 963 967 1013 scilicet,
1005 963 1030 1004 l.
1066 967 1133 1005 24.
1165 967 1406 1019 priusquam
1447 966 1488 1004 z'n
1528 965 1789 1018 mayz'stratus

388 1047 750 1099 proficiscerentur,
792 1058 868 1098 pro
906 1045 1144 1098 priusquam
1190 1046 1452 1098 matqistratus
1486 1044 1788 1098 proficisceren-

394 1130 473 1172 tur,
515 1122 630 1178 quod
671 1136 817 1162 omnes
857 1120 1063 1162 editiones
1099 1136 1231 1176 usque
1269 1121 1321 1162 ad
1357 1121 1436 1162 hoc
1473 1121 1672 1177 temporis
1715 1136 1789 1162 ex-

393 1202 553 1243 hibent.
617 1200 730 1241 Mihi
767 1199 939 1255 quidem
975 1199 1019 1240 id
1055 1200 1197 1240 multis
1230 1200 1418 1256 undique
1455 1200 1659 1256 exemplis
1694 1215 1789 1256 per-

394 1296 561 1322 suasum
591 1289 665 1329 est,
693 1279 831 1335 plures
862 1279 1062 1320 lectiones
1090 1279 1218 1320 etiam
1250 1279 1291 1319 in
1325 1279 1552 1328 codicibus,
1575 1279 1649 1335 qui
1677 1286 1787 1337 sunt,

394 1360 456 1400 uti
477 1360 587 1400 fama
607 1367 681 1407 est,
706 1358 881 1406 ixcussi,
902 1358 1039 1398 adhuc
1063 1359 1104 1398 in
1123 1357 1259 1398 lucem
1277 1358 1580 1413 protrahendas
1607 1388 1624 1396 η,
1647 1372 1787 1408 anere,

395 1448 520 1494 atque
563 1452 711 1492 operae
752 1436 935 1491 pretium
972 1435 1058 1476 fore
1097 1435 1289 1476 meliores
1326 1435 1504 1484 codices,
1542 1436 1731 1491 quamvis
1766 1451 1791 1477 a

396 1514 747 1557 Drakenborchio
766 1514 856 1569 ipso
874 1513 1048 1568 aliisque
1068 1513 1251 1562 collatos,
1271 1513 1421 1554 iterum
1439 1513 1681 1569 diligentius
1697 1528 1790 1570 per-

393 1594 607 1635 volutare:
643 1592 758 1648 quod
780 1607 832 1632 ne
855 1591 921 1632 cui
946 1600 1101 1631 temere
1124 1591 1278 1632 dixisse
1300 1591 1455 1641 videar,
1478 1606 1654 1633 messem
1675 1592 1790 1633 illam

396 1672 550 1728 largam
580 1671 809 1711 lectionum
844 1685 897 1710 ex
929 1669 1073 1710 codice
1107 1669 1408 1725 Bambcrgcnsi
1439 1670 1788 1722 memorabilium,

398 1767 524 1808 quam
557 1750 743 1805 vestigiis
779 1748 967 1790 Goelleri
1001 1756 1043 1789 et
1075 1747 1258 1789 Bekkeri
1291 1749 1486 1790 insistens
1520 1748 1791 1806 Kreyssigius

396 1831 576 1887 collegit,
619 1829 843 1870 lectoribus
893 1827 1226 1884 perlustrandam
1267 1827 1531 1869 commendo.
1614 1826 1791 1869 Utinam

398 1909 584 1965 quidem,
630 1908 675 1949 id
715 1907 831 1963 quod
874 1906 1109 1948 Creuzerus
1151 1907 1194 1946 in
1240 1906 1426 1948 editione
1467 1921 1542 1948 sua
1585 1906 1789 1948 librorum

399 1988 460 2030 M.
498 1987 629 2028 Tullii
669 1985 886 2027 Ciceronis
922 1985 975 2026 de
1013 1984 1249 2040 Republica
1285 1984 1340 2024 ΙΙ.
1379 1999 1413 2025 c.
1449 1988 1516 2025 20.
1555 1984 1789 2035 admonuit,

399 2073 410 2090 ‘
427 2066 627 2107 Livianae
648 2064 808 2120 primae
830 2062 1023 2112 decados,
1046 2063 1122 2103 etsi
1149 2076 1234 2103 non
1259 2062 1459 2116 integrae,
1483 2061 1634 2103 nobilis
1655 2061 1791 2104 Vero-

399 2144 567 2185 ‘nensis
611 2142 904 2198 palimpsestus
944 2140 1170 2196 aliquando
1211 2139 1264 2180 ad
1304 2139 1478 2180 verbum
1518 2139 1789 2190 exscribatur,

399 2230 411 2248 ‘
427 2224 600 2277 eiusque
621 2221 791 2269 fructus,
814 2228 861 2260 ut
888 2233 1020 2274 spero,
1044 2233 1129 2258 non
1158 2217 1359 2267 modicus,
1383 2233 1479 2259 cum
1501 2218 1667 2260 erudito
1689 2219 1788 2261 orbe

399 2307 409 2324 ‘
425 2297 783 2341 communicetur.’

455 2379 523 2420 De
546 2376 760 2418 codicibus
780 2374 930 2415 nostris
950 2373 1263 2415 Oxoniensibus
1282 2374 1494 2416 Hearnius
1516 2376 1560 2416 in
1581 2391 1655 2417 sua
1676 2374 1788 2417 Livii

397 2458 581 2500 editione
603 2453 811 2511 quaedam
833 2453 1040 2509 exposuit,
1063 2467 1170 2508 quae
1191 2453 1393 2495 brevitate
1415 2454 1545 2495 nimia
1563 2454 1789 2497 lectoribus

398 2537 567 2578 fortasse
626 2548 774 2589 parum
822 2532 1106 2573 satisfecerint.
1190 2531 1335 2580 Quum
1385 2533 1513 2589 igitur
1559 2548 1668 2574 unus
1714 2543 1788 2576 aut

398 2617 501 2659 alter
520 2615 655 2657 codex
680 2613 919 2669 nuperrime
942 2613 986 2653 in
1007 2612 1305 2654 bibliothecam
1328 2611 1604 2654 Bodleianam
1625 2612 1788 2655 delatus

397 2694 534 2744 fuerit,
556 2708 695 2750 neque
725 2692 918 2734 codicum
946 2691 1219 2732 Livianorum
1247 2689 1361 2746 apud
1384 2689 1649 2732 Oxonienses
1677 2699 1788 2733 cata-

397 2773 516 2830 logus
546 2772 590 2813 in
620 2770 837 2828 publicum
865 2770 1002 2811 adhuc
1030 2769 1245 2826 prodierit,
1267 2784 1357 2810 rem
1378 2769 1551 2811 minime
1578 2770 1785 2826 ingratam

396 2851 621 2893 lectoribus
643 2865 708 2891 me
730 2849 938 2891 facturum
958 2849 1075 2899 duxi,
1097 2848 1131 2889 si
1160 2848 1347 2904 singulos
1375 2849 1555 2900 codices,
1579 2849 1652 2906 qui
1673 2849 1785 2906 apud
