1888 3194
645 187 939 227 INDEX.

92 290 95 293 .
137 264 237 297 aedes
255 264 290 296 in
309 265 378 296 foro
397 263 508 296 boario
530 271 584 302 33,
599 269 649 302 27.
672 262 770 293 aedes

139 306 256 340 Satrici
274 308 325 346 28,
343 315 391 339 11.

97 347 222 382 Matres
245 351 341 388 duae,
362 347 502 389 receptis
527 350 654 388 praeter
676 356 769 387 spem

138 391 225 430 filiis,
238 391 357 433 gaudio
371 391 599 422 exanimantur
615 398 667 428 22,
685 396 713 429 7.

96 433 271 472 Materina,
286 434 383 474 plaga
397 434 432 465 in
449 433 583 466 Umbris
597 442 629 474 9,
645 441 697 471 41.

96 476 136 508 C.
147 477 316 509 Matienus
333 480 459 508 creatur
476 476 627 507 duumvir
646 474 772 506 navalis

138 529 192 559 40,
213 518 262 551 26.
294 520 493 559 praedonum
515 519 670 560 Ligurum
691 518 772 549 duas

138 571 177 593 ac
192 562 323 603 triginta
337 572 436 594 naves
450 561 538 602 capit
554 562 605 594 28.

95 603 147 636 M.
160 605 338 643 Matienus,
353 609 482 645 praetor
497 615 550 643 41,
566 613 617 644 33.
639 603 771 635 sortitur

139 647 335 688 Hispaniam
362 648 546 679 ulteriorem
578 657 630 687 42,
665 657 690 678 1.
728 647 769 678 ab

138 690 297 731 Hispanis
317 691 522 722 ulterioribus
542 690 583 721 ad
601 699 769 730 recupera-

137 736 223 764 tores
242 734 414 772 adductus,
429 733 679 774 ampliatusque,
695 742 769 763 cum

137 775 276 808 dicenda
295 777 336 808 de
358 776 481 817 integro
501 787 598 808 causa
621 780 715 813 esset,
735 775 768 806 in

138 819 288 850 exsilium
304 819 372 850 abit
389 819 492 850 Tibur
507 828 559 859 43,
576 829 604 850 2.

97 859 136 891 P.
149 862 327 899 Matienus,
342 862 488 893 tribunus
506 862 647 893 militum
671 870 722 902 29,
738 859 768 892 6.

76 930 78 932 ,
138 914 158 935 a
179 905 340 936 Pleminio
362 905 455 946 virgis
475 915 597 943 caesus,
617 903 767 935 interfici-

138 951 192 978 tur
227 971 234 978 .

95 957 250 1022 Matroiia
264 991 366 1029 nulla,
384 990 444 1021 nisi
464 994 629 1030 spectatae
645 988 767 1030 pudici-

138 1032 215 1071 tiae,
229 1037 262 1064 et
277 1044 360 1073 quae
375 1033 430 1064 uni
450 1033 513 1064 viro
528 1036 632 1073 nupta
646 1032 768 1070 fuisset,

137 1075 189 1106 ius
208 1077 407 1107 sacrificandi
428 1076 526 1107 habet
542 1076 575 1106 in
595 1086 650 1106 ara
668 1075 764 1106 Pudi·

138 1118 236 1152 citiae
266 1119 412 1159 plebeiae
440 1128 489 1156 10,
517 1127 565 1157 23.
603 1122 768 1148 matronae

138 1170 197 1200 per
210 1171 331 1192 annum
348 1162 459 1201 lugent
481 1161 619 1191 Brutum
637 1170 666 1198 2,
685 1168 712 1200 7.
736 1164 768 1190 et

140 1203 309 1235 Valerium
341 1204 545 1236 Publicolam
574 1201 620 1235 16.
652 1212 767 1234 aurum

138 1250 172 1277 et
200 1247 309 1278 omnia
338 1251 528 1278 ornamenta
551 1245 584 1281 in
610 1245 767 1277 aerarium

138 1289 308 1321 conferunt
324 1298 354 1328 5,
371 1299 421 1330 25.
444 1290 567 1320 obeam
580 1288 767 1319 munificen-

138 1332 218 1363 tiam
240 1332 279 1363 iis
301 1332 404 1364 honor
423 1332 563 1370 habitus,
584 1335 621 1362 ut
645 1331 768 1371 pilento

137 1375 179 1407 ad
201 1385 292 1407 sacra
313 1376 483 1416 ludosque,
506 1375 666 1415 carpentis
688 1374 769 1405 festo

139 1419 345 1458 profestoque
363 1422 539 1455 uterentur,
555 1417 630 1448 ibid.
653 1427 768 1448 aurum

138 1461 217 1492 item
234 1461 464 1499 conferunt,ad
479 1470 638 1491 summam
654 1464 769 1500 pactae

139 1504 296 1535 mercedis
318 1504 424 1535 Gallis
453 1503 687 1534 conficiendam
718 1510 768 1541 50.

139 1547 216 1578 hinc
232 1547 425 1585 decernitur,
440 1551 477 1577 ut
492 1556 614 1584 earum,
625 1545 707 1576 sicut
724 1545 767 1576 vi-

139 1599 259 1628 rorum,
274 1590 435 1620 sollennes
452 1593 523 1629 post
546 1594 682 1620 mortem
700 1588 767 1618 lau-

139 1633 286 1663 dationes
306 1636 423 1670 essent,
443 1632 520 1664 ibid.
551 1631 589 1662 iis
610 1641 667 1672 pro
689 1641 767 1662 auro

138 1675 279 1716 pretium
300 1675 491 1716 persolvitur
505 1673 537 1712 6,
554 1686 582 1712 4.
606 1674 769 1705 veneficae

139 1718 181 1749 ad
210 1723 340 1750 centum
365 1718 570 1758 septuaginta
596 1718 768 1748 damnatae

140 1762 171 1799 8,
201 1762 248 1792 18.
285 1762 387 1801 stupri
416 1761 601 1797 damnatae,
630 1759 768 1800 pecunia

139 1804 320 1835 multantur
339 1814 387 1841 1ο,
402 1813 453 1842 31.
477 1803 627 1834 dedicant
650 1801 767 1834 Iunoni

138 1846 263 1887 signum
294 1857 430 1878 aeneum
462 1846 494 1878 in
525 1845 687 1877 Aventino
719 1854 769 1882 21,

139 1888 191 1922 62.
229 1890 305 1921 item
333 1890 451 1929 pelvim
479 1899 608 1919 auream
643 1897 694 1928 27,
718 1896 767 1927 37.

140 1942 198 1972 per
212 1933 319 1964 omnia
335 1933 469 1963 delubra
485 1943 581 1971 vagae
602 1931 769 1972 suppliciis

141 1975 285 2016 votisque
319 1975 453 2015 fatigant
490 1975 578 2006 Deos
609 1984 657 2014 50.
696 1984 768 2005 cum

141 2019 294 2059 Scipione
309 2020 435 2049 obviam
453 2024 530 2049 eunt
548 2017 655 2048 Deum
671 2016 769 2048 Matri

142 2071 192 2103 29,
212 2071 258 2100 14.
283 2061 394 2092 habitu
412 2061 614 2092 Baccharum
632 2060 771 2091 crinibus

109 2125 113 2131 ι
140 2105 241 2144 passis
267 2115 340 2136 cum
363 2104 550 2134 ardentibus
572 2103 694 2134 facibus
717 2103 769 2134 de-

139 2153 272 2178 currunt
301 2148 342 2178 ad
369 2146 524 2183 Tiberim,
551 2147 768 2185 demissasque

139 2190 171 2221 in
184 2200 301 2230 aquam
318 2191 403 2221 faces
413 2190 535 2229 integra
551 2189 683 2220 flamma
695 2190 768 2219 elfe-

139 2237 214 2264 runt
235 2243 287 2275 39,
310 2243 356 2272 13.
379 2233 420 2263 de
441 2237 657 2263 matronarum
678 2232 768 2262 cultu

141 2276 193 2307 lex
225 2275 334 2316 Oppia
365 2285 415 2314 34,
450 2285 477 2306 1.
516 2281 627 2306 contra
657 2285 765 2305 earum

143 2320 255 2350 luxum
286 2318 387 2349 oratio
416 2319 550 2350 Catonis
580 2329 643 2349 cos.
669 2327 698 2348 2.
730 2317 766 2348 L.

143 2361 293 2392 Valerius
310 2372 363 2392 eas
386 2361 529 2392 defendit
551 2369 578 2399 5.
608 2365 770 2391 matronas

142 2404 291 2445 patricias
305 2404 388 2435 iuter
402 2409 434 2435 et
451 2404 593 2443 plebeias
607 2407 769 2434 certamen

146 2458 193 2486 ιο,
210 2458 226 2479 2
231 2458 259 2488 3.

100 2491 207 2526 Mauri
226 2500 277 2528 21,
294 2499 343 2521 22.
370 2491 419 2527 28,
440 2497 486 2529 17.

100 2533 256 2568 Maurusii
275 2544 326 2572 24,
342 2543 391 2573 41).

100 2582 144 2617 Q.
162 2576 339 2614 Maximus,
366 2576 451 2606 lilius
480 2573 516 2607 L.
534 2576 629 2606 Acin.
661 2574 768 2605 Paulli

141 2631 204 2653 cos.
219 2620 260 2651 ud
278 2619 446 2658 Aeginium
460 2625 492 2649 et
512 2620 646 2657 Agassas
660 2617 767 2657 diripi-

141 2664 243 2695 endas
262 2662 400 2693 mittitur
420 2670 472 2701 45,
495 2671 543 2702 27.
573 2662 614 2692 ad
639 2661 769 2701 illyrios

141 2706 387 2745 depopulandos
402 2714 452 2743 33.

101 2749 206 2784 Medi,
222 2747 333 2788 populi
351 2757 402 2786 35,
419 2750 468 2785 48.
492 2755 544 2787 37,
561 2757 611 2786 4ο.

101 2791 260 2828 Medicus,
290 2790 373 2821 vitae
410 2790 524 2831 Pyrrhi
555 2790 719 2827 insidians,
748 2800 767 2820 u

146 2832 302 2865 Romanis
317 2833 364 2863 illi
382 2833 526 2873 proditur
542 2843 593 2872 42,
610 2841 660 2872 47.

99 2877 338 2913 Mediolanum,
361 2886 381 2906 n
411 2876 517 2907 Gallis
544 2876 710 2908 eonditum
738 2883 768 2914 5,

143 2929 193 2960 34.
210 2920 250 2951 cf.
263 2923 294 2950 et
311 2926 363 2958 34,
378 2917 429 2959 46.

813 262 962 301 Medion,
977 264 1135 304 oppidum
1151 265 1355 297 Acarnaniae
1371 264 1424 306 36,
1439 275 1451 297 1
1461 275 1488 304 1,

860 315 909 336 12.

813 347 973 379 Medionii
989 348 1042 389 36,
1061 359 1109 381 12.

813 389 1008 430 Meduacus,
1022 392 1126 423 amnis
1144 401 1194 431 10,
1211 401 1239 423 2.

814 433 990 472 Medullia,
1004 435 1090 471 urbs,
1106 436 1313 475 oppugnatur
1328 444 1349 465 a
1366 434 1487 467 Roma-

857 475 911 507 nis·
925 486 953 515 1,
971 485 1020 517 33.
1037 477 1101 508 vid.
1118 481 1151 508 et
1167 478 1218 516 38.

815 518 1064 558 Medixtuticus‚
1079 529 1225 550 summus
1245 519 1487 559 Campanorum

856 562 996 603 magistr.
1014 572 1066 601 24,
1085 571 1133 604 19.
1158 561 1209 600 26,
1224 561 1254 594 6.

813 604 1160 679 Medon‚8Beroeaeus,
1176 605 1358 646 praefectus
1378 604 1488 637 Persei

856 658 909 686 42,
968 672 975 680 .

813 657 948 729 Med0n5,
962 690 1112 732 princeps
1126 690 1304 722 amicorum
1323 690 1443 730 Persei,
1454 701 1488 722 se

856 733 946 764 dedit
962 734 1122 765 Romanis
1137 745 1190 772 44,
1205 742 1256 773 45.
1273 733 1313 765 cf.
1330 737 1363 764 et
1380 743 1430 774 32.

813 776 1004 816 Megalesia,
1025 776 1091 807 ludi
1113 776 1145 807 in
1168 776 1324 807 honorem
1345 777 1489 817 Magnae

856 819 973 850 Matris
999 819 1108 850 Deum
1134 829 1185 861 29,
1215 829 1262 857 14.
1296 819 1329 850 in
1354 819 1393 850 iis
1419 819 1488 851 dati

855 862 924 892 ludi
941 862 1058 893 scenici
1075 871 1127 901 34,
1144 872 1193 902 54.
1219 861 1270 902 36,
1287 860 1337 901 36.

811 904 1030 945 Megalopolis
1046 905 1189 943 condita,
1204 905 1315 936 multis
1337 904 1416 936 vicis
1431 915 1487 946 op-

855 947 1002 987 pidisque
1024 948 1182 979 Arcadiae
1203 948 1237 978 iu
1258 958 1357 979 unam
1374 949 1487 979 urbem

855 991 1045 1027 contributis
1075 1000 1128 1029 32,
1158 999 1187 1029 5.
1225 991 1264 1021 ef.
1297 994 1330 1021 et
1358 989 1410 1030 36,
1431 999 1487 1031 ⁷31.

855 1033 1008 1072 porticus,
1033 1044 1130 1073 quam
1155 1033 1356 1073 Megalopoli
1383 1033 1487 1064 dirue-

853 1080 926 1106 rant
943 1076 1205 1113 Lacedaemonii,
1221 1076 1339 1107 refecta
1355 1077 1408 1116 38,
1424 1085 1475 1116 34.

811 1117 1067 1158 Megalopolitae
1100 1119 1150 1156 28,
1181 1120 1210 1150 8.
1250 1127 1302 1157 35,
1333 1127 1383 1158 27.
1421 1119 1487 1150 sive

854 1161 1137 1201 Megalopolitani,
1148 1161 1286 1192 restituti
1299 1161 1331 1192 in
1349 1161 1488 1201 patriam

853 1204 895 1233 ab
916 1205 1093 1244 Antigono,
1108 1204 1322 1235 Macedoniae
1338 1214 1411 1244 rege
1435 1213 1488 1244 32,

856 1255 906 1277 22.
940 1246 979 1277 iis
1002 1247 1035 1277 iu
1059 1246 1199 1278 Arcadia
1220 1257 1347 1276 murum
1373 1257 1407 1278 se
1429 1247 1487 1278 cir-

856 1289 1083 1319 cumdaturum
1101 1289 1169 1319 urbi
1186 1289 1358 1329 pollicetur
1374 1290 1488 1320 Antio-

855 1331 935 1362 chus
952 1332 1143 1372 Epiphanes
1158 1341 1211 1371 41,
1228 1339 1278 1371 25.

813 1375 958 1414 Megara,
980 1376 1055 1406 urbs
1081 1375 1210 1406 Siciliae
1235 1384 1286 1412 24,
1311 1383 1361 1413 30.
1392 1379 1489 1416 capta

855 1422 887 1448 et
903 1417 1011 1448 diruta
1025 1428 1045 1449 a
1061 1418 1108 1449 M.
1123 1417 1282 1448 Marcello
1299 1425 1350 1457 35.

813 1459 959 1501 Megara,
985 1461 1060 1491 urbs
1089 1460 1247 1492 Graeciae
1284 1461 1337 1499 28,
1369 1468 1397 1500 7.

858 1513 909 1535 22.

813 1545 963 1585 Megiste,
979 1549 1090 1586 portus
1107 1554 1159 1586 27,
1174 1555 1226 1584 22,
1243 1555 1293 1584 24.

809 1588 933 1625 Melae,
945 1590 1021 1619 urbs
1035 1589 1068 1619 in
1085 1589 1216 1620 Samnio
1231 1598 1282 1628 24,
1299 1598 1347 1621 20.
1371 1589 1486 1620 eadem

854 1641 937 1671 quae
954 1631 1060 1662 Meles
1076 1640 1127 1671 27,
1146 1641 1172 1662 1.

812 1674 1027 1705 Melambium
1045 1674 1223 1705 Scotussaei
1239 1674 1305 1714 agri
1322 1683 1373 1713 33,
1390 1673 1420 1706 6.

813 1717 931 1754 Melas,
954 1718 1136 1748 amniculus
1161 1727 1261 1758 prope
1289 1718 1484 1749 Heracleam

854 1761 895 1790 ad
912 1762 1029 1791 Oetam
1049 1759 1100 1799 36,
1118 1770 1168 1791 22.

813 1801 931 1840 Melas,
952 1803 1058 1834 amnis
1081 1803 1164 1834 inter
1189 1802 1427 1844 Lysimachiam
1451 1806 1485 1834 et

855 1846 997 1886 Cypsela
1014 1848 1065 1886 38,
1081 1856 1130 1884 40.

813 1889 958 1927 Meleon,
974 1899 1108 1929 campus
1123 1898 1175 1928 43,
1193 1897 1242 1928 25.

813 1931 1001 1969 Molossum,
1010 1932 1179 1972 Hispanae
1188 1932 1302 1972 gentis,
1311 1933 1386 1963 urbs
1392 1931 1485 1963 Orin-

855 1975 903 2013 gis
922 1975 971 2011 28,
987 1984 1016 2013 3.

816 2017 989 2054 Meliboea,
1010 2028 1086 2057 opp.
1110 2016 1162 2056 36,
1187 2027 1233 2056 13.
1263 2017 1361 2048 situm
1384 2017 1416 2048 in
1437 2027 1484 2048 ra-

856 2060 982 2091 dicibus
1003 2064 1103 2091 Ossae
1123 2061 1241 2091 montis
1262 2072 1315 2098 44,
1340 2069 1385 2099 13.
1415 2065 1486 2091 ten-

856 2107 943 2133 tatur
957 2114 976 2134 a
1000 2104 1168 2141 Romanis,
1188 2104 1314 2141 frustra,
1334 2103 1409 2134 ibid.
1434 2114 1484 2134 ca-

855 2146 943 2217 1111111·
971 2157 991 2177 a
1020 2148 1082 2178 Cu.
1100 2146 1248 2183 Octavio,
1275 2151 1306 2177 ct
1337 2145 1487 2186 diripitur

856 2200 874 2227 4
887 2200 905 2220 ).

813 2231 942 2269 Melita,
958 2232 1074 2270 insula,
1085 2236 1179 2272 capta
1194 2242 1214 2262 a
1230 2231 1280 2264 Ti.
1295 2231 1489 2272 Sempronio

855 2286 917 2306 cos.
939 2285 988 2313 21,
1005 2285 1054 2314 5¹·

813 2317 947 2349 Melotis
961 2323 1045 2348 terra
1060 2327 1111 2356 32,
1132 2326 1178 2356 13.

813 2360 851 2392 C.
869 2361 1047 2392 Memmius
1070 2361 1188 2391 Gallus
1212 2364 1337 2391 creatur
1358 2364 1488 2400 praetor

857 2413 908 2442 41,
926 2414 974 2435 22.
999 2405 1123 2444 legatus
1137 2404 1179 2435 ad
1200 2404 1332 2435 Aetolos
1348 2403 1487 2434 mittitur

855 2455 906 2485 3ο.
933 2452 1060 2487 prm-tor
1083 2447 1198 2477 iterum
1224 2457 1277 2485 42,
1299 2458 1329 2488 9.
1355 2446 1485 2477 sortitur

855 2489 997 2521 Siciliam
1021 2500 1065 2521 ιο.
1091 2489 1152 2520 vid.
1169 2494 1201 2520 ct
1219 2498 1267 2529 27.

814 2531 853 2563 Τ.
868 2532 1054 2570 Memmius,
1072 2533 1194 2570 legatus
1209 2542 1261 2571 43,
1280 2540 1306 2572 7.

814 2575 984 2614 Memnon,
1008 2575 1204 2614 Demiurgus
1226 2576 1313 2615 apud
1339 2574 1489 2606 Achaeos

856 2627 907 2656 32,
925 2628 973 2650 22.

813 2661 990 2701 Memphis,
1006 2662 1080 2692 urbs
1097 2661 1234 2702 Aegypti
1253 2670 1304 2699 45,
1327 2670 1375 2697 11,
1395 2670 1442 2691 12.

815 2703 955 2741 Meudis,
971 2704 1150 2735 maritimus
1167 2704 1253 2735 vicus
1270 2713 1321 2742 31,
1338 2713 1388 2742 45.

814 2746 1028 2783 Menecrates,
1044 2748 1109 2778 dux
1130 2747 1231 2777 l'ersei
1250 2758 1301 2784 44,
1322 2756 1367 2783 24.

814 2790 983 2826 Mcucluis,
1010 2790 1166 2830 oppidum
1196 2790 1225 2820 iu
1260 2788 1402 2827 Dolopia
1432 2796 1486 2827 3¹).

856 2832 906 2863 26.

813 2875 1008 2912 Mencluius,
1025 2886 1116 2905 mous
1132 2885 1184 2913 34,
1203 2875 1250 2904 28.

814 2919 888 2957 Agr.
903 2918 1076 2949 Menenius
1092 2927 1154 2948 cos.
1174 2915 1262 2953 2,16.
1285 2915 1325 2945 ud
1344 2914 1484 2954 plebem,

1435 1469 1488 1500 312
