1888 3194
935 199 1019 237 IJN
1049 199 1087 236 D
1116 198 1148 236 E
1178 199 1226 236 X.

394 275 442 306 M.
459 274 602 312 Curtius,
630 274 755 306 iuvenis
786 275 873 305 bello
907 274 1060 315 egregius,

437 328 519 357 equo
537 318 688 356 insidens,
703 321 846 349 armatus
865 328 899 348 se
917 318 951 348 in
971 328 1058 349 vora-

436 361 542 400 ginem
558 360 703 391 immittit
722 368 749 400 7,
765 359 795 392 6.

395 403 526 435 Curtius
541 404 629 434 lacus
647 414 675 441 1,
695 413 741 442 13.
767 412 795 442 7,
811 402 840 434 6.

395 447 526 478 Curulis
542 447 743 486 magistratus
760 455 789 485 5,
805 456 856 485 41.
880 446 919 477 cf.
938 450 970 476 et
989 446 1059 476 Ma-

435 489 594 529 gistratus.
608 490 733 520 curules
748 489 950 529 magistratus
963 488 1060 518 creari

437 535 506 562 toto
540 532 758 571 quinquennio
794 542 859 561 non
896 531 1062 571 patiuntur

437 574 557 604 tribuni
572 575 616 614 pl.
633 573 663 612 6,
682 584 730 614 35.
755 575 880 604 curules
899 573 1062 613 magistra-

437 620 489 647 tus
501 618 581 647 duos
595 617 689 646 simul
707 627 789 646 unus
804 626 863 646 nec
879 625 992 655 capere
1008 625 1062 654 po-

438 664 511 696 test,
526 670 585 690 nec
600 669 706 698 gerere
723 668 774 699 39,
792 668 843 698 39.

397 702 526 733 Curulis
551 702 631 732 sella
658 711 685 738 1,
710 702 738 732 8.
765 701 891 730 curules
914 700 987 740 equi
1011 710 1063 739 24,

442 745 488 774 18.

396 785 517 823 Cusibi,
534 785 689 825 oppidum
707 784 886 824 Hispaniae
902 792 953 824 35,
971 794 1019 816 22.

396 828 537 860 Cutiliae
556 828 605 866 26,
626 838 670 858 11.

395 871 527 908 Cutina,
537 870 692 910 oppidum
707 870 927 907 Vestinorum,
938 870 1063 910 capitur

438 924 457 943 a
473 913 630 944 Romanis
646 914 676 951 8,
692 923 740 954 29.

396 956 580 996 Cyatidem,
599 966 705 986 arcem
729 956 950 994 Samaeorum,
971 966 1061 986 occu-

438 1002 518 1038 pant
534 999 674 1029 Romani
691 999 742 1038 38,
760 1008 808 1039 29.

396 1041 566 1081 Cyclades,
581 1042 706 1072 insulae
727 1050 778 1079 34,
795 1040 843 1072 26.
868 1039 920 1079 36,
936 1051 986 1081 43.
1011 1052 1062 1079 44,

439 1084 477 1114 28
500 1088 532 1114 et
554 1094 602 1125 29.
626 1084 710 1124 regio
731 1084 814 1114 inter
835 1084 996 1123 Cycladas
1016 1089 1062 1115 est

438 1127 668 1164 ventosissima,
684 1126 771 1157 fretis
785 1126 865 1157 alias
880 1126 1062 1165 maioribus,

438 1169 517 1200 alias
532 1169 707 1200 minoribus
722 1169 822 1199 divisa
839 1168 888 1208 36,
905 1179 954 1209 43.

396 1212 578 1252 Cycliadas,
591 1216 718 1252 praetor
729 1212 932 1242 Achaeorum
951 1219 1000 1251 27,
1012 1220 1060 1250 31.

439 1255 586 1294 Philippi
613 1255 863 1294 postulationem
888 1255 990 1285 eludit
1012 1264 1062 1294 31,

439 1305 489 1335 25.
513 1298 642 1328 trahens
661 1308 711 1328 res
730 1298 771 1327 ad
791 1297 994 1336 Philippum,
1010 1308 1062 1327 ex-

438 1339 570 1379 pellitur
597 1350 648 1380 32,
678 1350 724 1381 19.
756 1340 844 1379 apud
871 1340 1062 1379 Philippum

439 1383 530 1412 exsul
547 1392 597 1421 32.

396 1424 515 1464 Cydas,
525 1426 590 1455 dux
605 1425 835 1464 Gortyniorum
849 1425 1063 1463 Cretensium,

438 1467 540 1507 iungit
556 1479 589 1498 se
606 1467 761 1503 Quinctio
778 1477 829 1507 33,
846 1477 874 1506 3.

397 1510 506 1549 Cydas
521 1510 693 1547 Cretensis,
708 1521 748 1540 ex
768 1510 888 1540 intimis
907 1509 1064 1540 Eumenis

437 1564 490 1591 44,
521 1563 569 1591 24.
606 1563 663 1592 per
693 1563 766 1583 eum
796 1556 951 1582 tractatae
981 1552 1064 1582 inter

439 1594 621 1625 Eumenem
655 1599 687 1625 et
717 1595 834 1625 Persea
865 1594 1064 1626 conditiones

437 1637 598 1668 amicitiae
618 1647 664 1676 13.

397 1679 598 1719 Cydoniatae
636 1681 786 1711 adversus
820 1680 996 1720 Gortynios
1032 1684 1064 1711 et

441 1723 593 1754 Gnossios
609 1724 731 1754 bellum
747 1729 861 1762 gerunt
878 1731 929 1762 37,
945 1722 995 1754 60.

396 1764 573 1805 Cylarabis,
588 1766 792 1806 gymnasium
815 1769 974 1797 trecentos
994 1776 1064 1806 pas-

438 1818 491 1838 sus
506 1809 546 1839 ab
563 1809 655 1848 Argis
671 1818 723 1848 34,
740 1807 789 1840 26.

396 1850 533 1890 Cyllene
551 1860 601 1890 27,
617 1861 667 1890 32.
743 1879 745 1882 ,

396 1893 511 1933 Cyme,
526 1895 611 1931 urbs,
628 1894 735 1924 deficit
757 1894 799 1924 ad
821 1894 993 1925 Seleucum
1012 1902 1063 1933 37,

442 1946 455 1966 1
465 1946 489 1967 1.

396 1977 531 2018 Cymaei
548 1980 600 2018 38,
617 1989 666 2020 39.

396 2020 561 2061 Cymines,
598 2021 722 2062 oppidi,
758 2021 927 2062 potiuntur
955 2022 1064 2053 Aetoli

439 2073 490 2103 32,
510 2074 556 2103 13.

396 2106 605 2146 Cynosarges,
634 2108 794 2147 templum
825 2107 989 2145 Herculis,
1018 2107 1064 2137 in-

438 2149 585 2180 cenditur
599 2160 619 2179 a
636 2150 790 2189 Philippo
808 2159 858 2189 31,
876 2160 924 2189 24.

397 2190 673 2231 Cynoscephalae,
710 2193 827 2222 tumuli
865 2201 916 2230 33,
950 2199 977 2231 7.
1020 2191 1063 2221 ibi

437 2244 555 2274 magna
570 2244 677 2274 pugna
693 2234 830 2265 vincitur
840 2235 1014 2274 Philippus
1026 2241 1065 2273 7—

443 2286 488 2306 10.
508 2277 547 2306 cf.
565 2280 596 2306 et
616 2275 661 2307 16.
679 2280 711 2306 et
727 2275 777 2315 36,
794 2276 822 2307 8.

397 2317 519 2358 Cynus,
535 2318 715 2357 emporium
732 2318 949 2357 Opuntiorum
967 2318 1017 2355 28,
1033 2317 1062 2349 6.

397 2360 556 2401 Cypaera,
582 2361 667 2398 urbs,
690 2361 816 2400 capitur
836 2362 877 2390 ab
900 2360 1063 2391 Antiocho

440 2402 492 2442 36,
512 2412 557 2433 10.

397 2444 561 2485 Cyphara,
579 2455 629 2484 32,
648 2453 695 2482 13.

398 2487 537 2528 Cyprius
552 2487 640 2517 vicus
656 2488 781 2518 Romae
801 2497 828 2523 1,
845 2495 893 2526 47.

399 2531 537 2570 Cyprus,
551 2530 655 2560 insula
669 2538 719 2569 33,
730 2540 779 2568 41.
804 2530 948 2569 Cyprum
965 2531 1063 2561 classe

439 2573 545 2611 missa,
568 2572 746 2603 Antiochus
769 2583 806 2602 ea
831 2573 890 2602 sibi
915 2573 984 2603 cedi
1008 2583 1062 2614 po-

441 2616 539 2646 stulat
555 2624 607 2654 45,
627 2625 672 2645 11.

399 2658 550 2699 Cypsela,
574 2657 752 2694 castellum,
777 2662 915 2697 occupat
939 2658 1062 2699 Philip—

441 2711 502 2741 pus
517 2709 568 2739 31,
588 2698 634 2730 16.
652 2700 690 2730 cf.
708 2704 738 2730 et
756 2700 807 2738 38,
823 2710 872 2738 40.

398 2743 554 2784 Cyrenae,
569 2743 643 2773 urbs
660 2752 710 2781 23,
730 2751 776 2773 10.

398 2786 557 2827 Cyretiae,
572 2786 646 2815 urbs
662 2785 694 2814 in
711 2784 888 2823 Thessalia,
905 2786 1030 2825 capitur
1044 2797 1063 2817 a

441 2827 598 2861 Romanis
613 2837 664 2867 31,
677 2837 728 2865 41.
744 2827 783 2858 cf.
797 2831 829 2858 et
844 2827 896 2867 36,
912 2838 949 2859 10
964 2833 996 2859 et
1015 2838 1060 2868 13.

439 2876 471 2903 et
488 2881 539 2909 42,
555 2879 604 2910 53.

398 2913 538 2955 Cyrtaei,
553 2912 730 2944 funditores
747 2920 798 2953 37,
814 2922 863 2951 4ο.

1104 273 1218 315 Cyrtii,
1234 284 1286 312 42,
1302 274 1352 313 58.

1104 317 1218 357 Cyrus,
1233 328 1289 348 rex
1306 317 1475 347 Persarum
1490 325 1522 357 9,
1541 323 1587 354 17.

1104 360 1233 400 Cyssus,
1249 364 1359 400 portus
1375 359 1628 399 Erythraeorum
1644 356 1696 397 36,
1711 366 1761 397 43.

1104 403 1264 442 Cythnus,
1279 403 1386 433 insula
1402 411 1453 441 31,
1473 411 1508 441 15
1526 405 1558 431 et
1574 410 1624 440 45.

1104 446 1251 486 Cyzicus,
1266 446 1341 476 urbs
1361 455 1412 483 41,
1431 454 1445 474 2
1451 452 1478 483 5.
1507 443 1617 484 Cyzici
1636 443 1670 473 in
1693 442 1772 491 Pry-

1145 492 1276 518 taneum
1302 499 1376 518 vasa
1402 498 1498 518 aurea
1523 496 1652 517 mensae
1677 495 1773 517 11111113

1148 531 1239 570 ponit
1255 531 1435 561 Antiochus
1451 529 1653 570 Epiphanes,
1665 527 1742 561 ibid.

1419 657 1462 689 D.

1107 743 1267 779 Daedala,
1284 742 1453 772 castellum
1469 748 1521 780 37,
1538 751 1587 773 22.

1106 785 1233 823 Dahae,
1254 785 1368 824 populi
1389 792 1440 822 35,
1460 784 1510 822 48.
1538 784 1660 824 equites
1682 784 1772 824 sagit-

1147 828 1219 858 tarii
1236 836 1288 866 37,
1305 828 1344 866 38
1361 831 1391 857 et
1408 836 1458 865 40.

1107 871 1292 910 Damippus
1309 868 1593 907 Lacedaemonius,
1604 869 1719 900 missus
1733 870 1775 900 ab

1149 913 1355 953 Syracusanis
1384 913 1425 942 ad
1450 912 1642 951 Philippum
1667 922 1774 952 regem

1150 964 1199 994 25,
1226 966 1274 995 23.
1307 955 1432 995 capitur
1457 965 1477 985 a
1503 954 1671 993 Romanis,
1695 955 1773 985 ibid.

1149 1009 1223 1029 eum
1260 998 1416 1029 redimere
1455 998 1562 1028 studet
1599 997 1774 1038 Epicydes,

1148 1041 1223 1073 ibid.

1107 1083 1288 1124 Damiurgi,
1325 1083 1390 1114 sive
1433 1082 1612 1123 Demiurgi,
1649 1082 1774 1113 Achae-

1148 1137 1239 1157 orum
1258 1127 1462 1166 magistratus
1482 1135 1534 1165 32,
1551 1135 1600 1156 22.
1617 1125 1657 1156 cf.
1673 1129 1706 1157 et
1721 1126 1774 1165 38,

1168 1179 1197 1200 0.

1106 1178 1255 1248 ngius,
1279 1211 1459 1252 praefectus
1485 1210 1594 1241 elassis
1617 1210 1774 1241 Eumenis

1149 1255 1263 1293 4ffi2&

1108 1297 1294 1335 Damocles,
1331 1296 1468 1336 Argivus
1506 1296 1704 1333 adolescens,
1739 1294 1773 1326 in

1149 1339 1332 1370 libertatem
1348 1341 1449 1379 Argos
1470 1338 1631 1370 vindicare
1652 1338 1773 1377 volens,

1150 1382 1306 1412 occiditur
1321 1391 1372 1421 34,
1389 1390 1438 1420 25.

1107 1425 1324 1461 Damocritus,
1342 1428 1468 1464 praetor
1480 1423 1681 1460 Aetolorum,
1697 1422 1774 1453 Phi-

1149 1467 1240 1507 lippo
1260 1468 1410 1497 adversus
1431 1467 1597 1497 Romanos
1617 1465 1703 1496 favet
1722 1474 1774 1504 31,

1150 1519 1198 1547 32.
1224 1510 1348 1549 legatus
1371 1509 1509 1539 mittitur
1527 1509 1568 1538 ab
1589 1507 1714 1538 Aetolis
1732 1508 1774 1539 ad

1151 1552 1272 1590 Nabin,
1287 1556 1323 1582 ut
1339 1561 1413 1582 eum
1432 1551 1570 1582 concitet
1590 1551 1632 1581 ad
1650 1550 1774 1581 bellum

1150 1595 1335 1625 Romanum
1375 1602 1426 1634 35,
1461 1604 1507 1625 12.
1552 1593 1620 1624 eius
1655 1593 1697 1624 ad
1733 1593 1774 1624 T.

1151 1637 1345 1673 QuinctIum
1382 1638 1553 1677 superbum
1586 1645 1775 1675 responsum

1151 1690 1167 1719 3
1172 1690 1200 1719 3.
1225 1681 1315 1711 vims
1332 1680 1467 1710 traditur
1483 1678 1640 1710 Romanis
1656 1677 1708 1718 36,
1725 1688 1775 1718 24.

1151 1724 1318 1754 coniicitur
1340 1723 1373 1753 in
1397 1722 1587 1753 Lautumias
1610 1728 1662 1760 37,
1686 1730 1714 1760 3.
1741 1731 1775 1752 se

1150 1766 1307 1806 transfigit
1322 1765 1429 1806 gladio
1444 1764 1496 1804 46.

1108 1808 1309 1847 Damoteles,
1324 1809 1447 1848 legatus
1463 1807 1653 1838 Aetolorum
1668 1806 1720 1845 38,
1735 1806 1765 1839 8.

1108 1851 1324 1882 Dantheletas
1353 1851 1592 1890 depopulantur
1621 1849 1774 1880 Macedo-

1150 1905 1206 1924 nes
1222 1904 1273 1935 39,
1291 1903 1339 1933 53.
1364 1904 1416 1932 4ο,
1433 1903 1482 1923 22.

1109 1937 1270 1975 Daorseis,
1286 1936 1416 1976 populis
1437 1935 1573 1976 Illyrici,
1588 1933 1775 1965 immunitas

1150 1980 1226 2010 data
1241 1989 1293 2018 45,
1311 1978 1359 2010 26.

1109 2022 1251 2061 Daphne
1269 2032 1318 2061 33,
1335 2031 1386 2063 49.

1110 2064 1232 2102 Darda,
1249 2065 1455 2104 Epirotarum
1472 2066 1599 2103 praetor
1616 2071 1667 2103 29,
1685 2071 1733 2092 12.

1109 2107 1310 2143 Dardanum,
1333 2107 1407 2137 urbs
1429 2106 1525 2136 Asiae
1550 2112 1602 2144 37,
1624 2115 1644 2146 9
1667 2109 1699 2135 et
1722 2113 1773 2144 37.

1151 2150 1288 2180 donatur
1302 2149 1448 2179 libertate
1466 2148 1516 2188 38,
1533 2157 1582 2188 39.

1109 2191 1255 2222 Dardani
1279 2190 1329 2229 26,
1352 2198 1400 2230 25.
1426 2200 1478 2228 4ο,
1498 2199 1547 2229 3ο.
1577 2190 1775 2230 populantur

1150 2233 1376 2265 Macedoniam
1394 2240 1444 2272 27,
1461 2242 1510 2272 33.
1536 2232 1574 2263 113
1593 2232 1689 2263 infert
1708 2233 1773 2263 bel—

1149 2277 1217 2306 lum
1246 2276 1419 2315 Philippus
1447 2277 1497 2313 28,
1523 2275 1552 2305 8.
1581 2275 1776 2314 pollicentur

1150 2318 1306 2349 Romanis
1330 2319 1451 2349 auxilia
1475 2319 1625 2348 adversus
1649 2317 1774 2357 Philip-

1149 2371 1227 2400 pum
1253 2371 1302 2401 31,
1328 2362 1375 2392 28.
1410 2361 1494 2391 male
1520 2361 1700 2391 multantur
1723 2369 1773 2399 43.

1148 2408 1292 2443 pugnant
1313 2408 1345 2434 et
1366 2404 1484 2434 cedunt
1504 2403 1683 2440 confertim,
1696 2402 1774 2434 ibid.

1149 2447 1326 2477 caeduntur
1345 2457 1364 2476 a
1385 2446 1539 2485 Philippo
1559 2455 1610 2484 33,
1628 2455 1675 2486 19.
1697 2455 1775 2484 gens

1149 2489 1350 2519 infestissima
1387 2488 1599 2519 Macedoniae
1636 2497 1688 2526 40,
1723 2494 1773 2526 57.

1149 2532 1271 2562 bellum
1297 2542 1350 2562 eos
1371 2531 1455 2561 inter
1476 2535 1509 2561 et
1531 2530 1704 2561 Bastarnas
1721 2539 1774 2567 41,

1151 2583 1199 2613 23.
1235 2574 1416 2611 vincuntur,
1441 2573 1517 2604 ibid.
1551 2582 1662 2604 eorum
1688 2573 1774 2610 urbs,

1149 2617 1275 2647 obsessa
1293 2628 1312 2647 a
1328 2615 1502 2652 Bastarnis,
1517 2615 1682 2653 liberatur,
1696 2615 1773 2646 ibid.

1149 2659 1327 2689 caeduntur
1341 2669 1360 2689 a
1377 2659 1492 2689 Perseo
1508 2666 1560 2696 43,
1577 2665 1604 2696 5.

1107 2701 1237 2738 Darius,
1259 2711 1314 2731 rex
1342 2701 1522 2738 Persarum,
1544 2699 1715 2730 mulierum
1741 2703 1774 2730 et

1148 2744 1326 2783 spadonum
1350 2752 1464 2783 agmen
1490 2742 1630 2779 trahens,
1655 2743 1775 2782 praeda

1149 2786 1263 2824 verius,
1279 2795 1375 2825 quam
1391 2785 1491 2816 hostis
1506 2785 1725 2816 Macedonum
1741 2794 1774 2826 9,

1152 2836 1198 2868 17.

1108 2871 1224 2908 Darsa,
1238 2871 1312 2901 urbs
1329 2870 1379 2909 38,
1399 2878 1445 2909 15.

1108 2913 1225 2945 Dasius
1258 2913 1400 2944 Altinius
1437 2911 1588 2952 Arpinus,
1621 2911 1774 2952 proditor,
