1888 3194
499 179 781 223 LIBROR.
828 179 1128 222 DEPERD.
1431 186 1514 225 255

121 267 203 310 Cn.
237 269 467 327 Pompeius
507 269 701 311 consules
739 269 838 311 facti
873 269 969 325 (sed
1009 269 1253 326 Pompeius,
1290 279 1518 327 antequam

118 335 385 382 quaesturam
417 334 596 382 gereret,
628 342 683 368 ex
716 327 858 383 equite
893 326 1110 383 Romano)
1143 327 1409 368 tribuniciam
1442 343 1519 383 po-

117 391 310 425 testatem
350 383 634 425 restituerunt.
696 383 861 426 Iudicia
900 399 1070 441 quoque
1111 399 1187 441 per
1222 384 1272 426 L.
1293 384 1518 426 Aurelium

121 439 294 482 Cottam
333 449 570 497 praetorem
611 441 665 482 ad
705 441 870 498 equites
911 441 1127 484 Romanos
1168 441 1367 483 translata
1406 450 1515 482 sunt.

118 497 405 548 Mithridates,
440 498 733 555 desperatione
769 514 909 540 rerum
943 514 1111 541 suarum
1145 508 1326 549 coactus,
1359 498 1413 540 ad
1443 498 1520 540 Ti-

116 568 290 611 granem
313 555 544 597 Armeniae
566 570 708 612 regem
731 555 933 612 confugit.

710 778 926 821 XCVIII.

119 896 488 948 MACHARES,
510 897 621 940 filius
649 897 926 948 Mithridatis,
957 897 1136 955 Bospori
1163 914 1251 950 rex,
1280 900 1332 942 ab
1361 900 1410 942 L.
1431 900 1521 942 Lu-

120 954 232 997 eullo
259 955 304 996 in
333 956 560 997 amicitiam
589 964 783 1012 receptus
811 965 885 997 est.
952 955 1033 997 Cn.
1050 956 1259 999 Lentulus
1283 967 1326 1000 et
1348 957 1397 999 L.
1417 957 1521 1000 Gel-

119 1012 201 1054 lius
228 1027 422 1055 censores
449 1028 638 1070 asperam
669 1028 890 1054 censuram
918 1023 1110 1069 egerunt,
1133 1025 1334 1070 quattuor
1358 1025 1401 1057 et
1425 1031 1522 1058 sex-

121 1070 264 1126 aginta
293 1079 442 1112 senatu
472 1071 622 1112 motis:
661 1086 686 1112 a
710 1071 876 1127 quibus,
899 1070 1029 1112 lustro
1061 1072 1246 1122 condito,
1270 1088 1396 1114 censa
1422 1082 1521 1115 sunt

121 1127 276 1169 civium
307 1127 445 1183 capita
472 1128 784 1184 quadringenta
808 1127 1119 1184 quinquaginta
1149 1129 1289 1170 millia.
1353 1130 1403 1171 L.
1424 1131 1521 1173 Me-

121 1184 245 1226 tellus
260 1194 430 1239 praetor
450 1185 494 1225 in
519 1184 661 1226 Sicilia
677 1184 874 1226 adversus
889 1184 1043 1240 piratas
1058 1201 1256 1242 prospere
1274 1202 1363 1228 rem
1379 1189 1518 1243 gessit.

121 1241 351 1298 Templum
376 1241 489 1283 Iovis
516 1242 561 1283 in
593 1241 818 1298 Capitolio,
842 1242 958 1297 quod
990 1243 1190 1285 incendio
1222 1255 1521 1300 consumptum

121 1314 169 1341 ac
189 1298 394 1340 refectum
419 1309 522 1349 erat,
544 1315 569 1341 a
593 1299 646 1348 Q.
666 1299 821 1340 Catulo
843 1299 1086 1341 dedicatum
1111 1309 1185 1342 est.
1249 1301 1298 1342 L.
1316 1301 1522 1343 Lucullus

121 1357 167 1398 in
192 1356 399 1398 Armenia
424 1357 719 1399 Mithridatem
744 1366 788 1398 et
812 1357 1056 1412 Tigranem,
1079 1366 1123 1399 et
1147 1358 1342 1414 ingentes
1367 1359 1523 1400 utrius-

122 1429 206 1471 que
226 1415 336 1470 regis
356 1414 511 1471 copias,
532 1414 723 1472 pluribus
743 1414 913 1471 proeliis
932 1414 1052 1457 fudit.
1120 1416 1173 1464 Q.
1195 1416 1398 1458 Metellus
1424 1432 1522 1473 pro-

122 1471 282 1522 consul,
304 1472 416 1514 bello
445 1473 525 1514 sibi
555 1473 753 1514 adversus
783 1471 1010 1514 Cretenses
1041 1473 1254 1524 mandato,
1280 1473 1523 1531 Cydoniam

123 1529 271 1571 urbem
322 1529 497 1572 obsedit.
563 1530 613 1572 C.
645 1530 847 1580 Triarius,
891 1530 1054 1587 legatus
1096 1530 1279 1581 Luculli,
1324 1532 1524 1574 adversus

124 1586 421 1629 Mithridatem
467 1603 617 1644 parum
661 1603 859 1644 prospere
904 1589 1118 1644 pugnavit.
1182 1589 1424 1640 Lucullum,
1467 1605 1523 1631 ne

123 1654 447 1701 persequeretur
492 1645 790 1688 Mithridatem
840 1660 887 1686 ae
939 1646 1183 1702 Tigranem,
1229 1661 1522 1704 summamque

122 1702 321 1744 victoriae
343 1703 592 1760 imponeret,
614 1702 766 1744 seditio
794 1703 977 1744 militum
1008 1704 1156 1754 tenuit,
1180 1705 1281 1761 quia
1305 1705 1425 1761 sequi
1446 1719 1524 1746 no-

124 1759 293 1802 lebant:
342 1760 386 1802 id
426 1770 502 1810 est,
540 1761 641 1817 quia
679 1760 866 1814 legiones
902 1760 1165 1812 Valerianae,
1202 1762 1377 1818 impleta
1416 1777 1441 1804 a
1478 1777 1523 1804 se

124 1817 335 1874 stipendia
354 1818 558 1869 dicentes,
582 1818 811 1860 Lucullum
832 1817 1108 1874 reliquerunt.

739 2039 910 2081 XCIX.

129 2159 183 2208 Q.
208 2155 547 2200 METELLUS
577 2155 802 2255 proconsul
827 2155 1039 2205 Gnosson,
1067 2166 1110 2197 et
1139 2155 1337 2213 Lyctum,
1368 2164 1410 2197 et
1438 2156 1526 2221 Cy-

125 2216 310 2265 doniam,
339 2224 382 2256 et
413 2214 514 2256 alias
547 2229 576 2270 p
595 2214 747 2255 urimas
783 2214 907 2255 urbes
942 2213 1213 2270 expugnavit.
1278 2212 1326 2254 L.
1348 2212 1527 2255 Roscius

126 2273 319 2315 tribunus
358 2271 491 2329 plebis
531 2271 668 2328 legem
715 2270 824 2320 tulit,
868 2280 916 2312 ut
965 2271 1180 2327 equitibus
1222 2270 1428 2312 Romanis
1478 2272 1523 2312 in

127 2330 291 2373 theatro
312 2329 651 2386 quattuordecim
671 2329 826 2385 gradus
877 2328 1028 2370 roximi
1053 2328 1374 2385 assignarentur.
1441 2328 1522 2371 Cn.

127 2387 369 2445 Pompeius,
401 2388 493 2453 lege
525 2387 577 2429 ad
608 2386 813 2444 populum
843 2344 939 2436 iata,
965 2387 1161 2444 persequi
1192 2387 1347 2452 piratas
1378 2386 1525 2436 iussus,

128 2446 202 2503 qui
242 2460 541 2488 commercium
582 2460 773 2487 annonae
819 2444 1154 2494 intercluserant,
1195 2453 1306 2485 intra
1345 2444 1526 2500 quadra-

128 2503 335 2560 gesimum
356 2503 469 2545 diem
493 2512 581 2544 toto
603 2503 707 2543 mari
733 2517 804 2543 eos
828 2501 1019 2558 expulit3
1052 2501 1248 2558 belloque
1277 2517 1375 2543 cum
1404 2502 1454 2543 iis
1482 2502 1526 2543 in

132 2560 285 2603 Cilicia
314 2561 521 2611 confecto,
553 2560 735 2617 acceptis
771 2560 816 2601 in
851 2559 1113 2601 deditionem
1185 2559 1299 2600 iratis
1333 2574 1453 2658 agros
1483 2569 1527 2601 et

131 2619 254 2660 urbes
280 2618 412 2660 dedit.
475 2619 700 2660 Praeterea
732 2633 796 2659 res
857 2627 965 2659 estas
993 2633 1017 2658 a
1048 2617 1101 2666 Q„
1123 2618 1153 2659 lv
1175 2617 1301 2658 etello
1329 2632 1353 2658 a
1386 2632 1528 2658 versus

133 2674 360 2718 Cretenses
380 2677 595 2718 eontinet:
629 2685 672 2717 et
692 2676 825 2732 episto
843 2690 887 2716 as
910 2674 1077 2718 Metelli
1099 2684 1142 2716 et
1165 2674 1246 2716 Cn.
1267 2674 1460 2731 Pompeii
1483 2674 1526 2714 in

130 2732 266 2775 vicem
316 2734 469 2776 missas.
535 2734 741 2783 Queritur
782 2732 997 2783 Metellus,
1039 2732 1214 2789 gloriam
1258 2732 1337 2774 sibi
1388 2746 1527 2773 rerum

131 2800 342 2846 gestarum
372 2806 396 2833 a
425 2791 631 2848 Pompeio
661 2790 856 2848 praeripi,
890 2791 964 2847 qui
996 2791 1040 2832 in
1074 2790 1247 2832 Cretam
1280 2789 1438 2831 miserit
1469 2788 1528 2829 le-

132 2855 276 2902 gatum
297 2863 420 2890 suum
441 2849 495 2890 ad
515 2849 781 2906 accipiendas
802 2848 970 2890 urbium
991 2847 1241 2891 deditiones.
1299 2846 1527 2902 Pompeius

133 2903 337 2946 rationem
358 2905 511 2955 reddit,
532 2906 612 2948 hoc
633 2921 675 2947 se
697 2906 833 2948 facere
854 2905 1060 2948 debuisse.
