1888 3194
390 157 474 197 476
557 152 922 196 SYLLABUS
968 154 1389 197 EDITIONUM
1431 154 1622 198 LIVII.

568 243 689 284 Haec
720 243 849 284 editio
879 243 1082 300 plurimus
1113 244 1278 285 mendis
1309 244 1622 302 typographicis
1652 244 1787 286 defor-

510 308 623 341 mata
643 311 716 341 est.

397 361 518 399 1824.
546 357 766 413 Stuttgart,
782 358 895 413 apud
913 357 1210 408 Metzler,cum
1228 357 1392 400 selectis
1407 374 1490 401 var.
1509 358 1603 400 lect.
1615 366 1788 400 curante

451 415 501 456 L.
522 414 655 456 Tafel.
690 418 714 455 3
738 424 836 456 tom.
862 419 953 456 Svo.

396 475 518 514 1825.
554 472 755 520 Londini‚
793 487 846 512 ex
886 472 1129 513 recensione
1173 472 1277 513 Arn.
1312 472 1653 515 Drakenborchii
1692 487 1790 514 cum

450 529 560 570 notis
591 529 766 584 integris
791 528 1009 578 Crevier-ii,
1033 538 1076 570 et
1106 529 1245 570 indice
1275 545 1416 570 rerum
1445 530 1787 586 locupletissimo.

450 585 642 627 Accessit
662 594 828 641 praeter
848 586 1090 626 varietatem
1114 585 1348 626 lectionum
1372 586 1558 628 Crevier.
1582 587 1786 642 Doering.

449 652 492 684 et
522 643 700 697 Rupert.
732 642 975 697 glossarium
1004 642 1229 682 Livianum
1258 657 1311 683 ex
1339 643 1504 684 schedis
1525 644 1640 700 Aug.
1666 643 1787 686 Guil.

451 700 633 740 Ernesti.
697 698 952 739 Emendavit
978 698 1252 754 plurimisque
1278 700 1583 742 accessionibus
1603 700 1790 757 locuple-

451 756 554 797 tavit
576 754 733 796 Godof.
761 754 816 795 H.
844 754 1053 796 Schaefer.
1088 758 1112 796 5
1136 764 1234 796 tom.
1260 759 1353 797 8vo.

568 812 688 853 Haec
711 812 853 861 editio,
872 827 980 867 quae
1003 813 1238 868 sumptibus
1258 812 1469 854 Priestleii
1490 813 1660 869 prodiit,
1684 813 1790 870 Lip-

506 869 633 911 siensi
654 869 917 910 emendatior
938 877 1013 910 est.

394 930 632 968 1828—29.
668 926 911 976 Hannover,
929 942 993 982 ap.
1011 926 1155 976 Hahn,
1173 934 1346 968 curante
1370 927 1425 968 G.
1443 926 1502 969 H.
1518 927 1785 970 Liinemann.

450 989 474 1025 3
498 995 598 1026 tom.
624 987 715 1025 8vo.

394 1046 516 1083 1828.
553 1041 736 1097 Lipsiae,
765 1056 829 1096 ap.
859 1040 1164 1082 Tauchnitium
1192 1056 1245 1082 ex
1273 1041 1518 1082 recensione
1546 1041 1655 1084 Arn.
1679 1041 1790 1083 Dra-

447 1098 694 1140 kenborchii
724 1098 777 1138 ad
808 1098 1002 1139 codicum
1031 1098 1353 1154 Bambergensis
1381 1106 1424 1139 et
1444 1097 1788 1140 Vindobonensis

449 1156 578 1198 fidem
609 1155 762 1211 passim
793 1155 948 1204 reficta,
978 1163 1150 1196 curante
1172 1155 1213 1196 J.
1239 1155 1320 1196 Th.
1346 1155 1604 1212 Kreyssigio.
1641 1159 1660 1196 1
1687 1165 1785 1197 tom.

448 1217 536 1255 4t0.

564 1269 685 1310 Haec
716 1269 847 1310 editio
878 1277 1117 1325 stereotypa
1147 1269 1306 1325 optima
1333 1269 1437 1309 mihi
1463 1268 1550 1310 visa
1580 1277 1656 1319 est,
1679 1284 1787 1325 quae

506 1327 617 1383 typis
651 1327 805 1367 iterum
846 1326 1128 1375 mandaretur,
1166 1335 1311 1381 utpote
1348 1325 1473 1382 longe
1510 1326 1786 1376 emendatior,

503 1399 629 1439 quam
657 1399 764 1438 quae
791 1399 815 1424 a
838 1383 1081 1439 Kreyssigio
1103 1398 1156 1424 ex
1177 1383 1344 1424 libraria
1367 1382 1789 1440 Weidmannia-Lip-

506 1441 604 1489 siae,
632 1444 754 1481 1822.
779 1440 948 1495 prodiit.

392 1501 632 1540 1829—30.
667 1497 868 1546 Berolini,
915 1496 1029 1552 apud
1080 1496 1265 1537 Reimer.
1348 1495 1614 1551 Recognovit
1662 1496 1785 1538 Imm.

448 1554 679 1596 Bekkerus.
746 1553 928 1595 Selectas
960 1554 1145 1594 virorum
1178 1553 1398 1594 doctorum
1434 1562 1554 1594 notas
1588 1554 1634 1595 in
1663 1569 1788 1595 usum

447 1611 684 1653 scholarum
707 1611 871 1652 addidit
892 1610 925 1652 I.
948 1610 998 1651 E.
1021 1610 1216 1666 Raschig.
1252 1610 1332 1653 Ed.
1351 1619 1602 1667 stereotypa.
1636 1614 1662 1652 3
1685 1619 1785 1653 tom.

449 1673 541 1710 8vo.

565 1725 634 1766 De
665 1725 801 1781 pretio
832 1725 1088 1766 recensionis
1117 1724 1409 1766 Bekkerianae
1443 1724 1564 1781 plura
1592 1725 1638 1765 in
1667 1740 1788 1781 prae-

502 1783 658 1824 fatione
692 1797 766 1823 sua
800 1782 853 1823 ad
886 1782 976 1823 libr.
1005 1781 1228 1822 XXXIII.
1256 1797 1366 1838 supr.
1392 1797 1434 1838 p.
1458 1784 1557 1825 347.
1590 1782 1787 1824 disseruit

506 1840 787 1896 Kreyssigius.

390 1898 512 1938 1837.
547 1897 753 1946 Misenae,
785 1896 899 1952 apud
922 1895 1249 1937 Klinkichtium.
1284 1896 1415 1937 Liber
1435 1895 1658 1937 XXXIII.
1712 1895 1786 1937 Ad

444 1954 535 1995 cod.
560 1954 784 2010 Bamberg.
813 1962 856 1994 et
885 1953 1002 1994 editt.
1030 1953 1299 2008 antiquarum
1326 1953 1455 1994 fidem
1483 1953 1624 1994 denuo
1651 1952 1786 1995 edidit

444 2020 488 2052 et
519 2012 746 2067 scripturae
773 2010 1057 2051 diversitatem
1091 2010 1189 2051 edit.
1214 2009 1430 2051 Drakenb.
1458 2009 1613 2051 adiecit
1640 2009 1674 2051 I.
1699 2010 1781 2052 Th.

445 2069 729 2125 Kreyssigius.
768 2070 785 2108 1
812 2076 910 2108 tom.
935 2071 1026 2108 8vo.

390 2127 510 2167 1839.
545 2125 751 2174 Misenae,
781 2124 894 2180 apud
917 2123 1243 2165 Klinkichtium.
1287 2123 1417 2164 Liber
1437 2123 1661 2165 XXXIII.
1709 2123 1784 2165 Ad

442 2182 535 2223 cod.
572 2182 794 2237 Bamberg.
830 2192 873 2221 et
905 2180 1140 2221 editionum
1176 2179 1443 2235 antiquarum
1476 2181 1606 2223 fidem
1639 2180 1782 2223 denuo

443 2239 577 2279 edidit
607 2247 649 2278 et
680 2238 995 2278 annotationem
1026 2237 1212 2277 criticam
1243 2237 1397 2278 adiecit
1422 2237 1454 2278 I.
1475 2238 1557 2279 Th.
1584 2238 1782 2294 Kreyssi-

441 2295 547 2350 gius.
610 2295 801 2335 Accessit
837 2294 1013 2335 varietas
1052 2293 1282 2334 lectionum
1329 2294 1374 2334 in
1419 2294 1534 2336 libris
1569 2295 1783 2337 XXX.—

443 2351 644 2392 XXXII.
668 2363 710 2392 et
738 2351 1293 2393 XXXIV—XXXVIII.
1321 2366 1375 2392 ex
1402 2352 1546 2394 codice
1579 2351 1781 2394 Bamber-

443 2409 560 2465 gensi
583 2409 808 2464 diligenter
829 2416 1007 2449 enotata.
1047 2409 1063 2448 1
1089 2416 1189 2450 tom.
1216 2411 1310 2450 Svo.
