1888 3194
323 199 404 240 378
819 197 1228 241 PRAEFATIO

322 308 557 350 Praeterea
596 306 639 347 in
680 306 849 357 ceteris,
891 322 1000 362 quos
1041 308 1181 350 codex
1222 303 1556 362 Bambergensis
1601 321 1714 349 com-

320 376 541 432 plectitur,
564 374 676 416 Livii
707 374 827 416 libris
850 374 1080 416 Goellerus
1111 375 1290 430 eiusque
1323 375 1503 416 socius¹⁶
1533 375 1593 416 ita
1622 388 1717 416 ver-

322 446 405 486 sati
432 451 546 494 sunt,
569 450 617 485 ut
642 442 847 485 lectiones
874 458 1011 498 paene
1041 443 1298 492 innumeras,
1319 442 1364 483 id
1389 442 1507 498 quod
1538 441 1714 498 quaevis

321 512 411 554 fere
440 511 540 553 libri
570 510 707 552 nostri
741 511 898 565 pagina
931 510 1074 559 docet,
1108 509 1174 550 vel
1207 524 1436 565 perperam
1472 516 1713 560 enotarent,

320 579 387 622 vel
427 579 836 634 praetermitterent,
872 584 916 618 et
956 577 999 617 in
1037 576 1105 617 his
1146 583 1383 618 memoratu
1425 577 1713 631 dignissimas,

320 646 454 689 veluti
476 646 572 688 Lib.
603 644 782 686 XXXI.
806 645 845 685 3.
880 643 1133 698 senatuique
1154 657 1234 697 pro
1265 649 1306 684 et
1336 644 1518 694 senatui,
1552 659 1645 699 cap.
1673 645 1714 685 5.

313 721 543 771 peractam
591 727 671 768 pro
710 712 966 767 perfectam,
1010 725 1102 765 cap.
1145 711 1212 751 24.
1255 725 1311 751 ex
1350 712 1528 765 specula
1568 727 1648 766 pro
1693 727 1717 753 e

320 782 510 838 specula,
535 795 627 835 cap.
651 779 718 819 31.
751 779 919 820 Eadem
946 778 1055 818 haee
1081 777 1213 818 Chios
1242 791 1321 831 pro
1343 778 1513 819 Eadem
1539 779 1715 829 Cianos,

319 850 423 891 ibid.
447 863 498 889 ne
518 847 605 902 ipsi
626 846 794 902 quidem
816 860 896 900 pro
917 859 1051 900 neque
1070 844 1158 900 ipsi
1179 844 1359 899 quidem,
1389 845 1487 886 Lib.
1513 845 1714 887 XXXII.

319 918 361 958 2,
399 917 606 958 adversus
636 915 686 956 id
713 914 829 969 quod
855 912 911 954 iis
943 927 1025 967 pro
1058 913 1265 954 adversus
1297 914 1413 968 quod
1445 913 1515 963 iis,
1549 927 1642 968 cap.
1674 914 1716 955 9.

320 984 473 1025 emisso
503 998 527 1024 e
552 981 744 1024 manibus
773 981 893 1022 hoste
924 995 1004 1035 pro
1035 980 1163 1021 misso
1193 995 1216 1021 e
1244 981 1437 1021 manibus
1460 981 1599 1031 hoste,
1622 995 1714 1036 cap.

323 1052 386 1093 13.
409 1052 560 1108 ingens
580 1051 663 1091 iter
683 1049 860 1105 agmini,
881 1049 959 1090 sed
984 1054 1118 1090 metas
1142 1049 1327 1104 urgebat
1353 1064 1433 1103 pro
1463 1049 1614 1104 ingens
1637 1050 1720 1091 iter

319 1120 520 1176 agminis,
567 1119 647 1160 secl
686 1123 818 1158 metus
860 1116 1056 1172 urgebat,
1107 1115 1210 1157 ibid.
1254 1122 1300 1157 ut
1349 1116 1393 1157 z‘n
1451 1117 1718 1159 Thessaliam

319 1203 473 1244 agmen
510 1186 750 1228 demitteret
789 1199 869 1238 pro
909 1198 1029 1225 saum
1064 1184 1108 1224 in
1152 1184 1421 1225 Thessaliam
1457 1199 1611 1240 agmen
1646 1186 1718 1227 de-

319 1256 501 1305 mittere,
536 1269 628 1308 cap.
664 1253 726 1293 18.
756 1252 911 1293 aberat
943 1266 1023 1306 pro
1054 1251 1246 1302 abibant,
1278 1266 1370 1306 cap.
1405 1251 1475 1293 20.
1498 1252 1609 1306 fore
1637 1267 1718 1307 pro

304 1322 507 1378 foedere,
541 1320 638 1362 Lib.
673 1318 896 1361 XXXIV.
935 1319 997 1359 16.
1025 1319 1271 1374 profectam
1300 1333 1380 1373 pro
1406 1320 1716 1374 profecturum,

319 1404 413 1446 cap.
439 1390 506 1431 35.
536 1389 608 1430 Ne
639 1387 756 1443 quod
782 1386 999 1442 oppidum,
1031 1401 1111 1427 nea
1143 1387 1258 1441 qaod
1287 1387 1507 1427 castellam
1538 1401 1617 1441 pro
1645 1387 1718 1429 Ne

319 1458 435 1514 qnod
471 1456 689 1512 oppidum,
729 1469 782 1495 ne
823 1454 938 1509 qaod
974 1453 1210 1502 castellam,
1253 1467 1347 1508 cap.
1389 1453 1456 1493 41.
1505 1460 1548 1494 et
1588 1450 1727 1495 lateri

318 1526 558 1567 adhaerens
574 1529 785 1579 tyrannas
804 1535 885 1575 pro
907 1520 1036 1561 lateri
1056 1520 1298 1561 adhaerens
1319 1519 1512 1575 tyranni,
1530 1534 1623 1575 cap.
1647 1520 1716 1562 59.

319 1594 436 1634 latae
469 1597 565 1633 sunt
597 1604 678 1646 pro
712 1589 844 1629 datae
881 1593 993 1637 sant,
1027 1586 1124 1628 Lib.
1160 1586 1361 1629 XXXV.
1397 1587 1430 1628 l.
1476 1587 1719 1642 opulentum

311 1661 486 1717 praeda
506 1658 743 1701 exercitum
764 1671 845 1711 pro
867 1656 1108 1711 opulentam
1128 1656 1327 1710 praedae
1348 1654 1599 1705 exercitam,
1621 1669 1716 1711 cap.

317 1730 385 1771 42.
420 1741 669 1784 quemqnam
692 1740 772 1780 pro
795 1725 1048 1779 quempiam,
1071 1722 1168 1764 Lib.
1193 1722 1416 1765 XXXVI.
1440 1722 1508 1764 30.
1531 1723 1720 1765 escendit

317 1811 398 1853 pro
419 1795 642 1838 adscendit
662 1794 749 1835 sive
774 1792 983 1842 ascendit,
1013 1790 1111 1833 Lib.
1143 1790 1394 1833 XXXVII.
1417 1791 1484 1832 28.
1515 1790 1554 1832 si
1581 1791 1719 1833 minas
1744 1822 1747 1824 -

317 1880 399 1920 pro
420 1864 487 1906 sin
507 1863 658 1913 minus,
681 1876 774 1916 cap.
797 1861 865 1901 32.
881 1865 1144 1915 potestatem
1166 1859 1222 1900 iis
1243 1858 1343 1899 dari
1363 1873 1442 1913 pro
1456 1863 1719 1914 potestatem

318 1934 375 1975 iis
403 1934 524 1982 dare,
546 1946 639 1986 cap.
663 1931 730 1972 52.
763 1944 819 1970 ex
846 1928 1002 1984 templo
1023 1927 1212 1969 excessit
1232 1941 1312 1980 pro
1333 1926 1487 1982 templo
1514 1926 1718 1976 excessit,

319 2016 411 2056 cap.
447 2000 513 2041 53.
548 1998 715 2040 relictis
745 1997 850 2037 meis
884 1996 1012 2036 rebus
1047 2009 1127 2049 pro
1158 1993 1324 2034 relictis
1368 1993 1510 2042 rebus,
1542 1999 1586 2034 et
1617 1991 1715 2035 Lib.

320 2065 594 2110 XXXVIII.
628 2065 696 2105 ΞΟ.
733 2078 761 2104 a
791 2062 1081 2117 septentrione
1111 2075 1190 2114 pro
1212 2061 1275 2101 ad
1301 2059 1647 2115 septentrionem.

380 2133 601 2182 Quantum
633 2130 737 2172 haec
769 2128 956 2170 Goelleri
992 2128 1167 2184 eiusque
1202 2126 1304 2168 socii
1340 2126 1600 2183 negligentia
1630 2141 1718 2168 non

319 2202 455 2244 solum
498 2199 654 2241 Christ.
698 2197 810 2239 Frid.
859 2196 1076 2245 Klaibem,
1112 2195 1187 2251 qui
1227 2194 1404 2237 editioni
1444 2194 1719 2237 Drakenbor-

320 2270 495 2312 chianae
516 2265 782 2323 Stutgardiae
799 2280 833 2306 a.
857 2267 979 2306 1820.
998 2264 1199 2320 repetitae
1217 2263 1400 2305 delectas
1416 2262 1573 2305 codicis
1591 2262 1719 2304 Bam-

320 2337 534 2394 bergensis
561 2335 763 2377 lectiones
792 2333 852 2374 ita
881 2332 1070 2382 inseruit,
1094 2340 1141 2373 ut
1171 2331 1358 2374 Goelleri
1386 2332 1595 2375 erroribus
1621 2347 1718 2374 suos

321 2405 553 2454 adderet17,
586 2402 660 2445 sed
695 2400 821 2443 etiam
858 2399 948 2441 aliis
981 2399 1094 2441 Livii
1130 2398 1361 2442 editoribus
1395 2399 1596 2450 offecerit,
1627 2399 1716 2456 ipse

1041 2559 1125 2591 vitiis
1139 2559 1381 2601 typographicis
1400 2558 1447 2590 ita.
1466 2558 1635 2599 inquinata
1656 2563 1714 2599 est,

369 2565 406 2597 16
430 2566 564 2602 Quanta
575 2563 671 2594 huius
684 2561 886 2602 potissimum
901 2560 997 2591 fuerit

1040 2606 1077 2633 ut
1094 2602 1164 2634 Lib.
1184 2603 1329 2633 XXXI.
1349 2608 1398 2640 ²7·
1415 2600 1444 2632 6.
1463 2603 1635 2642 proprium
1656 2612 1716 2642 pro

321 2607 527 2648 negligentia,
548 2606 603 2636 ubi
625 2614 674 2643 ea,
694 2614 777 2644 quae
797 2604 830 2634 in
851 2602 997 2634 Goelleri

322 2651 403 2681 libro
425 2660 455 2690 p.
478 2648 656 2688 307—-318,
682 2648 842 2686 leguntur,
867 2655 996 2685 compa-

321 2692 439 2723 raveris
461 2702 535 2722 eum
558 2689 684 2726 nostris,
700 2699 782 2728 quae
804 2688 901 2719 huius
923 2687 996 2718 libri

323 2745 354 2775 p.
383 2735 560 2775 318—339.
587 2731 802 2772 reperiuntur,
826 2731 922 2762 facile
948 2730 995 2761 in-

320 2777 456 2817 telliges.

368 2826 404 2859 17
430 2820 601 2849 Praeterea.
644 2816 724 2847 haec
768 2814 852 2846 Livii
897 2814 995 2846 editio

322 2859 582 2902 Stutgardiensis‚
619 2869 660 2889 ne
701 2858 813 2888 viliore
851 2857 995 2897 quidem,

321 2913 385 2943 quo
422 2914 508 2934 nunc
545 2901 704 2939 venditur,
742 2900 847 2940 pretio
886 2899 995 2939 digna,

1035 2649 1182 2686 propter,
1206 2644 1278 2675 Lib.
1303 2643 1471 2675 XXXII.
1496 2652 1547 2683 30.
1575 2653 1624 2675 11.
1645 2655 1716 2685 sep-

1039 2691 1203 2727 tenyentos
1219 2696 1277 2726 pro
1291 2687 1518 2725 septinyentos,
1533 2695 1603 2725 cap.
1621 2693 1671 2725 35.
1685 2687 1716 2719 8.

1039 2731 1203 2769 inyressus
1219 2738 1276 2768 pro
1292 2739 1448 2767 egressu-9,
1464 2727 1535 2760 Lib.
1554 2728 1716 2760 XXXV.

1038 2780 1067 2811 3.
1085 2780 1114 2811 3.
1138 2772 1330 2802 tutabantur
1355 2780 1412 2810 pro
1438 2771 1620 2808 tutabatur,
1643 2780 1716 2811 cap.

1044 2823 1090 2846 12.
1106 2823 1136 2854 9.
1153 2818 1330 2852 tyrannum
1345 2822 1403 2852 pro
1419 2814 1564 2851 tyranni,
1580 2822 1651 2852 cap.
1663 2822 1714 2854 29.

1042 2865 1069 2887 2.
1086 2856 1313 2896 aequatoribus
1332 2864 1390 2894 pro
1406 2855 1627 2895 aquatoribus,
1643 2865 1714 2895 cap.

1040 2907 1090 2938 34.
1109 2907 1137 2937 3.
1157 2901 1280 2930 constat
1303 2907 1360 2936 pro
1375 2898 1552 2935 constabat,
1573 2906 1645 2937 cap.
1661 2903 1714 2936 35.
