1888 3194
571 184 698 226 LIB.
732 184 875 226 XLII.
913 184 1058 228 CAP.
1093 190 1158 230 37.
1494 192 1547 232 69

160 278 398 320 censuisset.
460 275 507 316 P.
527 275 694 316 Licinio
718 274 878 316 consuli
904 275 958 316 ad
978 276 1208 317 exercitum
1230 276 1393 318 civilem
1415 279 1544 320 socia·
1562 289 1604 322 U.
1619 290 1658 322 c.
1680 291 1752 330 581.

161 335 326 392 lemque
356 333 516 390 petenti
547 332 690 374 addita
719 332 886 382 auxilia,
918 332 1124 390 Ligurum
1154 333 1240 375 duo
1269 334 1410 384 millia,
1439 335 1543 377 Cre·
1556 334 1595 364 A.
1619 334 1658 365 C.
1684 342 1751 372 ¹7¹·

128 402 297 436 8tenses
317 391 529 447 sagittarii,
552 390 754 444 (incertus
774 405 985 441 numerus,
1008 399 1210 447 quantum
1237 392 1370 447 rogati
1390 393 1543 434 auxilia

161 449 384 492 Cretenses
411 448 638 496 misissent)
667 447 879 489 Numidae
911 448 1011 490 item
1039 449 1201 505 equites
1231 449 1539 506 elephantique.

157 506 210 549 In
225 522 318 548 eam
337 521 424 548 rem
441 505 568 563 legati
588 505 642 547 ad
663 504 927 547 Masinissam
948 505 1397 563 Carthaginiensesque
1415 508 1540 558 missi,

156 564 207 606 L.
230 564 471 606 Postumius
502 563 695 613 Albinus,
732 562 785 611 Q.
810 563 1034 606 Terentius
1068 563 1232 614 Culleo,
1267 563 1316 607 C.
1342 565 1538 607 Aburius.

156 621 210 664 In
233 621 405 664 Cretam
431 622 532 663 item
552 621 709 678 legatos
730 630 812 662 tres
833 621 891 662 ire
913 621 1083 678 placuit,
1106 623 1159 663 A.
1176 622 1440 664 Postumium
1463 623 1540 664 Al—

155 680 316 730 binum,
340 679 391 721 C.
408 679 662 729 Decimium,
687 679 740 720 A.
757 678 971 720 Licinium
994 679 1193 722 Nervam.

213 737 297 780 Per
315 738 429 780 idem
456 747 622 794 tempus
641 737 768 794 legati
795 737 846 778 ab
873 752 970 793 rege
1000 737 1153 779 Perseo
1173 747 1390 780 venerunt.
1454 738 1538 780 Eos
1615 743 1680 782 36.

124 795 201 842 9in
221 795 423 853 oppidum
445 795 667 837 intromitti
694 810 780 836 non
804 794 973 852 placuit,
996 811 1128 852 quum
1158 796 1240 837 iam
1268 796 1423 837 bellum
1451 797 1538 853 regi

155 869 301 896 eorum
322 863 365 896 et
384 852 690 895 Macedonibus
711 862 753 894 et
772 864 938 894 senatus
958 853 1177 903 decresset,
1195 862 1238 895 et
1257 853 1436 911 populus
1456 854 1539 896 ius-

154 911 284 954 sisset.
346 911 398 953 In
419 911 565 953 aedem
589 910 789 952 Bellonae
810 911 854 952 in
874 921 1063 953 senatum
1087 911 1314 953 introducti
1339 912 1396 953 ita
1415 912 1540 954 verba
1554 921 1665 962 Legati
1681 933 1700 953 a

153 969 365 1012 fecerunt:
401 975 412 993 ‘
428 968 576 1010 Mirari
603 968 756 1010 Persea
776 984 931 1026 regem,
954 969 1058 1025 quid
1074 970 1122 1010 >in
1150 969 1443 1011 Macedoniam
1467 985 1540 1011 ex·
1554 965 1679 996 Perseo.

155 1032 168 1051 ‘
182 1027 336 1068 ercitus
363 1027 628 1083 transportati
649 1036 797 1068 essent.
863 1025 907 1068 Si
936 1027 1146 1083 impetrari
1169 1042 1191 1068 a
1219 1037 1366 1068 senatu
1386 1037 1538 1084 posset,

155 1090 228 1126 ‘ut
257 1085 286 1126 ii
316 1094 575 1133 revocentur,
607 1099 749 1140 regem
779 1084 831 1125 de
864 1084 1036 1133 iniuriis,
1067 1085 1099 1126 si
1131 1100 1232 1141 quas
1263 1085 1383 1126 sociis
1413 1085 1540 1127 factas

154 1147 466 1199 ‘quererentur,
503 1141 703 1183 arbitratu
742 1150 910 1183 senatus
949 1142 1253 1183 satisfacturum
1294 1143 1407 1183 esse.'
1469 1142 1537 1200 Sp.

153 1198 375 1250 Carvilius,
398 1199 452 1242 ad
478 1215 571 1240 eam
598 1200 730 1256 ipsam
758 1214 846 1240 rem
875 1215 928 1241 ex
953 1199 1131 1241 Graecia
1159 1200 1352 1241 remissus
1380 1200 1431 1241 ab
1456 1199 1537 1243 Cn.

155 1257 326 1308 Sicinio,
340 1259 385 1299 in
399 1266 546 1300 senatu
565 1266 663 1299 erat.
717 1256 758 1298 Is
778 1257 1075 1299 Perrhaebiam
1098 1266 1380 1314 expugnatam
1402 1259 1538 1308 armis,

153 1315 393 1358 Thessaliae
414 1315 574 1372 aliquot
594 1315 717 1356 urbes
738 1325 890 1372 captas,
909 1324 1058 1365 cetera,
1081 1331 1187 1372 quae
1205 1325 1276 1357 aut
1297 1324 1450 1371 ageret,
1468 1326 1540 1357 aut

182 1383 316 1416 araret
342 1389 429 1424 rex,
452 1389 584 1430 quum
611 1383 815 1430 argueret,
838 1373 1090 1430 respondere
1118 1373 1171 1415 ad
1198 1388 1247 1415 ea
1274 1373 1400 1429 legati
1427 1374 1537 1415 iussi.

151 1389 382 1490 Postquam
409 1431 682 1481 haesitabant,
705 1441 907 1487 negantes
931 1431 1010 1473 sibi
1040 1431 1147 1472 ultra
1172 1432 1397 1487 quicquam
1423 1446 1540 1472 man-

152 1489 297 1532 datum
323 1505 424 1541 esse,
454 1490 553 1531 iussi
580 1490 819 1531 renuntiare
848 1489 948 1546 regi,
973 1495 984 1512 ‘
1001 1488 1230 1531 Consulem
1260 1488 1306 1530 P.
1327 1488 1539 1531 Licinium

154 1553 167 1571 ‘
181 1547 296 1589 brevi
317 1563 412 1589 cum
438 1547 624 1589 exercitu
652 1547 840 1588 futurum
867 1547 912 1588 in
935 1546 1188 1588 Macedonia
1208 1562 1319 1588 esse:
1353 1547 1407 1588 ad
1428 1562 1538 1597 eum,

154 1605 212 1646 ‘si
242 1605 474 1647 satisfacere
508 1606 551 1646 in
582 1606 722 1646 animo
756 1614 876 1655 esset,
907 1605 1092 1646 mitteret
1128 1605 1295 1661 legatos.
1359 1605 1540 1646 Romam

155 1663 298 1719 ‘quod
324 1672 538 1720 praeterea
564 1663 761 1712 mitteret,
791 1678 877 1704 non
906 1678 1017 1704 esse:
1051 1663 1264 1704 neminem
1293 1678 1435 1704 eorum
1466 1678 1541 1719 per

127 1730 138 1750 ¹
156 1719 346 1762 ‘Italiam
386 1721 445 1762 ire
478 1720 715 1761 liciturum.’
776 1719 840 1761 Ita
879 1720 1069 1769 dimissis,
1108 1720 1154 1761 P.
1175 1720 1340 1762 Licinio
1379 1720 1540 1762 consuli

153 1778 411 1828 mandatum,
434 1779 542 1819 intra
563 1777 833 1819 undecimum
861 1777 974 1818 diem
1002 1778 1164 1818 iuberet
1185 1793 1255 1819 eos
1276 1777 1397 1819 Italia
1417 1793 1539 1819 exce-

153 1835 266 1886 dere,
284 1846 325 1878 et
349 1835 418 1892 Sp.
438 1835 666 1877 Carvilium
691 1835 885 1884 mitteret,
909 1835 995 1890 qui,
1014 1835 1148 1876 donec
1170 1850 1318 1876 navem
1341 1850 1538 1877 conscen-

152 1893 324 1943 dissent,
353 1893 592 1934 custodiret.
656 1892 773 1933 Hace
808 1893 967 1933 Romae
996 1903 1099 1942 acta,
1126 1893 1314 1934 nondum
1346 1893 1540 1949 profectis

152 1950 197 1992 in
247 1951 472 1993 rovinciam
495 1950 746 1992 consulibus.

258 2024 298 2050 m
342 2011 421 2050 Cn.
448 2007 641 2058 Sicinius,
683 2008 769 2064 qui,
812 2008 1054 2064 priusquam
1102 2008 1345 2063 magistratu
1393 2008 1537 2058 abiret,

151 2066 424 2109 Brundisium
455 2066 508 2108 ad
539 2066 710 2108 classem
742 2076 784 2107 et
814 2065 868 2106 ad
898 2066 1130 2107 exercitum
1161 2066 1408 2121 praemissus
1439 2076 1538 2115 erat,

150 2125 332 2167 traiectis
364 2125 406 2165 in
442 2124 618 2180 Epirum
655 2124 844 2180 quinque
884 2123 1068 2165 millibus
1102 2123 1306 2180 peditum,
1345 2124 1540 2165 trecentis

150 2183 374 2240 equitibus,
397 2182 450 2224 ad
473 2182 773 2239 Nymphaeum
795 2182 839 2222 in
860 2196 958 2238 agro
980 2181 1240 2238 Apolloniati
1262 2190 1393 2222 castra
1414 2181 1540 2223 habe-

151 2241 232 2283 bat.
295 2240 401 2282 Inde
423 2241 612 2282 tribunos
633 2255 728 2282 cum
751 2240 915 2281 (luobus
937 2239 1119 2281 millibus
1141 2239 1319 2280 militum
1343 2239 1395 2280 ad
1417 2254 1540 2281 occu-

150 2298 290 2356 panda
310 2298 642 2340 Dassaretiorum
666 2307 708 2339 ct
736 2297 973 2354 Illyriorum
1006 2297 1185 2347 castella,
1209 2298 1307 2353 ipsis
1331 2312 1540 2339 arcessen-

150 2357 261 2399 tibus
273 2356 490 2414 praesidia,
508 2366 554 2397 ut
567 2357 737 2397 tutiores
751 2371 774 2396 a
788 2355 1061 2396 finitimorum
1078 2356 1236 2411 impetu
1252 2354 1538 2397 Macedonum

149 2424 300 2465 essent,
330 2415 452 2456 misit.
518 2414 666 2456 Paucis
694 2423 786 2470 post
811 2413 959 2455 diebus
991 2414 1044 2461 Q.
1065 2413 1263 2462 Marcius,
1295 2413 1347 2454 A.
1369 2413 1537 2463 Atilius,

149 2482 193 2514 et
223 2472 270 2514 P.
294 2482 336 2514 et
370 2472 456 2514 Ser.
484 2471 672 2513 Cornelii
704 2471 890 2520 Lentuli,
922 2480 965 2513 et
997 2471 1045 2512 L.
1072 2471 1302 2520 Decimius,
1335 2470 1460 2528 legati
1496 2472 1539 2512 in

152 2529 374 2573 Graeciam
407 2530 533 2579 missi,
570 2530 798 2587 Corcyram
835 2529 1026 2586 peditum
1063 2529 1175 2571 mille
1209 2544 1349 2570 secum
1386 2529 1540 2571 advex-

149 2598 296 2630 erunt:
331 2589 387 2631 ibi
410 2589 520 2629 inter
539 2603 582 2629 sc
608 2598 650 2629 ct
675 2588 881 2644 regiones,
905 2602 1008 2643 quas
1036 2587 1214 2636 obirent,
1236 2596 1278 2629 et
1304 2586 1456 2628 milites
1477 2587 1541 2628 di-

150 2646 346 2688 viserunt.
413 2646 629 2687 Decimius
651 2646 798 2686 missus
819 2655 881 2686 cst
901 2645 954 2686 ad
975 2645 1195 2695 Gentium,
1214 2660 1355 2701 regem
1381 2644 1541 2702 Illyrio-

1616 2420 1640 2458 02

1647 2421 1667 2459 λΙ

192 2788 212 2819 8
235 2790 351 2828 Rofflm'
372 2789 515 2826 cimilia]
544 2788 667 2818 Vocem
685 2790 823 2821 att-riliu,
915 2797 924 2818 i
947 2789 1001 2818 Ire
1017 2789 1197 2825 liciturum]
1218 2788 1363 2827 cf.Supr.
1378 2788 1477 2818 xxxii.
1496 2797 1541 2817 2¹.

152 2834 185 2860 ut
210 2841 494 2871 supervacaneam,
517 2831 673 2871 expungit
698 2832 822 2861 Grono-
868 2831 1021 2862 Ceterum
1038 2832 1204 2861 Iit-iturum
1220 2830 1367 2860 absolute
1389 2830 1439 2860 hic
1463 2829 1540 2869 posi-

153 2871 231 2904 viun.
868 2879 936 2904 tum
961 2878 1018 2909 ent,
1037 2884 1135 2913 quum
1161 2875 1282 2904 nemini
1302 2897 1309 2903 .
1327 2897 1333 2903 .
1351 2897 1358 2903 .
1376 2874 1539 2903 liciturum

193 2926 214 2956 9
237 2918 277 2947 In
299 2919 469 2958 oppidum]
504 2928 547 2949 sc.
566 2917 604 2948 ln
630 2918 750 2948 urbem.
783 2917 822 2948 cf.
869 2916 1013 2947 usitatior
1028 2916 1224 2946 comtructio
1240 2920 1331 2946 efflet.

151 2967 236 2997 supr.
256 2968 303 2990 το.
