1888 3194
582 419 659 480 T.
719 417 992 480 LIVII
1054 416 1569 481 PATAVINI

797 620 1132 673 LIBER
1198 619 1352 671 XLI.

191 1001 236 1032 U.
252 1002 288 1033 C.
312 1010 381 1042 574·
375 998 448 1100 [
517 993 611 1035 AM
632 1009 706 1050 per
726 1009 868 1035 omnes
884 994 992 1035 orbis
1012 1002 1212 1035 terrarum
1232 1002 1368 1050 partes
1384 993 1566 1035 victricia
1585 993 1763 1050 populus
1779 1012 1792 1035 1

189 1044 228 1077 Α·
253 1045 289 1076 C.
315 1053 350 1084 ¹7
456 1001 509 1101 I
556 1051 769 1093 Romanus
790 1051 1098 1092 ciicumtulerat
1127 1067 1250 1101 arma,
1274 1051 1518 1107 dissitasque
1548 1051 1691 1107 procul
1721 1060 1764 1092 et

395 1109 599 1150 seiunctas
621 1124 705 1150 non
727 1124 809 1150 uno
830 1109 932 1149 mari
952 1109 1140 1164 regiones
1170 1109 1291 1165 longe
1322 1109 1486 1165 lateque
1517 1118 1760 1164 pervaserat.

398 1166 515 1207 Sed
506 1182 549 1206 111
580 1175 694 1207 tanta
713 1167 931 1207 fluentium
953 1181 1004 1207 ex
1025 1175 1120 1207 voto
1141 1181 1279 1207 rerum
1300 1166 1493 1207 felicitate
1515 1165 1763 1207 moderatio-

394 1225 458 1264 nis
480 1232 618 1265 tamen
643 1224 816 1280 adeptus
842 1223 1020 1273 laudem,
1043 1224 1285 1265 auctoritate
1317 1224 1458 1279 magis,
1481 1238 1604 1279 quam
1632 1223 1764 1278 impe-

393 1281 467 1331 rio,
490 1281 693 1337 pollebat:
728 1290 769 1322 et
789 1281 900 1337 apud
924 1290 1086 1322 exteras
1116 1290 1260 1337 gentes
1286 1280 1405 1336 plura
1432 1281 1615 1331 consilio,
1638 1294 1763 1336 quam

393 1339 431 1378 vi
462 1348 504 1379 et
534 1347 699 1388 terrore,
730 1354 871 1393 gelere
902 1353 943 1380 se
971 1338 1231 1395 gloriabatur.
1294 1338 1344 1379 In
1377 1338 1558 1379 devictos
1589 1337 1764 1394 populos

393 1410 592 1460 ieaesque
629 1411 713 1436 non
746 1397 926 1445 acerbus,
963 1396 1183 1437 munificus
1215 1411 1313 1452 erga
1346 1396 1487 1461 500105,
1520 1395 1597 1436 sibi
1631 1395 1765 1436 solum

393 1453 587 1494 victmiae
607 1453 733 1494 decus
753 1463 964 1518 appetens,
982 1468 1095 1494 suam
1117 1454 1281 1509 legibus
1302 1453 1569 1503 maiestatem,
1586 1451 1763 1508 populis,

394 1510 491 1551 vel
481 1526 524 1551 111
545 1526 691 1567 aequo,
713 1510 777 1551 vel
798 1511 920 1552 etiam
942 1511 985 1551 in
1006 1511 1152 1567 impari
1171 1511 1349 1560 foedere,
1368 1526 1460 1551 51135
1480 1519 1619 1551 tamen
1638 1509 1763 1565 leges,

395 1583 468 1609 533
487 1569 577 1609 iura
594 1568 909 1624 libertatemque
926 1578 1177 1609 servaveiat.
1211 1578 1333 1623 atque
1352 1568 1455 1609 adeo
1472 1567 1595 1608 armis
1611 1575 1766 1608 utram-

395 1641 477 1681 que
508 1626 631 1666 1113115
661 1625 951 1667 mediterranei
982 1641 1095 1667 oram
1121 1642 1144 1666 a
1167 1625 1355 1667 Gadibus
1376 1625 1429 1666 ad
1453 1624 1614 1682 Syriam
1633 1638 1765 1689 usque
1792 1642 1799 1649 *

395 1683 649 1748 complexus,
682 1691 723 1724 et
754 1698 829 1738 per
859 1684 1082 1723 immensos
1116 1692 1315 1724 teriarum
1349 1691 1501 1723 tractus
1535 1681 1766 1723 reverentia

395 1741 555 1781 nomini
589 1740 781 1781 Romano
816 1740 1044 1789 conciliata,
1077 1741 1281 1781 subiectos
1312 1748 1451 1781 tamen
1481 1739 1629 1780 ditioni
1657 1738 1765 1780 solos

394 1797 572 1838 habebat
606 1797 781 1846 Siciliae,
811 1806 852 1838 et
882 1797 1237 1837 cir-cumiectamm
1272 1796 1415 1836 Italiae
1450 1796 1689 1844 insularum,
1722 1803 1765 1836 et

394 1855 617 1910 pleraeque
641 1853 914 1907 Hispaniae,
904 1866 1048 1906 iugum
1076 1860 1215 1892 tamen
1242 1852 1429 1892 nondum
1450 1852 1574 1892 docili
1594 1852 1763 1892 ferentis

396 1911 567 1957 cervice,
599 1908 784 1972 populos.
853 1907 1084 1962 Augendae
1125 1908 1397 1948 dominationi
1431 1923 1594 1948 causam
1633 1917 1765 1949 mate—

395 1967 582 2021 riamque
603 1964 791 2020 praebuit
812 1965 948 2028 potius
969 1964 1202 2005 inconsulta
1225 1965 1405 2006 hostium
1436 1973 1478 2005 et
1508 1964 1763 2006 aemulorum

396 2023 585 2078 pravitas,
608 2037 731 2077 quam
762 2021 889 2077 ipsius
919 2021 1100 2062 ambitio.
1162 2021 1333 2062 Persei
1323 2037 1366 2062 ln
1386 2021 1541 2077 primis,
1564 2021 1765 2063 Macedo-

395 2079 489 2120 niae
521 2093 695 2134 regnum
724 2093 800 2134 per
827 2078 1013 2119 fraudem
1048 2093 1093 2119 ac
1125 2079 1256 2120 scelus
1286 2079 1438 2143 adepti,
1470 2078 1690 2120 crudelitas
1719 2080 1763 2120 in

396 2114 613 2201 populaies
633 2135 862 2176 omnibus
852 2135 993 2185 mvisa,
1014 2150 1165 2176 vesana
1184 2136 1292 2176 inter
1311 2151 1531 2176 1mmensas
1552 2151 1650 2192 opes
1670 2151 1764 2178 ava-

397 2194 502 2243 litia,
535 2192 834 2234 inconsiderata
868 2192 912 2232 in
947 2193 1158 2248 capiendis
1192 2193 1550 2249 exsequendisque
1583 2193 1763 2234 consiliis

397 2251 553 2300 levitas,
575 2259 617 2291 et
643 2249 758 2291 illum
787 2264 949 2305 pessum
970 2249 1134 2299 dedere,
1156 2258 1198 2290 et
1218 2265 1490 2305 quaeeunque
1520 2259 1653 2291 stante
1683 2251 1762 2292 hoc

429 2308 621 2363 raecipuo
653 2306 865 2348 Romanae
896 2307 1105 2362 potentiae
1136 2307 1248 2348 velut
1276 2307 1392 2348 freno
1424 2316 1529 2348 stare
1557 2317 1758 2363 poterant.

394 2323 668 2419 *liedundavit
694 2364 804 2404 enim
833 2364 875 2404 in
900 2363 999 2404 alios
1023 2364 1110 2404 eius
1131 2379 1259 2413 casus,
1281 2379 1358 2405 nec
1379 2364 1648 2405 finitimorum
1671 2373 1762 2405 tan-

399 2431 502 2470 tum,
530 2421 603 2462 sed
632 2435 775 2461 eorum
805 2421 942 2470 etiam,
969 2421 1041 2476 qui
1070 2421 1232 2477 longius
1255 2421 1401 2462 remoti
1437 2432 1567 2470 erant,
1597 2421 1761 2463 ruinam

399 2478 535 2519 traxit.
578 2477 859 2518 Macedonum
877 2478 1047 2518 exitium
1065 2487 1204 2519 secuta
1220 2493 1314 2519 cum
1329 2478 1508 2519 Achaeis
1524 2477 1757 2534 Carthago:

397 2544 534 2590 atque,
556 2534 702 2575 horum
724 2534 907 2575 cladibus
928 2535 1122 2575 convulso
1143 2536 1328 2575 omnium
1357 2543 1477 2584 statu,
1499 2534 1659 2590 reliqua
1678 2536 1759 2577 iam

396 2592 581 2647 imperia,
603 2591 856 2646 aliquamdiu
877 2591 1067 2640 obnoxia,
1089 2601 1181 2647 post
1207 2591 1344 2648 paullo
1365 2607 1517 2641 eversa,
1539 2592 1583 2632 in
1606 2592 1759 2633 Roma-

396 2664 497 2690 num
533 2648 752 2704 imperium
786 2656 935 2689 cuncta
969 2658 1189 2689 cesserunt.
1251 2649 1393 2704 Atque
1429 2649 1544 2698 haec,
1580 2658 1626 2690 ut
1661 2649 1760 2691 10015

444 2809 454 2829 1
480 2800 550 2829 Iam
560 2809 619 2837 per
629 2799 747 2835 onmes]
770 2797 843 2827 1100
854 2797 1055 2836 supplemen-
1099 2801 1130 2827 et
1141 2795 1648 2838 Drakenborcl1i0300ncinnatum‚
1660 2800 1758 2831 Doer-

397 2845 477 2879 tum,
493 2842 577 2880 quod
593 2840 681 2870 uncis
700 2840 827 2870 inclusit
847 2839 1056 2878 Kreyssigius,
1098 2839 1200 2879 ingius
1215 2849 1340 2878 quoque
1355 2850 1430 2870 51130
1447 2840 1577 2871 editioni
1600 2843 1759 2882 praefixit,

398 2888 469 2924 post
493 2882 682 2914 Douiatium
707 2886 739 2912 et
755 2882 835 2912 alios
856 2892 875 2912 a
895 2882 1055 2913 Crevierio
1099 2882 1266 2913 Bekkerus
1280 2884 1388 2912 autem
1404 2882 1518 2915 omisit.
