1888 3194
516 455 1211 518 EXCERPTUM

835 629 894 657 Ex

377 767 712 820 PETRI
796 763 1358 819 LAMBECII

263 939 810 987 BIBLIOTHECA
867 939 1466 987 VINDOBONENSI

493 1102 589 1144 Lm.
623 1101 679 1143 II.
716 1101 825 1144 CAP.
850 1101 975 1142 VIII.
1006 1115 1105 1142 PAG.
1132 1104 1228 1143 943.

214 1258 299 1301 DE
343 1257 808 1307 ANTIQUISSIMO
851 1257 1006 1299 LIVII
1050 1257 1289 1300 CODICE
1337 1258 1521 1300 MSTO.

262 1417 330 1448 Ex
355 1416 459 1453 QUO
485 1416 598 1448 EIUS
622 1415 771 1447 LIBER
796 1415 894 1447 XLI.
919 1414 980 1446 ET
1005 1414 1145 1452 SEQQ.
1171 1415 1310 1447 EDITI
1336 1415 1475 1448 SUNT.

779 1596 792 1598 ,γ
849 1584 988 1610 4—-

278 1730 548 1775 OLUMEN
590 1731 956 1772 membranaceum
998 1732 1042 1772 in
1078 1741 1228 1788 quarto
1269 1733 1430 1783 maiori,
1467 1743 1564 1776 ante

317 1789 429 1830 mille
470 1798 514 1830 et
553 1788 712 1844 aliquot
752 1798 923 1830 centum
969 1804 1101 1830 annos
1148 1798 1282 1831 totum
1329 1791 1570 1833 maiusculis

169 1847 312 1897 literis,
335 1857 378 1888 et
406 1845 579 1902 quidem
608 1846 899 1901 antiquissimo
927 1861 1056 1896 more,
1078 1847 1168 1888 sine
1199 1847 1282 1888 ulla
1310 1848 1569 1903 singularum

168 1919 318 1946 vocum
348 1903 618 1945 distinctione
651 1912 882 1953 exaratum,
905 1919 1084 1959 eamque
1116 1905 1169 1946 ob
1197 1919 1284 1945 rem
1317 1902 1442 1946 ctiam
1470 1906 1571 1947 doc-

169 1961 337 2003 tissimis
367 1969 409 2001 et
441 1961 483 2000 in
509 1970 698 2001 veterum
728 1960 938 2001 Codicum
962 1960 1186 2002 MStorum
1219 1963 1466 2004 tractatione
1496 1979 1570 2004 ex-

167 2017 467 2060 ercitatissimis
505 2016 619 2058 Viris
660 2016 772 2058 lectu
814 2017 1122 2068 difficillimum,
1170 2034 1255 2074 quo
1298 2020 1570 2062 continentur

169 2075 382 2117 Historiae
436 2074 654 2115 Romanae
702 2074 833 2115 TITI
879 2074 984 2116 LIV
989 2074 1034 2116 II
1080 2075 1199 2116 Libri
1245 2076 1449 2132 quinque,
1494 2078 1567 2134 qui

167 2144 340 2190 propter
378 2131 556 2173 aliorum
598 2131 698 2173 olim
742 2133 1010 2188 sequentium
1053 2132 1265 2174 defectum
1312 2149 1426 2176 nunc
1471 2145 1569 2176 sunt

167 2190 319 2241 ultimi,
356 2204 522 2246 mempe
566 2190 689 2231 XLI.
731 2190 877 2231 XLII.
917 2190 1088 2232 XLIII.
1133 2191 1303 2233 XLIV.
1342 2201 1385 2233 et
1421 2192 1567 2234 XLV.

170 2247 248 2289 Est
273 2256 415 2289 autem
446 2247 526 2288 hoc
555 2246 693 2303 ipsum
724 2247 1016 2288 authenticum
1048 2247 1279 2304 Exemplar
1300 2247 1493 2299 MStum,
1516 2266 1568 2291 cx

169 2320 255 2362 quo
291 2304 435 2346 Simon
466 2303 691 2361 Grynaeus
724 2304 806 2344 iam
841 2313 1091 2346 memoratos
1119 2306 1308 2362 quinque
1340 2306 1491 2348 Libros
1514 2307 1566 2348 A.

174 2365 298 2404 1531.
332 2361 521 2403 Basileae
555 2363 664 2418 typis
696 2361 971 2404 Frobenianis
1035 2363 1164 2404 rimus
1193 2363 1236 2403 in
1270 2363 1407 2405 lucem
1436 2364 1571 2406 edidit

170 2434 267 2462 cum
286 2418 499 2461 Desiderii
523 2418 685 2460 Erasmi
710 2418 984 2461 Roterodami
1003 2377 1272 2462 ¹I’raefatione
1295 2420 1349 2462 ad
1368 2420 1569 2463 Carolum

172 2476 447 2526 Montioium‚
470 2476 513 2517 in
536 2491 620 2532 qua
645 2476 834 2517 eiusdem
864 2476 1008 2518 archet
1073 2478 1083 2518 i
1116 2486 1367 2519 vetustatem
1397 2478 1571 2535 deprac-

171 2534 285 2576 dicat
319 2534 385 2575 his
421 2533 582 2575 verbis:
630 2533 844 2575 ‘TITVS
880 2533 1009 2575 LIVI
1059 2534 1101 2584 S,
1140 2534 1318 2576 Latinae
1357 2534 1570 2578 Historiae

172 2591 416 2648 ‘Princeps,
447 2591 528 2632 iam
560 2590 734 2647 quidem
765 2590 1010 2647 frequenter
1040 2607 1220 2633 excusus
1250 2602 1326 2642 est,
1357 2593 1431 2634 sed
1463 2610 1572 2634 nun-

173 2653 327 2704 ‘quam
356 2657 453 2690 ante
487 2648 563 2689 hac
588 2648 653 2689 vcl
682 2664 734 2688 m·
781 2648 1021 2690 nificentius
1043 2649 1107 2690 vel
1136 2650 1426 2698 emendati1133
1459 2661 1513 2700 ct,
1537 2651 1568 2691 si

174 2705 280 2748 ‘hoc
301 2720 449 2762 parum
470 2715 545 2755 est,
572 2705 726 2754 QVIN
782 2705 862 2746 VE
888 2706 1003 2747 libris
1029 2706 1174 2748 modo¹
1199 2708 1374 2764 repertis
1395 2718 1567 2749 auctus:

222 2874 232 2895 1
252 2865 386 2905 Scripsit
409 2866 562 2897 Emumun
587 2867 768 2906 Epistulam
790 2867 881 2899 illam
906 2868 1136 2899 dedicatoriam
1159 2869 1247 2907 apud
1273 2867 1462 2905 friburgum
1488 2868 1559 2898 Bris

174 2906 264 2948 goine
280 2907 434 2939 Calendis
450 2909 560 2940 Martii
580 2910 618 2940 A.
641 2918 729 2949 ¹53¹-
