1888 3194
708 195 1000 239 INDEX.

203 283 294 312 auro,
319 273 451 305 alterius

204 317 387 354 vincuntur,
409 315 486 346 ibid.
511 314 550 346 cf.
575 317 608 344 et
632 323 682 352 41.
707 323 752 353 sq.
777 313 831 343 de-

204 359 286 390 dunt
305 368 339 389 se
358 357 527 395 Romanis,
542 356 619 387 ibid.
642 357 701 386 sub
720 356 832 395 iugum

203 401 388 438 mittuntur,
399 399 475 431 ibid.
498 398 572 429 victi
586 402 702 439 petunt
718 407 832 438 pacem

203 452 244 483 43
261 447 294 474 et
308 450 358 482 45.
382 442 420 473 iis
439 442 553 473 foedus
572 441 742 481 antiquum
763 440 832 471 red-

204 486 320 523 ditum,
343 485 420 516 ibid.
451 485 611 516 rebellant
640 494 690 521 10,
718 493 764 514 11.
796 483 834 513 iis

203 528 339 559 infertur
353 528 476 558 bellum
493 537 540 558 12.
562 527 743 564 vincuntur,
755 526 832 557 ibid.

204 571 362 611 proelium
375 574 466 601 atrox
480 580 553 601 cum
568 570 767 601 Samnitibus
784 578 830 608 14.

203 613 289 654 pulsi
306 613 423 644 finibus
441 613 518 651 suis,
534 612 698 643 Etruriam
718 614 834 652 petunt

208 655 256 688 16.
274 655 448 687 vincuntur
463 665 509 698 19.
527 656 727 696 populantur
738 655 833 686 Cam-

205 699 322 740 paniae
342 709 453 739 agrum
475 708 523 730 20.
547 699 736 734 caeduntur,
757 697 836 728 dux-

205 751 270 781 que
303 751 413 773 eorum
448 745 563 782 captus
595 741 637 771 ad
672 740 837 771 consulem

206 784 305 816 Rom.
318 784 452 824 rapitur,
464 784 539 815 ibid.
564 784 733 814 conferunt
748 792 837 813 arma

207 837 282 858 cum
308 827 462 864 Etruscis,
488 826 631 864 Umbris,
655 825 763 857 Gallis
789 834 838 856 21.

207 880 282 900 cum
299 869 406 901 Gallis
425 869 581 900 invadunt
604 869 772 900 Romanos
790 876 838 907 27.

208 912 370 944 Samnites
404 912 508 952 primo
544 912 670 952 impetu
706 912 839 948 feroces,

208 955 351 995 longiore
370 955 545 986 certamine
565 955 708 985 residunt
727 963 838 984 eorum

207 997 306 1028 animi
321 998 369 1029 28.
390 997 562 1028 vincuntur
575 1007 624 1038 29.
644 997 837 1028 Samnitium

207 1050 322 1080 agmen
339 1051 359 1071 a
376 1040 518 1081 Pelignis
533 1040 679 1071 caeditur
694 1048 744 1078 30.
773 1039 838 1069 bel-

209 1083 278 1113 lum
291 1086 441 1123 reparant
454 1092 470 1121 3
479 1092 504 1114 1.
522 1083 693 1113 vincuntur
704 1081 838 1122 proeli0,

208 1125 242 1156 in
261 1135 325 1164 quo
346 1135 439 1156 caesa
459 1125 653 1156 Samnitium
675 1124 837 1155 sexdecim

209 1168 313 1199 millia
337 1167 484 1205 trecenti,
515 1172 611 1208 capta
641 1168 705 1198 duo
734 1166 838 1197 millia

209 1210 417 1250 septingenti,
446 1210 522 1241 ibid.
561 1209 730 1241 Samnitici
762 1209 839 1239 belli

209 1253 404 1284 diuturnitas
416 1256 448 1283 et
463 1253 625 1289 atrocitas,
637 1252 715 1283 ibid.
733 1262 840 1292 aggre-

210 1295 344 1327 diuntur
364 1299 467 1326 castra
489 1296 639 1327 Romana
655 1304 706 1334 32.
730 1295 840 1334 expel-

211 1338 323 1369 luntur
349 1347 399 1378 33.
430 1338 554 1378 aliquot
581 1348 692 1369 eorum
719 1337 841 1377 oppida

212 1381 345 1421 capiunt
382 1381 524 1412 Romani
560 1389 610 1420 34.
651 1383 842 1421 oppugnant

213 1423 383 1455 Luceriam
398 1432 447 1462 35.
465 1424 637 1454 vincuntur
649 1422 699 1462 36.
718 1427 842 1463 septem

211 1466 316 1497 millia
331 1470 363 1497 et
379 1466 513 1497 trecenti
527 1466 627 1506 capti,
638 1476 750 1496 omnes
764 1465 842 1496 nudi

212 1509 396 1549 subiugum
418 1509 602 1546 mittuntur,
617 1509 693 1540 ibid.
717 1504 841 1539 Samni-

212 1552 294 1582 tium
329 1552 441 1592 ingens
473 1556 648 1592 apparatus
679 1551 757 1582 belli
793 1551 842 1591 38.

214 1594 386 1625 vincuntur
404 1604 424 1625 a
446 1594 576 1634 Papirio
597 1594 728 1625 consule
751 1603 787 1632 41
812 1597 844 1624 et

214 1647 265 1685 42.
294 1647 405 1668 eorum
431 1638 525 1667 urbes
548 1641 662 1677 captae
687 1636 842 1675 4511οἢ-

214 1679 304 1711 ciunt
332 1681 374 1711 ad
403 1681 529 1711 Poenos
557 1689 608 1718 22,
634 1679 684 1711 61.
720 1679 843 1711 Samni-

214 1723 296 1754 tium
334 1723 511 1763 legatorum
546 1723 585 1753 ad
623 1722 843 1753 Hannibalem

215 1765 316 1796 oratio
345 1775 396 1806 23,
423 1775 472 1804 42.
512 1765 674 1796 Samnites
704 1765 843 1797 Caudini

216 1817 268 1847 23,
290 1818 340 1846 4¹·
374 1808 484 1839 Pentri
510 1818 541 1849 9,
567 1817 617 1847 31.
649 1808 843 1838 Samnitium

215 1851 346 1882 nomine
360 1851 554 1891 gladiatores
568 1851 724 1891 appellati
742 1860 792 1888 4ο.

173 1893 342 1926 Samnium
360 1902 389 1933 7,
402 1903 452 1933 32.
477 1898 635 1924 vastatum
651 1904 671 1924 a
688 1893 846 1925 Romanis

218 1946 269 1974 24,
287 1946 335 1968 20.

174 1979 300 2019 Samos,
311 1979 378 2010 sive
393 1979 520 2017 Samus,
535 1979 640 2010 insula
655 1983 687 2010 et
704 1979 778 2010 urbs
794 1986 846 2018 37,

220 2031 268 2053 10.

173 2064 396 2102 Samothraca,
418 2065 467 2095 vel
489 2063 711 2096 Samothracia
733 2073 784 2102 42,
807 2072 845 2103 25

216 2111 250 2139 et
266 2116 316 2147 50.
341 2119 393 2146 44,
409 2116 447 2146 45
464 2111 496 2138 et
514 2106 563 2145 46.

174 2149 420 2182 Samotbracum
438 2150 563 2180 insulae
580 2149 690 2189 religio
707 2160 758 2189 45,
774 2158 802 2189 5.

175 2193 270 2225 Sanci
285 2193 383 2224 aedes
397 2193 438 2223 de
455 2193 545 2224 coelo
561 2197 647 2223 tacta
664 2201 716 2232 32,
735 2202 760 2224 1.

175 2235 359 2276 Sangarius,
375 2235 492 2267 fluvius
507 2236 558 2276 38,
579 2236 624 2266 18.

176 2278 347 2319 Sangualis
361 2278 429 2309 avis
445 2288 497 2317 41,
517 2286 563 2317 17.

176 2320 310 2361 Sapinia
324 2320 426 2352 tribus
443 2321 598 2353 Umbriae
610 2331 683 2361 pars
698 2329 750 2360 31,
763 2330 790 2352 2.
806 2321 846 2352 cf.

219 2369 252 2395 et
268 2371 320 2402 33,
335 2372 385 2403 37·

177 2405 294 2437 Sardes
306 2415 358 2445 33,
378 2415 388 2436 1
417 2429 424 2437 .
449 2414 501 2446 37,
522 2406 567 2437 18.

177 2448 269 2480 Sardi
308 2449 379 2480 elan
405 2449 539 2479 estinam
580 2448 771 2488 legationem
808 2449 849 2479 ad

222 2492 350 2523 Poenos
368 2491 501 2522 mittunt
524 2500 574 2529 23,
594 2500 642 2530 32.
671 2491 850 2522 caeduntur

220 2545 240 2566 a
268 2534 425 2566 Romanis
454 2543 504 2572 4ο.
542 2534 772 2574 perdomantur
798 2543 849 2573 41.

220 2577 344 2618 legatos
380 2577 520 2609 Romam
552 2576 686 2607 mittunt
717 2586 768 2614 41,
803 2585 848 2608 10.

221 2619 392 2652 Sardorum
413 2630 526 2651 omnes
544 2620 669 2660 populi,
689 2619 742 2658 qui
765 2620 849 2650 defe-

223 2667 345 2700 cerant,
359 2662 392 2694 in
413 2662 568 2694 ditionem
591 2662 778 2702 rediguntur
800 2672 849 2693 21.

223 2704 265 2736 de
280 2704 318 2736 iis
336 2705 515 2746 triumphat
540 2705 590 2736 Ti.
608 2706 733 2745 Sempr.
751 2705 850 2735 Grac-

224 2746 366 2821 01111ιέ6.
389 2748 480 2779 Sardi
495 2748 634 2786 venales,
648 2747 849 2788 proverbium

225 2798 278 2828 41,
294 2799 311 2820 2
336 2814 344 2822 .

183 2832 342 2869 Sardinia,
359 2831 464 2864 insula
477 2841 527 2870 21,
548 2842 572 2864 1.
596 2842 648 2870 22,
661 2842 710 2873 31.
735 2833 765 2863 in
783 2833 852 2863 Sar-

225 2874 345 2906 diniam
369 2874 509 2906 subsidia
531 2875 627 2906 missu
648 2884 699 2914 23,
718 2884 768 2914 34.
799 2875 852 2905 ‹lo-

227 2921 335 2949 matur
364 2927 385 2949 a
419 2916 546 2950 Manlio
576 2927 625 2955 41.
663 2922 806 2949 vastatur
834 2929 854 2949 a

475 275 607 313 argento
630 271 756 303 oeelata
780 279 832 308 40.

919 271 1020 302 classe
1050 273 1173 304 Punica
1199 281 1250 312 27,
1276 272 1306 305 6.
1343 273 1377 305 111
1404 273 1551 306 Sardinia

918 323 1070 354 magnum
1092 315 1271 346 tumultum
1292 325 1361 347 esse
1383 317 1551 348 nuntiatur

919 365 972 394 41,
995 365 1042 387 10.
1067 362 1203 397 pacatur
1227 367 1277 388 21.
1302 358 1467 390 Sardiniae
1489 359 1550 390 for-

918 407 1008 428 mam
1029 399 1186 431 exhibens
1202 400 1315 430 tabula
1330 401 1362 431 in
1378 402 1458 432 aede
1478 402 1551 432 Ma-

918 443 1010 471 tutae
1033 442 1150 473 Matris
1163 453 1184 473 a
1204 442 1255 473 Ti.
1270 442 1420 474 Graccho
1448 444 1552 484 posita

921 493 973 521 419
988 492 1038 523 33-

877 525 966 563 Sare,
982 526 1072 557 vicus
1087 527 1323 557 Maronitarum
1341 527 1392 566 38,
1409 538 1459 566 41.

877 568 1028 607 Sarissae,
1048 569 1161 601 hastae
1182 569 1375 610 praelongae
1399 570 1552 601 Macedo-

920 621 998 642 num
1015 621 1046 653 99
1066 622 1113 654 Ῐ9·
1137 620 1189 651 371
1205 621 1256 651 4²·
1281 613 1332 651 38,
1351 621 1378 652 7·
1404 623 1456 650 44-
1472 623 1523 651 40·

879 653 1106 695 Sarissophori,
1127 655 1249 686 milites
1275 655 1476 686 Macedones
1501 655 1554 695 36,

928 697 975 728 18.

882 739 1130 779 Sarpedonium,
1145 740 1400 781 promontorium
1421 741 1473 781 38,
1489 741 1540 781 38.

882 781 989 819 Sarus,
1006 783 1122 814 fluvius
1138 792 1190 823 33,
1206 793 1255 822 41.

884 806 1023 863 Sassula,
1038 827 1124 863 urbs,
1140 830 1237 866 capta
1248 837 1267 857 a
1283 826 1441 858 Romanis
1459 833 1488 866 7,
1508 836 1554 869 19.

883 867 1046 899 Satellites
1064 869 1161 899 sumit
1178 869 1372 909 Tarquinius
1393 870 1556 910 Superbus

930 920 957 947 1,
969 921 1018 952 49.
1042 912 1198 942 satellites
1212 913 1391 943 Porsennae
1408 922 1441 943 11
1455 917 1488 943 et
1508 922 1555 944 12.

924 954 1080 984 satellites
1110 959 1249 985 armatos
1282 955 1341 985 sibi
1378 955 1556 986 circumdat

926 996 1159 1037 Hieronymus,
1169 998 1224 1037 qui
1241 998 1322 1028 nulli
1340 997 1478 1029 Hieroni
1488 998 1556 1029 fue-

925 1043 996 1069 rant
1013 1049 1064 1077 24‚
1081 1048 1109 1078 5.

883 1080 1038 1119 Saticula,
1061 1083 1136 1112 urbs
1162 1091 1190 1122 7,
1213 1092 1263 1121 32.
1294 1093 1325 1124 9,
1351 1093 1399 1115 21.
1430 1093 1480 1124 23,
1505 1093 1555 1125 39.

925 1129 1130 1172 oppugnatur
1151 1135 1171 1155 a
1191 1125 1350 1157 Romanis
1370 1136 1401 1167 9,
1424 1136 1473 1158 21.
1505 1136 1556 1158 ca-

926 1172 1014 1206 pitur
1032 1177 1080 1198 22.

885 1209 1063 1240 831101113111
1078 1221 1098 1241 3
1115 1210 1272 1242 Romanis
1288 1211 1411 1242 laudati
1424 1219 1476 1251 27,
1494 1221 1542 1243 10.

885 1251 1091 1282 Saticulanus
1107 1263 1181 1292 ager
1196 1262 1245 1292 23,
1265 1263 1312 1292 14.

885 1293 1056 1332 Satricum,
1073 1305 1149 1335 opp.
1171 1305 1199 1333 2,
1219 1305 1269 1336 39.
1293 1294 1324 1332 6,
1340 1297 1372 1326 8.
1398 1297 1449 1334 28,
1469 1305 1515 1327 11.
1539 1306 1559 1327 a

927 1337 1101 1368 Coriolano
1119 1338 1277 1369 Romanis
1292 1338 1446 1369 adimitur
1461 1349 1492 1374 2,
1508 1348 1558 1380 39.

927 1380 1097 1411 moenibus
1113 1380 1226 1412 Satrici
1243 1391 1276 1412 se
1291 1381 1462 1412 includunt
1480 1382 1559 1412 Vol-

928 1422 972 1453 sci
993 1422 1024 1460 6,
1045 1423 1074 1454 8.
1103 1423 1229 1463 capitur
1250 1434 1269 1454 a
1294 1424 1462 1460 Romanis,
1482 1424 1558 1455 ibid.

929 1475 949 1496 a
966 1464 1181 1497 Praenestinis
1192 1471 1223 1497 et
1236 1467 1364 1497 Volscis
1378 1477 1426 1498 22.
1452 1467 1561 1498 Latini

930 1513 1137 1539 concremant
1153 1509 1312 1540 Satricum
1327 1518 1375 1548 33.
1400 1510 1559 1541 Satricum

930 1551 1090 1581 coloniam
1113 1552 1279 1582 deducunt
1295 1552 1442 1583 Antiates
1464 1560 1492 1592 7,
1511 1561 1559 1592 27.

931 1594 1058 1633 capitur
1074 1604 1093 1624 a
1116 1594 1284 1631 Romanis,
1305 1594 1381 1626 ibid.
1413 1595 1562 1634 diripitur

930 1641 962 1667 et
981 1636 1174 1673 incenditur,
1189 1637 1264 1667 ibid.
1292 1638 1484 1668 Volscorum
1506 1648 1560 1669 ex-

931 1679 1048 1710 ercitus
1069 1680 1213 1710 consedit
1231 1681 1271 1710 ad
1296 1680 1455 1711 Satricum
1480 1680 1513 1718 8,
1535 1690 1559 1711 1.

930 1732 951 1752 a
968 1722 1094 1796 Papiri6o
1110 1732 1173 1753 cos.
1195 1726 1411 1763 oppugnatur,
1427 1727 1459 1753 et
1475 1722 1560 1763 capi-

932 1769 984 1795 tur
999 1775 1029 1806 9,
1050 1774 1059 1795 1

889 1807 1046 1838 Satricani
1059 1808 1108 1845 28,
1123 1816 1168 1839 11.
1185 1808 1337 1839 deficiunt
1348 1809 1389 1839 ad
1402 1808 1562 1840 Samnites

932 1860 963 1891 9,
984 1860 1030 1882 12.

890 1892 1025 1924 Saturae
1042 1893 1263 1924 Romanorum
1283 1903 1311 1934 7,
1329 1903 1355 1924 2.

890 1936 1074 1967 Saturnalia
1098 1936 1244 1967 instituta
1271 1946 1300 1974 2,
1327 1946 1374 1968 21.
1414 1935 1497 1967 diem
1525 1947 1563 1967 ac

933 1983 1060 2009 noctem
1083 1980 1222 2010 clamata
1248 1989 1348 2015 22,1.
1379 1979 1563 2011 Saturnalia

934 2022 1048 2063 prima,
1064 2022 1139 2052 ibid.
1157 2026 1189 2052 et
1206 2031 1258 2061 30,
1265 2021 1324 2070 36.

892 2060 1053 2101 Saturnia,
1083 2065 1209 2095 colonia
1244 2065 1361 2095 citium
1399 2065 1496 2096 Rom.
1530 2064 1563 2095 in

933 2117 1042 2147 agrum
1061 2108 1270 2138 Caletranum
1288 2108 1428 2138 deducta
1445 2117 1496 2148 39,
1513 2116 1563 2147 55.

891 2149 1058 2186 Saturnus,
1081 2149 1166 2180 idem
1194 2151 1248 2189 qui
1278 2150 1388 2185 Belus,
1416 2151 1523 2180 cultus
1545 2161 1565 2180 a

933 2192 1261 2233 Carthaginiensibus.
1286 2193 1348 2224 vid.
1374 2193 1484 2224 Belus.
1508 2193 1564 2224 Sa-

934 2235 1018 2265 turni
1035 2237 1139 2266 aedes.
1159 2235 1221 2267 vid.
1240 2237 1355 2267 Aedes.

891 2277 1036 2317 Satyrus,
1058 2279 1207 2318 princeps
1229 2278 1396 2318 legationis
1420 2278 1563 2309 Rhodio-

934 2331 1016 2357 rum,
1046 2321 1312 2361 intemperantius
1341 2321 1503 2352 invehitur
1531 2321 1563 2352 in

937 2363 1115 2394 Eumenem
1135 2373 1186 2402 42,
1208 2373 1253 2402 14.

893 2406 987 2443 Savo,
1002 2407 1158 2446 oppidum
1178 2407 1332 2446 Alpinum
1354 2407 1403 2443 28,
1420 2405 1470 2444 46.

894 2449 980 2480 Saxa
998 2449 1123 2485 Rubra,
1140 2450 1239 2487 locus,
1255 2450 1308 2480 ubi
1328 2450 1483 2480 Veientes
1499 2460 1564 2480 cas-

935 2496 984 2522 tra
1001 2491 1162 2523 habebant
1181 2502 1209 2529 2,
1225 2503 1274 2533 49.

894 2534 978 2565 Saxa
997 2535 1167 2565 Formiana
1185 2545 1235 2571 22,
1257 2534 1301 2566 16.

893 2577 1014 2608 Saxum
1043 2577 1217 2618 Tarpeium
1243 2577 1274 2614 6,
1302 2587 1349 2608 20.
1387 2577 1428 2607 de
1454 2587 1492 2607 eo
1518 2577 1564 2607 M.

937 2620 1082 2651 Manlia-⁴
1097 2621 1250 2657 deiectus,
1267 2620 1341 2650 ibid.

895 2662 1008 2694 Scalae
1038 2662 1068 2693 in
1096 2663 1337 2703 oppugnatione
1363 2661 1567 2701 Carthaginis

938 2715 1040 2736 novae
1076 2706 1244 2736 moenibus
1275 2706 1437 2740 admotae,
1471 2714 1566 2735 onere

937 2748 1142 2779 subeuntium
1160 2749 1279 2778 fructae
1297 2747 1346 2785 26,
1363 2757 1412 2786 45.

898 2789 1032 2830 scalpro
1048 2790 1150 2821 fabrili
1167 2790 1358 2830 elephantos
1378 2799 1491 2820 necare
1511 2789 1564 2819 do-

940 2833 1007 2864 cuit
1021 2833 1220 2869 Hasdrubal,
1230 2833 1255 2863 si
1269 2832 1398 2872 quando
1410 2831 1566 2862 saevirent

900 2918 932 2949 Ρ.
943 2884 1144 2954 870ηέ213133,
1160 2916 1303 2957 pontifex
1323 2925 1374 2955 23,
1390 2925 1439 2948 21.
