1888 3194
422 185 505 223 504
709 181 1059 224 VARIETAS
1106 181 1542 225 LECTIONUM

421 272 638 327 Antiocho]
668 274 775 328 quod
800 288 889 313 cum
910 273 1109 314 Antiocho
1130 288 1228 327 reye.
1244 297 1302 302 -—
1317 272 1422 328 Cap.
1444 275 1484 313 4.
1509 272 1686 327 Aeqypti
1711 271 1818 327 φερε]

422 329 609 384 Aeqypti.
624 329 804 371 ——Ibid.
828 330 926 384 sese]
956 346 1005 370 se.
1023 354 1081 360 —
1097 328 1205 385 Cap.
1231 330 1271 371 7.
1295 329 1451 384 nomiae]
1481 344 1616 370 noxae.
1634 354 1693 360 —-
1707 328 1818 371 Ibid.

422 386 655 442 Bullinum]
678 388 905 442 Byllinum.
923 412 977 417 —
995 385 1099 442 Cap.
1123 390 1186 427 11.
1211 387 1509 442 Mnasilochus]
1533 387 1816 428 Mnesilochus.

421 443 604 486 —Ibid.
647 444 963 499 Cephalleniam]
1006 445 1300 498 Cephaleniam.
1319 468 1375 475 -—
1394 443 1499 499 Cap.
1535 447 1601 484 12.
1636 444 1818 498 accepta]

422 508 587 556 accepta
637 509 703 542 est.
727 526 784 532 -—-
805 501 915 543 Ibid.
969 501 1271 554 Mnasilochus]
1323 502 1606 542 Mnesilochus.
1633 525 1682 532 —-
1707 500 1818 542 Ibid.

425 559 699 613 flInasz'loclzo]
724 560 981 599 Mnesilocho.
999 582 1057 588 —-
1073 556 1182 599 Ibid.
1215 558 1509 613 Cephalleniae]
1541 559 1816 613 Cephaleniae.

419 639 474 645 --
495 615 603 671 Cap.
631 619 694 657 13.
725 615 941 668 monerent]
979 622 1159 655 moneret.
1180 637 1230 644 —-
1253 615 1360 670 Cap.
1388 617 1452 655 14.
1483 616 1643 671 viqinti]
1676 617 1816 656 decem.

419 698 477 703 —
493 671 601 713 Ibid.
650 672 909 726 Spercheum]
967 672 1216 725 Sperchium.
1240 695 1296 701 -—
1319 670 1425 726 Cap.
1471 675 1536 712 15.
1580 672 1816 722 Antiochus,

421 732 501 769 iam
533 737 616 769 tum
643 729 821 782 cernens]
851 729 1087 777 Antiochus,
1117 731 1198 783 qui,
1221 730 1302 768 iam
1331 735 1415 768 tum
1446 743 1617 770 cernens.
1637 753 1690 759 -
1707 728 1817 771 Ibid.

414 789 571 841 petisse.
643 787 760 826 Tunc
788 785 1038 839 Aetolorum]
1067 788 1224 839 petisse,
1251 785 1496 826 Aetolorum.
1514 811 1569 817 —
1586 784 1697 826 Ibid.
1728 801 1820 827 con-

419 845 598 883 venirent
635 843 858 892 Lamiam3
905 849 943 883 et
982 842 1080 897 ipse]
1125 845 1384 883 convenirent.
1448 843 1540 882 Iam
1577 849 1615 883 et
1652 845 1745 897 ipse.
1764 867 1821 873 —

423 899 530 955 Cap.
578 903 642 940 18.
685 900 831 954 educit]
875 901 1018 940 eduxit.
1036 923 1095 930 —-
1114 899 1219 955 Cap.
1266 903 1332 941 19.
1379 899 1647 954 Scarpheam]
1695 900 1820 941 Scar-

413 959 569 1012 phiam.
589 981 645 987 —-
662 956 769 998 Ibid.
809 956 1025 1012 consecuti]
1054 959 1264 1011 persecuti.
1282 982 1340 987 ——
1356 956 1460 1012 Cap.
1493 960 1560 997 20.
1595 956 1816 1013 vexatione]

420 1016 641 1054 violatione.
660 1013 841 1055 ——Ibid.
885 1017 1088 1055 novissimi
1121 1013 1314 1070 dominis]
1358 1016 1594 1055 novissimae
1633 1016 1816 1069 ayminis.

419 1097 475 1102 ——
497 1070 602 1127 Cap.
637 1074 704 1111 22.
735 1072 817 1112 M.
841 1070 1019 1126 Acilius]
1055 1072 1223 1112 Acilius.
1242 1070 1423 1112 —Ibid.
1456 1070 1637 1127 partem]
1673 1087 1816 1112 arcem.

418 1154 477 1160 —
496 1128 600 1184 Cap.
632 1132 699 1169 23.
736 1136 782 1169 ut
813 1128 955 1184 solent]
994 1135 1041 1168 ut
1070 1130 1175 1168 solet.
1194 1153 1251 1158 —
1270 1127 1376 1183 Cap.
1408 1131 1475 1169 25.
1509 1135 1593 1168 tum
1623 1131 1818 1183 reyionem

420 1188 590 1226 maxime
630 1187 752 1226 Oetae
791 1193 953 1240 spectat,
991 1187 1134 1239 oppido
1169 1201 1291 1240 quam
1327 1187 1438 1225 breve
1472 1186 1726 1226 intervallum
1761 1187 1820 1225 vi-

420 1242 555 1298 detur]
580 1250 664 1283 tum
685 1245 879 1297 reqionem
904 1259 950 1283 ea
976 1245 1144 1282 maxime
1164 1244 1364 1297 despectat
1383 1243 1584 1297 oppidum,
1607 1257 1687 1297 qua
1707 1243 1820 1283 breve

420 1301 675 1341 intervallum
725 1302 891 1340 videtur.
914 1325 972 1329 ——
995 1299 1099 1355 Cap.
1143 1303 1211 1341 29.
1259 1300 1507 1339 Duodecimo
1556 1301 1590 1339 is
1639 1298 1722 1355 die]
1774 1300 1820 1339 Is

421 1359 647 1397 duodecimo
687 1358 759 1397 die.
783 1381 838 1387 —
863 1356 967 1412 Cap.
1011 1360 1078 1397 31.
1121 1355 1308 1411 munera]
1347 1359 1496 1397 munia.
1519 1380 1576 1385 —
1599 1355 1703 1412 Cap.
1747 1359 1814 1397 35.

421 1415 599 1455 indutias
636 1416 739 1454 tanti
774 1413 980 1469 temporis]
1019 1415 1202 1453 inducias
1233 1420 1389 1453 tantum
1420 1415 1615 1467 temporiS.
1633 1412 1815 1454 -Ibid.

421 1473 525 1526 reyis
567 1471 722 1525 leqatis]
767 1472 916 1524 leqatis.
940 1495 997 1500 —
1021 1469 1126 1526 Cap.
1160 1473 1227 1510 36.
1259 1469 1446 1525 praetor]
1489 1477 1738 1524 propraetor.
1760 1495 1819 1501 —

420 1553 478 1558 —
497 1527 601 1583 Cap.
641 1531 708 1568 38.
747 1527 896 1583 occisa]
940 1543 1066 1567 caesa.
1087 1526 1266 1567 -Ibid.
1302 1542 1491 1582 maqnam
1531 1534 1662 1568 tamen
1697 1530 1819 1568 victo-

421 1584 546 1640 riam]
579 1600 766 1640 maynam
794 1587 1014 1625 victoriam.
1033 1609 1091 1614 —
1109 1584 1214 1639 Cap.
1238 1587 1306 1624 40.
1331 1583 1528 1640 centenos]
1559 1591 1742 1625 trecenos.
1760 1610 1819 1616 -—

425 1641 529 1697 Cap.
556 1645 624 1682 42.
657 1641 887 1698 constratis]
921 1644 1116 1682 rostratis.
1135 1666 1192 1670 -—
1211 1640 1315 1697 Cap.
1345 1645 1414 1682 43.
1445 1641 1686 1698 ceciderunt]
1721 1644 1818 1682 ceci-

422 1700 522 1739 dere.
542 1698 723 1740 —Ibid
766 1698 958 1754 quinque]
1002 1701 1306 1754 quinquaqinta.
1329 1723 1386 1728 —-
1409 1698 1511 1755 Cap.
1553 1702 1622 1740 44.
1665 1698 1815 1755 omnes]

421 1758 609 1797 omnibus.
628 1781 685 1785 —-
705 1756 813 1796 Ibid.
825 1755 1039 1811 fecissent]
1051 1758 1226 1810 fecisset.
1242 1781 1300 1786 ——

481 1813 591 1854 CAP.
635 1812 879 1854 XXXVII.
930 1812 1035 1869 Cap.
1070 1817 1107 1853 2.
1149 1816 1281 1853 sortiti
1317 1811 1430 1868 sunt]
1472 1815 1688 1854 sortiti.—-
1707 1811 1815 1854 Ibid.

420 1869 689 1926 deducendae]
713 1872 914 1911 deductae.
937 1895 994 1900 —
1018 1869 1123 1926 Cap.
1148 1873 1186 1910 3.
1209 1870 1447 1924 escenditur]
1471 1872 1738 1912 adscenditur.
1763 1894 1818 1900 —

424 1927 528 1983 Cap.
552 1931 591 1968 4.
621 1927 882 1982 Spercheum]
912 1928 1159 1982 Sperchium.
1178 1952 1236 1958 —
1255 1928 1358 1983 Cap.
1383 1930 1420 1969 9.
1444 1928 1630 1982 escendit]
1653 1929 1818 1968 adscen-

420 1986 490 2025 dit.
514 2009 571 2014 —
594 1984 699 2040 Cap.
740 1988 803 2026 13.
842 1984 1022 2040 Rhodio]
1062 1983 1522 2039 Rhodiorum.-—Cap.
1560 1988 1623 2025 14.
1662 1987 1820 2025 traiecit

430 2041 595 2097 Chium]
631 2044 798 2083 traiecit.
821 2064 879 2072 -—·
899 2041 1006 2082 Ibid.
1045 2049 1206 2096 accepta
1242 2043 1292 2081 ab
1325 2042 1444 2082 Livio
1475 2040 1618 2096 classe]
1653 2049 1817 2096 accepta

421 2115 448 2139 a
483 2100 603 2139 Livio
635 2100 769 2139 classe.
789 2124 845 2128 ——
864 2098 968 2154 Cap.
1007 2101 1071 2139 16.
1115 2099 1231 2148 Cous,
1273 2097 1445 2153 Cnidus]
1492 2098 1656 2147 Cnidus,
1699 2099 1814 2140 Cous.

420 2179 477 2184 ——
499 2155 606 2196 Ibid.
642 2159 784 2196 ostium
813 2155 978 2211 portus]
1017 2157 1186 2195 hostium
1214 2162 1367 2209 portus.
1392 2181 1447 2186 ——
1469 2154 1575 2195 Ibid.
1611 2157 1681 2196 sed
1710 2157 1818 2197 altae

421 2214 584 2265 insuper
614 2214 870 2253 imminebant
898 2212 1033 2266 rupes]
1066 2214 1135 2252 sed
1164 2213 1270 2252 altae
1301 2227 1419 2266 rupes
1451 2215 1613 2267 insuper
1640 2215 1817 2254 immine-

422 2269 528 2308 bant.
552 2293 608 2298 ——
629 2268 736 2309 Ibid.
790 2271 929 2308 omisso
983 2276 1127 2309 conatu
1177 2270 1341 2309 Patara
1390 2271 1563 2324 amplius
1613 2269 1813 2325 tentandi]

422 2327 567 2365 omissa
587 2326 749 2365 Patara
770 2327 944 2381 amplius
965 2327 1144 2366 tentandi
1162 2341 1239 2380 spe.
1263 2351 1320 2355 —
1343 2325 1447 2382 Cap.
1476 2330 1540 2368 19.
1564 2327 1813 2383 nobilitatae]

422 2383 682 2422 nobilitatum.
700 2408 758 2412 —
776 2381 881 2437 Cap.
925 2386 992 2422 20.
1036 2382 1249 2439 sescentos]
1303 2390 1502 2424 trecentos.
1519 2409 1578 2415 —-
1596 2383 1700 2440 Cap.
1745 2388 1813 2425 21.

422 2439 667 2492 Bacchium]
697 2440 912 2480 Bachium.
931 2465 988 2470 —
1008 2438 1111 2495 Cap.
1136 2443 1203 2481 22.
1242 2440 1407 2496 Cnidia]
1447 2442 1612 2482 Gnidia.
1631 2465 1688 2470 -—
1704 2440 1812 2482 Ibid.

423 2497 473 2535 ab
511 2495 652 2551 Samo]
688 2512 714 2536 a
747 2497 880 2537 Samo.
904 2522 960 2526 —-
980 2496 1087 2537 Ibid.
1121 2499 1170 2537 ab
1199 2497 1361 2552 Rhodo]
1395 2514 1421 2537 a
1449 2499 1602 2538 Rhodo.
1626 2522 1683 2527 —
1703 2497 1811 2539 Ibid.

422 2552 621 2608 Peraeae]
640 2569 785 2607 parva.
805 2578 859 2584 --
880 2552 983 2609 Cap.
1004 2557 1069 2594 23.
1089 2556 1146 2594 ad
1167 2555 1309 2595 Sidam
1325 2556 1450 2594 hostes
1470 2553 1569 2609 esse]
1593 2556 1650 2594 ad
1672 2555 1814 2596 Sidam

423 2611 505 2650 iam
545 2611 671 2650 hostes
705 2625 794 2650 esse.
817 2635 874 2639 —
894 2605 1018 2651 Ibid.‘
1045 2610 1119 2666 est]
1163 2618 1269 2651 esset.
1287 2636 1345 2641 -
1363 2610 1467 2666 Cap.
1506 2614 1573 2652 25.
1609 2611 1811 2668 primum]

415 2669 638 2721 primo.——
657 2665 762 2722 Cap.
790 2668 857 2709 27.
888 2684 907 2707 e
930 2668 1071 2722 portu]
1107 2684 1132 2708 a
1158 2675 1292 2722 portu.
1310 2692 1369 2698 —
1387 2667 1492 2723 Cap.
1520 2671 1588 2708 28.
1618 2669 1685 2708 Eo
1699 2671 1815 2722 forte

423 2722 505 2778 die]
538 2724 605 2763 Eo
621 2725 747 2778 forte.
766 2751 821 2755 -—
841 2723 944 2779 Cap.
970 2728 1036 2765 32.
1065 2732 1102 2765 et
1132 2727 1173 2765 in
1205 2726 1267 2764 his
1292 2732 1422 2765 tamen
1449 2728 1713 2779 imperatoris,
1736 2741 1813 2767 non

423 2782 607 2830 militum,
634 2782 843 2821 arbitrium
875 2781 973 2837 esse]
1009 2788 1046 2821 et
1076 2784 1117 2822 in
1149 2783 1211 2822 his
1238 2789 1368 2822 tamen
1393 2783 1605 2823 arbitrium
1637 2798 1716 2823 esse
1739 2785 1813 2823 im—

417 2840 630 2891 peratoris,
653 2853 730 2878 non
757 2840 937 2879 militum.
958 2863 1012 2868 —-
1032 2838 1136 2894 Cap.
1161 2842 1227 2879 34.
1257 2841 1299 2879 in
1329 2855 1371 2879 eo
1402 2841 1573 2880 tumultu
1607 2841 1812 2894 delapsum

424 2909 469 2935 ex
496 2894 612 2951 equo]
640 2897 682 2936 in
709 2910 750 2936 eo
780 2896 983 2950 delapsum
1018 2897 1189 2936 tumultu
1221 2912 1266 2936 ex
1298 2912 1404 2951 cquO.
1427 2922 1485 2928 —
1508 2896 1612 2953 Cap.
1640 2899 1708 2939 36.
1745 2912 1813 2938 nec
