1888 3194
385 185 533 228 ΤΙΤΙ
575 183 755 227 LIVII
797 183 1261 228 FRAGMENTA
1437 191 1519 230 285

128 274 327 316 hibentur
352 274 476 316 illata.
538 273 789 339 Lupercalia
821 282 961 315 autem
995 283 1167 330 propter
1197 274 1301 330 quid
1332 276 1520 319 instituta

127 331 224 382 sint,
258 332 483 387 (uantum
519 330 573 372 ad
609 331 738 387 ipsius
773 331 1080 387 superstitionis
1114 341 1354 374 commenta
1382 348 1522 389 respe-

126 392 262 443 ctant)
279 347 429 429 (iivius
450 388 635 429 secunda
655 388 813 430 decade
835 387 1044 444 loquitur:
1069 403 1147 429 nec
1168 398 1340 445 propter
1355 391 1522 432 morbos

126 444 378 487 inhibendos
406 445 598 486 instituta
624 454 937 495 commemorat,
959 445 1034 486 sed
1060 454 1233 502 propter
1259 446 1521 488 sterilitatem

125 502 360 552 mulierum,
384 517 491 558 quae
514 511 615 544 tunc
636 502 857 552 acciderat,
880 502 1189 544 exsolvendam.
1242 505 1320 546 Ex
1347 505 1521 546 Gelasii

124 560 281 616 Papae
305 561 454 615 Epist.
485 561 692 602 adversus
714 561 1058 602 Andromachum
1086 561 1129 602 in
1150 561 1338 603 Barom'i
1360 561 1518 602 ΛηηαΙ.

122 618 274 659 eccles.
297 619 415 658 ada.
433 619 533 658 496.
557 633 664 658 num.
689 620 756 658 35.

185 672 431 715 Secundum
468 673 638 715 Livium
674 673 801 730 legati
830 674 945 730 pacis
980 673 1277 715 caduceatores
1309 673 1520 716 dicuntur.

122 730 244 773 Serv.
266 733 328 773 ad
355 732 509 788 Virgil.
530 731 637 774 Aen.
662 732 744 774 IV.
769 735 865 773 241.

180 786 327 830 Livius
354 798 575 845 argentum
607 803 732 845 grave
765 789 881 839 dicit,
911 788 955 829 id
988 796 1063 838 est,
1087 803 1255 830 massas.
1318 789 1439 831 Serv.
1462 791 1523 831 ad

132 845 285 902 Virgil.
308 846 414 887 A.er
448 847 519 887 VI.
543 849 640 887 862.
709 847 778 901 (f.
802 847 962 888 Isidor.
989 847 1115 887 XVI.
1144 848 1209 888 17.

179 901 231 943 In
253 902 333 944 hoc
353 918 516 944 summo
533 903 839 959 (promontorio
857 903 1052 957 Circaeo)
1069 903 1273 959 oppidum
1293 902 1385 953 fuit,
1403 903 1519 959 quod

121 967 165 1000 et
198 959 419 1001 Circaeum
452 960 611 1002 dictum
649 970 692 1002 et
726 961 900 1002 Circaei.
964 960 1077 1002 Nam
1112 970 1337 1017 utrumque
1372 960 1519 1002 Livius

121 1015 234 1058 dicit.
300 1018 419 1059 Serv.
443 1020 504 1059 ad
532 1019 684 1074 liv-gil.
705 1019 810 1060 Aen.
845 1019 945 1059 III.
974 1021 1039 1058 10.

177 1238 230 1282 T.
253 1239 400 1281 Livius
428 1249 513 1281 tam
541 1240 712 1297 iniquus
736 1240 916 1283 Salustio
937 1240 1029 1290 fuit,
1052 1249 1099 1282 ut
1126 1240 1235 1282 hanc
1262 1240 1395 1297 ipsam
1422 1256 1516 1282 sen·

119 1297 321 1339 tentiam:
356 1297 473 1339 ‘Res
500 1297 710 1339 secundae
739 1298 843 1340 mire
872 1307 970 1340 sunt
990 1298 1102 1340 vitiis
1123 1298 1342 1348 obtentui?
1362 1307 1405 1339 et
1426 1307 1518 1340 tan-

118 1369 246 1411 quam
275 1354 516 1396 translatam
548 1364 592 1397 et
625 1365 825 1412 tanquam
859 1364 1098 1412 corruptam
1126 1355 1227 1396 dum
1257 1331 1518 1407 transfertur,

119 1412 320 1454 obiiceret
358 1411 549 1454 Salustio.
613 1412 707 1455 Nee
744 1413 825 1455 hoc
861 1429 1001 1455 amore
1036 1412 1302 1478 Thucydidis
1327 1413 1439 1463 facit,
1469 1423 1518 1455 ut

118 1468 236 1510 illum
282 1469 499 1526 praeferat
568 1470 751 1522 Laudat,
795 1486 935 1537 quem·
964 1486 1051 1513 non
1094 1470 1226 1521 timet,
1268 1480 1311 1513 et
1354 1470 1517 1512 facilius

118 1535 238 1583 putat
274 1542 393 1583 posse
429 1542 453 1568 a
487 1542 530 1569 se
566 1527 794 1570 Salustium
827 1529 951 1578 vinci,
988 1528 1022 1570 si
1062 1538 1158 1570 ante
1200 1544 1225 1570 a
1259 1528 1515 1586 Thucydide

118 1584 320 1626 vincatur.
385 1585 550 1627 Seneca
577 1586 776 1628 Controv.
802 1587 974 1628 XXIV.

177 1641 230 1683 T.
250 1641 397 1683 Livius
433 1641 485 1683 de
521 1643 766 1707 oratoribus,
800 1643 874 1699 qui
906 1643 1032 1684 verba
1064 1642 1238 1699 antiqua
1270 1651 1313 1683 et
1347 1643 1518 1684 sordida

118 1708 426 1749 consectantur,
449 1708 491 1740 et
517 1699 715 1741 orationis
742 1700 1036 1742 obscuritatem
1062 1700 1324 1741 severitatem
1351 1709 1515 1755 putant,

118 1757 270 1807 aiebat,
306 1756 547 1798 Miltiadem
589 1757 798 1799 rhetorem
835 1757 1050 1813 eleganter
1084 1757 1266 1798 dixisse:
1312 1755 1422 1799 Ἐπὶ
1456 1759 1517 1814 τῷ

117 1814 340 1867 πλησίον
338 1814 577 1856 μαίνονται.
641 1816 804 1857 S'eneca
831 1816 1030 1857 Controv.
1057 1815 1204 1856 XXV.

177 1871 229 1913 In
257 1871 336 1913 hoc
366 1871 520 1912 malum
549 1887 572 1912 a
598 1872 850 1927 quibusdam
879 1872 1004 1913 ctiam
1034 1871 1269 1912 laboratur:
1303 1886 1442 1927 neque
1472 1871 1516 1916 id

117 1943 275 1971 novum
302 1929 449 1970 vitium
482 1937 556 1978 est,
587 1944 718 1985 quum
752 1930 832 1970 iam
867 1929 979 1994 apud
1014 1929 1064 1969 T.
1086 1928 1255 1969 Livium
1290 1944 1442 1970 invem
1435 1944 1516 1978 im

116 1986 242 2028 fuisse
314 1995 596 2051 raeceptorem
636 1985 833 2042 aliquem,
867 1987 940 2042 qui
976 1985 1204 2042 discipulos
1242 1986 1518 2036 ‘obscurare‚’

149 2059 226 2086 uae
268 2001 471 2093 dicerent,
513 2043 689 2093 iuberet,
735 2043 901 2085 Gracco
942 2043 1069 2084 verbo
1112 2052 1248 2093 utens,
1291 2042 1511 2085 σκότισον.

117 2059 248 2144 (ῙὶΙῐιᾶε
272 2101 342 2142 illa
363 2101 522 2142 scilicet
542 2101 732 2158 egregria
754 2101 961 2142 laudatio:
988 2106 999 2124 ‘
1013 2100 1153 2142 Tanto
1175 2100 1345 2142 melior:
1370 2116 1422 2142 nc
1437 2116 1516 2159 ego

118 2159 320 2224 quidem
342 2158 561 2200 mtellex1
624 2160 806 2205 Quintil.
831 2160 938 2200 Ιηςί.
962 2159 1085 2200 Orat.
1114 2159 1242 2200 VIII.
1267 2162 1397 2200 218.

178 2216 275 2258 Fuit
304 2216 431 2272 igitur
458 2216 639 2258 brevitas
667 2215 738 2257 illa
766 2216 983 2265 tutissima,
1007 2231 1114 2272 quae
1144 2215 1257 2272 apud
1279 2215 1482 2257 Livium
1473 2231 1515 2257 ln

117 2273 293 2340 epistola
321 2273 373 2315 ad
402 2273 534 2315 filium
566 2274 732 2330 scripta,
771 2279 782 2298 ‘
800 2273 1001 2330 legendos
1024 2273 1358 2315 Demosthenem
1387 2283 1515 2330 atquc

119 2332 424 2374 ‘Ciceroncm:
474 2340 562 2372 turn
604 2332 674 2382 ita,
712 2341 757 2372 ut
794 2332 973 2388 quisque
1011 2340 1119 2372 essct
1157 2330 1437 2372 Demostheni
1474 2341 1517 2373 et

118 2389 342 2431 ‘Ciceroni
370 2388 633 2430 simillimus?
696 2390 876 2436 Quintil.
902 2390 1006 2431 Inst.
1030 2390 1153 2430 Orat.
1180 2390 1236 2430 Χ.
1267 2392 1300 2430 l.
1324 2392 1394 2431 39.
1420 2390 1516 2431 coll.

118 2448 183 2489 II.
208 2450 246 2488 5.
272 2450 338 2487 20.
