1888 3194
495 207 622 256 121ss.
656 213 824 256 XLIII.
872 214 1020 256 CAP.
1054 219 1120 256 21.
1420 221 1500 259 119

108 305 276 348 iunctus
295 318 415 346 muro
435 312 510 354 est,
533 312 576 345 et
591 303 740 346 cohors
760 304 887 360 regia,
904 319 1010 360 quos
1032 304 1252 346 Nicatoras
1272 306 1496 362 appellant,
1514 319 1557 351 U.
1574 319 1612 351 C.
1634 320 1707 363 583.

108 361 376 411 transcendit,
393 370 437 404 et
452 361 570 403 scalis
587 361 729 403 multis
748 361 872 403 simul
887 362 1075 418 partibus
1090 362 1271 419 impetus
1287 363 1332 403 in
1349 364 1495 406 urbem
1511 362 1549 393 Α·
1573 362 1612 395 C.
1639 361 1706 402 ¹69·

107 429 170 462 est
188 420 333 461 factus.
395 419 582 461 Puberes
609 433 756 461 omnes
782 419 992 461 interfecti
1019 428 1139 461 sunt:
1173 420 1372 476 coniuges
1392 421 1496 463 libe-

105 492 256 534 rosque
288 491 434 518 eorum
465 477 510 518 in
544 476 777 518 custodiam
808 476 948 518 dedit:
989 477 1168 534 praedae
1199 477 1281 519 alia
1314 478 1496 520 militum

72 551 93 582 3
106 549 277 576 cessere.
342 533 563 577 Stuberam
584 534 684 576 inde
705 535 838 576 victor
852 543 1065 576 revertens
1085 535 1139 576 ad
1157 534 1363 577 Gentium
1383 535 1497 593 lega·
1510 547 1646 587 Legatos
1664 549 1706 579 ad

105 600 183 642 tos,
212 591 458 634 Pleuratum
484 591 690 649 Illyrium,
719 591 982 634 exsulantem
1010 592 1123 649 apud
1151 607 1208 643 se,
1230 602 1273 635 et
1299 593 1496 635 Adaeum
1510 590 1665 663 {statium

106 649 389 692 Macedonem
413 665 438 691 a
465 649 640 699 Beroea,
662 650 803 691 mittit.
867 649 924 691 Iis
952 650 1136 701 mandat,
1158 660 1206 692 ut
1234 660 1497 708 exponerent
1508 643 1646 707 maxx-{us

106 707 274 749 aestatis
294 707 384 749 eius
404 707 638 764 hiemisque
660 716 753 749 acta
779 723 854 749 sua
873 707 1071 750 adversus
1093 708 1308 751 Romanos
1330 708 1496 751 Darda-

73 780 289 827 4nosque:
323 765 554 807 adiicerent
573 766 758 807 recentia
778 766 823 806 in
848 765 1017 823 Illyrico
1038 766 1237 808 hibernae
1259 767 1497 824 expeditio-

106 823 171 864 nis
206 838 354 880 opera:
397 823 665 865 hortarentur
697 822 903 865 Gentium
940 824 984 865 in
1019 824 1245 866 amicitiam
1281 840 1423 867 secum
1453 834 1497 867 et

106 896 204 922 cum
251 880 560 923 Macedonibus
600 881 869 938 iungendam.
953 881 1026 932 Hi,
1068 883 1309 940 transgressi
1349 883 1495 940 iugum
1574 885 1640 923 20.

109 937 258 980 Scordi
288 939 454 989 montis,
485 954 561 995 per
595 938 754 996 Illyrici
783 939 1043 990 solitudines,
1075 956 1178 997 quas
1208 940 1261 982 de
1291 941 1499 982 industria

106 996 349 1053 populando
378 996 636 1038 Macedones
654 997 852 1046 fecerant,
875 1013 928 1038 ne
950 997 1147 1039 transitus
1171 998 1312 1041 faciles
1333 999 1498 1040 Darda-

106 1054 172 1095 nis
201 1054 246 1095 in
275 1053 489 1112 Illyricum
519 1063 591 1095 aut
618 1054 917 1096 Macedoniam
946 1064 1096 1105 essent,
1127 1055 1325 1098 Scodram
1356 1056 1497 1098 labore

105 1111 268 1168 ingenti
289 1111 460 1153 tandem
482 1120 775 1168 pervenerunt.
838 1112 947 1153 Lissi
968 1127 1043 1154 rex
1067 1112 1250 1155 Gentius
1271 1123 1370 1156 erat.
1433 1114 1499 1156 Eo
1513 1123 1651 1156 Gentius

105 1169 228 1210 acciti
262 1167 402 1225 legati,
440 1168 636 1210 mandata
671 1178 946 1226 exponentes,
983 1171 1166 1226 benigne
1203 1171 1335 1213 auditi
1371 1167 1683 1228 sunupecuniam

105 1226 180 1283 qui
192 1241 438 1283 responsum
459 1226 548 1268 sine
571 1226 724 1268 effectu
745 1226 957 1269 tulerunt:
993 1233 1004 1251 ‘
1018 1227 1292 1270 Voluntatem
1312 1229 1391 1271 sibi
1412 1244 1499 1271 non
1512 1214 1623 1249 posut.

106 1283 278 1326 ‘deesse
307 1284 361 1326 ad
388 1283 632 1326 bellandum
660 1299 757 1326 cum
788 1284 1013 1326 Romanis:
1047 1295 1234 1327 ceterum
1263 1286 1317 1328 ad
1343 1302 1500 1329 conan—

107 1341 237 1383 ‘dum
268 1341 326 1392 id,
363 1341 478 1398 quod
518 1342 631 1392 velit,
665 1343 889 1399 pecuniam
929 1343 1110 1385 maxime
1147 1344 1318 1386 deesse.’
1380 1344 1500 1386 Haec

109 1399 329 1442 Stuberam
357 1400 537 1441 retulere
568 1401 669 1457 regi,
699 1409 787 1442 tum
820 1401 1001 1442 maxime
1033 1402 1218 1458 captivos
1245 1416 1298 1444 ex
1329 1401 1500 1460 Illyrico

106 1457 317 1499 vendenti.
381 1457 608 1514 Extemplo
641 1457 769 1500 iidem
796 1458 937 1515 legati,
961 1458 1104 1501 addito
1135 1459 1314 1502 Glaucia
1339 1476 1392 1503 cx
1420 1475 1500 1502 nu-

106 1530 222 1557 mero
249 1515 471 1558 custodum
499 1516 697 1572 corporis,
719 1517 991 1558 remittuntur
1017 1517 1107 1559 sine
1136 1519 1350 1560 mentione
1371 1533 1500 1575 pecu-

105 1573 215 1623 niae,
247 1589 330 1630 qua
365 1589 449 1615 una
478 1574 676 1615 barbarus
706 1574 827 1631 inops
857 1574 1016 1632 impelli
1047 1575 1101 1616 ad
1136 1576 1292 1617 bellum
1323 1586 1498 1633 poterat.

109 1631 324 1688 Ancyram
343 1631 440 1672 inde
456 1630 681 1687 populatus
703 1631 894 1682 Perseus,
912 1634 956 1673 in
978 1633 1181 1675 Penestas
1202 1649 1364 1675 rursum
1382 1650 1502 1676 exer-

107 1688 237 1730 citum
259 1688 447 1730 reducit:
482 1689 738 1745 firmatisque
766 1689 972 1739 Uscanae,
995 1699 1038 1731 et
1067 1691 1177 1732 circa
1197 1707 1289 1733 eam
1317 1708 1393 1748 per
1413 1708 1502 1733 om-

108 1746 178 1788 nia
198 1745 378 1796 castella,
401 1761 508 1802 quae
532 1757 757 1803 receperat,
780 1747 1008 1803 praesidiis,
1026 1748 1070 1788 in
1094 1748 1390 1791 Macedoniam
1413 1765 1500 1791 sese

109 1815 268 1861 reciplt.

167 1861 216 1903 L.
243 1861 428 1912 Coelius,
470 1862 632 1919 legatus
674 1862 904 1912 Romanus,
947 1876 1134 1920 praeerat
1175 1864 1369 1922 Illyrico:
1413 1866 1500 1922 qui,
1580 1868 1646 1906 21.

77 1920 267 1961 6moveri
288 1934 374 1960 non
402 1935 537 1969 ausus,
560 1935 691 1976 quum
715 1921 756 1960 in
784 1921 833 1961 iis
861 1921 961 1962 locis
983 1936 1056 1962 rex
1084 1931 1204 1971 esset,
1227 1933 1319 1979 post
1341 1923 1501 1980 profec-
1517 1923 1582 1954 ΗΘΒ
1596 1928 1704 1971 1308190

109 1977 266 2019 tionem
288 1977 460 2018 demum
482 1977 571 2018 cius
593 1987 766 2018 conatus
788 1979 831 2018 in
853 1977 1045 2020 Penestis
1069 1979 1278 2021 Uscanam
1301 1966 1696 2040 recipere,”1²111}{‘5¹[¹0¹¹¹

107 2050 133 2076 a
152 2034 373 2092 praesidio,
397 2034 512 2091 quod
533 2035 590 2076 ibi
624 2034 911 2076 Macedonum
937 2046 1037 2086 erat,
1060 2052 1154 2078 cum
1185 2038 1327 2079 multis
1355 2039 1502 2079 vulne·
1562 2043 1571 2049 '
1651 2034 1658 2041 ’

108 2093 221 2134 ribus
242 2108 285 2134 re
320 2092 444 2142 ulsus,
469 2092 740 2150 Lychnidum
762 2108 811 2134 co
829 2094 901 2135 ›ias
922 2093 1103 2136 reduxit.
1168 2094 1273 2136 Inde
1299 2106 1392 2152 post
1413 2096 1503 2138 dies

108 2166 262 2208 paucos
288 2150 350 2192 21.
371 2150 630 2192 Trebellium
660 2109 953 2208 Fregellanum
974 2168 1070 2193 cum
1099 2153 1196 2194 satis
1218 2153 1354 2195 valida
1375 2170 1502 2197 manu

109 2210 152 2251 in
181 2208 381 2250 Penestas
402 2208 511 2250 misit
534 2208 587 2250 ad
609 2208 774 2250 obsides
799 2210 850 2251 ab
872 2210 935 2250 his
957 2211 1141 2260 urbibus,
1164 2226 1271 2267 quae
1295 2213 1335 2253 in
1359 2213 1503 2254 amiei-

110 2267 167 2308 tia
186 2282 281 2308 cum
309 2266 392 2307 fide
421 2276 749 2323 permanserant,
771 2268 1047 2324 accipiendos.
1113 2269 1346 2311 Procederc
1374 2271 1501 2312 etiam

109 2324 152 2366 in
174 2324 397 2366 Parthinos
417 2325 466 2377 (ii
489 2339 659 2381 quoquc
681 2325 847 2366 obsides
868 2326 966 2367 dare
988 2326 1255 2383 pepigerant)
1277 2328 1414 2370 iussit:
1449 2329 1501 2370 ab

110 2393 287 2439 utraque
327 2392 453 2437 gente
492 2383 580 2423 sinc
618 2383 802 2424 tumultu
838 2384 962 2440 exigi.
1026 2385 1300 2426 Penestarum
1336 2386 1502 2428 obsides

110 2440 394 2497 Apolloniam,
435 2440 729 2481 Parthinorum
774 2441 1084 2498 Dyrrhachium
1120 2444 1229 2498 (tum
1274 2443 1500 2500 Epidamni

109 2498 240 2555 magis
269 2498 432 2540 celebre
463 2513 616 2539 nomen
648 2499 822 2540 Graccis
852 2504 960 2555 crat)
986 2501 1109 2542 missi.
1173 2502 1254 2558 Ap.
1282 2502 1500 2548 Claudius,

50 2558 51 2561 ’
80 2565 320 2613 7acceptam
345 2556 387 2597 in
411 2555 578 2612 Illyrico
602 2557 872 2613 ignominiam
895 2559 1101 2615 corrigere
1124 2560 1310 2616 cupiens,
1335 2560 1502 2601 Phano-

74 1047 93 1076 5

154 2697 171 2726 3
196 2689 341 2719 „idaeum
372 2689 595 2726 ,llaccdmwml
638 2690 784 2719 Adaeum
832 2700 965 2725 morsrc,
982 2689 1030 2718 vel
1046 2701 1078 2720 sc
1095 2701 1216 2721 nmvere
1237 2690 1311 2730 poni
1332 2690 1503 2721 Douiatiun

110 2740 168 2770 pro
187 2731 268 2769 vulg.
282 2734 445 2770 Aymleum
462 2741 499 2761 cx
518 2731 630 2770 l'ulyb.
648 2732 721 2769 ng.
739 2730 785 2770 76.
832 2737 952 2767 monet,
973 2737 1113 2762 ceterum
1137 2733 1243 2772 plures
1268 2734 1322 2763 viri
1348 2734 1432 2763 ‹lm-ti
1460 2735 1501 2763 lu-

113 2774 251 2813 reposuit
273 2774 429 2805 Valesius.
831 2785 904 2804 cum
933 2780 1117 2814 corruptum
1150 2786 1217 2806 esse
1248 2776 1444 2810 existimant,
1470 2783 1498 2806 et

160 2827 179 2854 4
209 2817 249 2846 In
276 2818 466 2854 mnivitiam]
513 2816 616 2853 Magis
644 2818 783 2856 placeret
832 2829 954 2848 movere·
971 2819 1139 2856 legendum
1157 2819 1302 2850 munient.

113 2858 322 2894 emmeranni
342 2860 495 2897 legeretur
511 2861 554 2889 ml
569 2861 751 2890 mm'eu'linm.
880 2868 895 2899 7
921 2861 1107 2898 l'hannlrnl
1158 2863 1335 2892 l'lumnlmn
1363 2866 1499 2900 repo-«11¹1

158 2908 175 2937 5
199 2903 366 2939 Scodram}
401 2903 516 2932 Sedem
536 2903 652 2941 regiam
671 2902 781 2932 (lentii
831 2903 971 2934 Bckker.
1005 2904 1184 2935 (amu-llum
1197 2906 1345 2936 Phanota
1361 2904 1502 2936 infr..xlv.

117 2943 145 2971 in
167 2943 305 2982 illyrico.
333 2945 440 2976 1)(ιιῑιι.
832 2945 880 2978 26.
896 2951 1100 2978 memoratur.

157 2984 177 3013 (e
206 2987 347 3024 Move-ri!
390 2988 515 3019 ,lloecri'
544 2988 602 3018 lim·
631 2989 699 3018 locu
729 2998 784 3026 pro
