1888 3194
329 177 411 216 232
842 170 1212 214 EPITOMAE

332 263 459 305 talem
488 263 679 304 finxerat.
743 261 811 303 Ex
840 262 990 319 pellice
1020 277 1063 304 se
1090 270 1133 304 et
1160 261 1315 303 Perseo
1341 274 1439 317 rege
1464 268 1616 311 ortum,
1638 269 1721 303 tra-

332 321 469 362 ditum
490 319 758 362 educandum
782 319 977 361 Cretensi
997 319 1162 361 cuidam
1192 334 1294 369 esse,
1315 326 1363 359 ut
1390 319 1434 358 in
1461 317 1561 359 belli
1589 332 1719 368 casus,

333 378 450 434 quod
470 377 539 419 ille
561 392 657 418 cum
675 377 881 419 Romanis
901 385 1077 433 gereret,
1095 376 1266 432 aliquod
1282 375 1398 417 velut
1418 390 1562 416 semen
1581 375 1720 431 regiae

333 435 471 492 stirpis
501 443 693 476 exstaret.
755 435 910 476 Perseo
938 434 1170 483 demortuo,
1194 432 1463 489 Adramyttei
1493 447 1536 473 se
1567 432 1722 474 educa-

335 502 423 534 tum
457 507 590 548 usque
623 492 676 533 ad
708 491 1007 533 duodecimum
1039 505 1198 531 annum
1233 490 1392 539 aetatis,
1426 498 1587 546 patrem
1623 504 1723 531 eum

333 565 421 591 esse
454 549 710 598 credentem,
740 564 764 589 a
790 564 875 604 quo
903 548 1163 597 educaretur,
1189 548 1381 603 ignarum
1409 547 1572 604 generis
1596 546 1722 588 fuisse

333 607 409 648 sui.
472 605 642 648 Affecto
663 605 817 646 deinde
846 621 909 654 eo,
932 619 1063 660 quum
1091 619 1222 660 prope
1250 604 1304 645 ad
1329 605 1440 646 vitae
1467 604 1597 645 finem
1624 603 1723 645 ulti-

334 679 451 705 mum
471 672 590 712 esset,
614 663 822 704 detectam
851 662 1022 702 tandem
1050 661 1108 701 ibi
1133 661 1337 716 originem
1358 676 1488 711 suam,
1510 661 1721 717 falsaeque

333 721 456 762 matri
486 719 675 761 libellum
706 719 864 768 datum,
891 718 1010 773 signo
1035 717 1179 758 Persei
1209 718 1318 773 regis
1348 718 1571 774 signatum,
1594 733 1724 774 quem

333 778 412 819 sibi
439 777 635 825 traderet,
665 790 796 831 quum
827 775 881 816 ad
911 775 1112 830 puberem
1140 782 1321 815 aetatem
1346 775 1553 815 venisset:
1587 776 1724 816 obtes-

333 835 595 889 tationesque
618 832 785 873 ultimas
806 832 1001 881 adiectas,
1018 839 1065 872 ut
1085 846 1150 872 res
1170 831 1214 871 in
1236 831 1399 872 occulto
1421 831 1474 872 ad
1493 831 1539 872 id
1560 838 1725 887 tempus

334 899 576 932 servaretur.
638 889 894 930 Pubescenti
924 888 1112 930 libellum
1142 888 1368 929 traditum:
1401 889 1445 929 in
1473 903 1559 944 quo
1588 888 1725 930 relicti

333 948 411 990 sibi
427 948 512 988 duo
530 947 714 988 thesauri
731 962 754 987 a
769 955 885 1003 patre
903 946 1154 987 dicerentur.
1203 945 1316 986 Tum
1337 945 1485 986 scienti
1506 945 1724 987 mulierem

334 1005 550 1047 subditum
572 1019 614 1045 se
636 1019 738 1053 esse,
760 1019 901 1045 veram
922 1004 1094 1059 stirpem
1115 1002 1338 1058 ignoranti,
1361 1002 1541 1044 edidisse
1562 1017 1722 1059 genus:

334 1071 461 1119 atque
494 1062 756 1110 obtestatam,
786 1070 833 1102 ut
863 1061 991 1117 prius,
1023 1074 1149 1115 quam
1182 1068 1370 1101 manaret
1401 1060 1455 1101 ad
1488 1059 1726 1101 Eumenem

334 1135 411 1170 res,
436 1120 591 1161 Perseo
611 1118 844 1168 inimicum,
866 1117 1090 1159 excederet
1117 1117 1166 1157 iis
1193 1117 1307 1167 locis,
1329 1132 1383 1158 ne
1404 1117 1726 1158 interficeretur.

336 1176 401 1218 Eo
434 1192 476 1218 se
511 1176 770 1225 exterritum,
806 1175 930 1216 simul
965 1182 1201 1230 sperantem
1237 1173 1409 1230 aliquod
1445 1189 1469 1214 a
1504 1173 1726 1215 Demetrio

335 1233 553 1283 auxilium,
576 1233 620 1274 in
645 1232 807 1289 Syriam
828 1248 871 1273 se
893 1232 1115 1273 contulisse
1134 1248 1142 1273 :
1177 1240 1302 1287 atque
1331 1232 1388 1272 ibi
1414 1231 1609 1287 primum,
1631 1230 1726 1287 quis

335 1300 454 1342 esset,
476 1290 614 1347 palam
636 1304 880 1346 expromere
903 1304 1063 1330 ausum.

1011 1577 1060 1617 L.

339 1691 703 1741 THESSALIA,
726 1706 859 1747 quum
887 1699 930 1732 et
957 1690 1070 1732 illam
1095 1691 1291 1732 invadere
1314 1691 1438 1732 armis
1458 1699 1584 1747 atque
1606 1705 1729 1732 occu-

338 1765 436 1806 pare
485 1748 869 1805 Pseudophilippus
918 1747 1057 1798 vellet,
1107 1763 1183 1804 per
1230 1748 1388 1803 legatos
1439 1748 1731 1790 Romanorum

283 1833 289 1838 ·
338 1807 505 1849 auxiliis
535 1806 804 1848 Achaeorum
834 1806 1006 1847 defensa
1035 1814 1108 1847 est.
1172 1806 1353 1855 Prusias,
1383 1820 1458 1847 rex
1486 1804 1729 1862 Bithyniae,

339 1865 613 1920 omniumque
664 1863 996 1905 humillimorum
1036 1863 1246 1913 vitiorum,
1287 1878 1312 1903 a
1352 1862 1588 1904 Nicomede
1628 1861 1729 1911 filio,

339 1922 563 1963 adiuvante
605 1920 766 1970 Attalo,
802 1935 899 1976 rege
941 1919 1150 1975 Pergami,
1187 1919 1346 1960 occisus
1386 1928 1458 1960 est.
1534 1918 1732 1960 Habebat

339 1979 466 2020 alium
500 1978 648 2027 filium,
677 1977 764 2033 qui,
793 1992 869 2032 pro
901 1977 1113 2032 superiore
1147 1975 1293 2017 ordine
1327 1975 1532 2025 dentium,
1558 1983 1731 2016 enatum

339 2036 532 2077 habuisse
564 2049 695 2074 unum
729 2049 774 2074 os
806 2033 1027 2074 continens
1055 2033 1218 2073 dicitur.
1284 2032 1429 2080 Quum
1460 2041 1544 2074 tres
1572 2032 1732 2088 legatos

340 2092 395 2133 ad
415 2106 562 2147 pacem
584 2091 693 2131 inter
714 2090 995 2131 Nicomedem
1016 2098 1058 2130 et
1076 2089 1268 2132 Prusiam
1289 2089 1524 2131 faciendam
1546 2089 1731 2130 Romani

342 2149 564 2198 misissent,
586 2156 628 2189 et
650 2163 758 2188 unus
786 2162 839 2188 ex
864 2147 913 2188 iis
941 2147 1083 2187 multis
1111 2146 1374 2188 cicatricibus
1395 2161 1583 2203 sparsum
1604 2155 1732 2203 caput

342 2206 528 2254 haberet,
562 2204 667 2245 alter
698 2204 875 2260 pedibus
905 2219 1029 2259 aeger
1061 2212 1181 2254 esset,
1211 2205 1357 2245 tertius
1389 2204 1561 2260 ingenio
1593 2218 1732 2246 socors

342 2263 591 2310 haberetur3
635 2261 745 2302 dixit
783 2262 904 2311 Cato,
938 2261 1043 2302 Eam
1078 2260 1331 2317 legationem
1367 2276 1446 2302 nec
1481 2269 1620 2318 caput,
1652 2275 1732 2302 nec

342 2320 484 2377 pedes,
506 2334 584 2360 nec
609 2333 680 2359 cor
703 2318 869 2360 habere.
932 2317 984 2359 In
1016 2318 1146 2374 Syria,
1170 2333 1277 2374 quae
1305 2334 1356 2360 eo
1384 2327 1571 2374 tempore
1602 2318 1731 2374 stirpe

342 2376 508 2433 generis
535 2390 676 2432 parem
704 2376 793 2432 regi
819 2375 1118 2425 Macedonum,
1140 2375 1292 2417 inertia
1317 2375 1590 2431 socordiaque
1617 2375 1732 2415 simi-

343 2435 427 2476 lem
448 2433 620 2474 Prusiae
641 2448 782 2489 regem
804 2432 997 2482 habebat,
1019 2433 1181 2474 iacente
1210 2448 1260 2474 eo
1288 2433 1332 2473 in
1359 2447 1493 2488 ganea
1516 2440 1559 2473 et
1578 2431 1730 2481 lustris,

346 2490 598 2532 Ammonius
629 2490 855 2545 regnabat3
887 2505 963 2546 per
990 2505 1117 2545 quem
1147 2499 1190 2531 et
1219 2490 1342 2530 amici
1373 2503 1518 2530 omnes
1545 2489 1667 2544 regis,
1689 2498 1733 2530 et

346 2548 531 2590 Laodice
576 2547 732 2601 regina,
779 2556 822 2588 et
867 2547 1121 2603 Antigonus,
1169 2546 1379 2587 Demetrii
1423 2545 1544 2595 filius,
1591 2546 1729 2587 occisi.

346 2605 580 2653 Masinissa,
605 2603 833 2645 Numidiae
864 2619 951 2653 rex,
978 2604 1109 2644 maior
1138 2603 1368 2658 nonaginta
1394 2603 1514 2643 annis
1541 2602 1731 2654 decessit,

345 2663 409 2703 vir
427 2662 612 2716 insignis.
665 2660 784 2702 Inter
804 2669 942 2702 cetera
958 2675 1084 2716 opera
1104 2660 1315 2709 iuvenilia,
1333 2675 1441 2715 quae
1463 2659 1515 2700 ad
1537 2659 1732 2701 ultimum

346 2719 491 2768 edidit,
529 2718 647 2767 adeo,
683 2718 810 2758 etiam
850 2733 990 2758 versus
1025 2718 1069 2757 in
1110 2725 1334 2765 senectam,
1371 2717 1516 2773 viguit,
1553 2725 1600 2758 ut
1639 2725 1733 2773 post

346 2785 511 2818 sextum
533 2783 576 2816 et
597 2775 897 2830 octogesimum
919 2789 1074 2815 annum
1097 2773 1231 2814 filium
1252 2774 1456 2829 genuerit.
1514 2773 1631 2815 Inter
1652 2782 1733 2816 tres

346 2834 497 2875 liberos
528 2833 629 2882 cius,
660 2832 889 2873 maximum
920 2840 1020 2872 natu
1051 2830 1287 2887 Micipsam,
1313 2830 1552 2881 Gulussam,
1575 2831 1734 2873 Masta-

348 2890 552 2941 nabalem,
575 2890 648 2946 qui
670 2889 794 2931 etiam
820 2888 992 2930 Graccis
1021 2888 1151 2930 literis
1179 2888 1367 2930 eruditus
1395 2897 1496 2938 erat,
1523 2889 1569 2930 P.
1593 2888 1733 2945 Scipio
