1888 3194
858 177 1154 215 INDEX.

359 251 539 291 Demetrio,
552 252 698 292 Philippi
714 252 793 290 filio,
805 253 918 283 datum
935 262 987 290 40,

361 305 410 334 24.

320 337 438 368 Veneti
459 337 493 367 in
518 336 617 368 Italia
636 338 676 368 ab
694 336 834 367 Henetis
856 339 889 367 et
910 336 987 366 Tro-

360 379 442 410 ianis
465 379 590 410 oriundi
619 389 646 417 1,
673 388 698 410 1.
726 379 831 409 sinum
855 378 989 409 circum-

360 422 472 452 colunt
486 421 583 452 maris
594 421 751 452 Adriatici
768 428 804 462 5,
814 429 864 460 33.
880 421 920 452 cf.
940 430 989 458 10,

364 473 392 494 2.

319 504 460 536 Venetia
476 515 528 544 41,
545 514 595 544 32.

318 547 433 577 Venus
457 557 506 585 10,
527 556 576 586 31.
607 546 676 578 eius
695 546 790 577 aedes
811 556 912 586 prope
933 544 990 576 cir-

360 599 447 626 cum,
471 589 547 620 ibid.
585 589 672 619 facta
702 598 742 618 ex
772 598 845 618 aere
874 588 989 617 multa-

360 631 437 661 ticio
469 635 689 661 matronarum
723 629 826 667 stupri
859 629 990 658 damna-

359 677 478 708 tarum,
500 672 577 702 ibid.
603 671 724 701 Veneri
745 674 777 700 et
799 669 899 700 Marti
920 670 991 709 pul-

361 714 451 744 vinar
466 714 499 742 in
520 712 716 743 lectisternio
733 721 784 748 22,
804 720 852 743 10.
877 712 990 742 Venus

361 754 518 786 Cloacina
551 763 581 792 3,
611 754 662 791 48.
702 752 845 793 Erycina
879 762 930 790 22,

361 797 430 827 eius
456 796 553 826 aedes
579 795 748 826 dedicatur
776 804 796 825 a
823 795 867 830 Q.
888 795 991 826 Fabio

361 838 510 869 Maximo
535 846 585 876 23,
607 846 647 876 3ο
670 841 702 867 et
727 846 776 876 31.
805 837 874 868 eius
896 838 991 868 aedes

360 883 452 910 extra
473 883 599 918 portam
621 879 785 911 Collinam
807 888 858 918 30,
879 879 928 917 38.
950 880 990 910 cf.

361 925 393 952 et
413 931 465 959 40,
481 930 530 960 34.
559 921 696 952 Veneris
718 921 814 952 aedes
834 921 902 952 sine
922 922 990 952 ullo

363 963 495 1003 vestigio
513 967 654 994 cremata
669 973 721 1002 41,
739 972 767 994 2.

320 1005 464 1036 Venusia
476 1005 603 1036 colonia
615 1006 767 1042 deducta,
779 1014 862 1044 quae
874 1005 992 1036 deinde

361 1048 515 1087 suppleta
542 1056 593 1086 31,
619 1057 671 1088 49.
705 1046 884 1077 Venusiam
910 1047 991 1087 fugit

362 1093 436 1129 post
452 1090 577 1120 cladem
595 1089 800 1121 Cannensem
818 1099 880 1120 cos.
894 1090 991 1121 Rom.

363 1141 414 1169 22,
430 1142 480 1172 49.
504 1135 574 1161 tum
595 1132 750 1170 reliquiae
766 1131 925 1162 exercitus
941 1140 992 1171 54.

362 1174 403 1205 cf.
421 1178 453 1203 et
471 1181 522 1213 27,
540 1183 569 1211 2,
587 1183 626 1204 20
642 1177 674 1204 et
690 1183 740 1211 41.

321 1215 481 1246 Venusini
502 1216 654 1255 profugos
668 1226 688 1246 a
703 1215 867 1247 Cannensi
885 1224 993 1256 pugna

362 1257 498 1297 benigne
530 1262 562 1288 et
593 1258 796 1297 hospitaliter
826 1258 993 1298 excipiunt

363 1309 415 1337 22,
443 1308 492 1338 54.
525 1300 684 1330 Romanis
708 1301 777 1338 fidi,
804 1301 882 1330 dum
908 1300 993 1330 aliae

362 1342 508 1373 coloniae
536 1342 716 1372 detrectant
741 1342 912 1382 imperium
942 1349 993 1381 27,

369 1393 416 1414 10.

321 1425 390 1455 Ver
412 1435 538 1456 sacrum
562 1428 696 1457 vovetur
717 1435 768 1464 22,
789 1435 808 1469 9
829 1429 861 1456 et
887 1436 933 1457 10.
960 1426 993 1457 id

362 1477 403 1498 ex
433 1468 625 1506 pontificum
654 1468 742 1498 iussu
772 1469 919 1498 consules
948 1469 993 1499 fa-

363 1509 452 1539 ciunt
469 1518 486 1547 3
491 1518 521 1548 3,
537 1520 587 1548 44.
611 1509 806 1541 instauratur
821 1518 873 1549 34,
889 1522 940 1549 44.

320 1551 453 1590 Veragri
472 1560 523 1588 21,
539 1552 589 1590 38.

322 1593 493 1623 Verbenae
510 1602 562 1632 3ο,
578 1602 628 1632 43.

322 1635 534 1673 Vercellium,
550 1635 708 1675 oppidum
725 1635 952 1676 Hirpinorum,
965 1635 995 1666 vi

362 1681 530 1717 receptum
557 1688 615 1717 per
641 1679 691 1710 M.
708 1679 877 1709 Valerium
904 1689 994 1718 prae-

362 1723 466 1750 torem
483 1728 535 1758 23,
551 1728 601 1758 37.

322 1761 461 1801 Vergae,
474 1762 642 1801 oppidum,
658 1773 677 1793 a
694 1762 813 1794 Poenis
828 1762 938 1794 deficit
953 1763 995 1794 ad

366 1804 533 1834 Romanos
550 1813 601 1844 3ο,
620 1814 667 1845 19.

322 1846 541 1885 Vergestanus
570 1846 721 1887 princeps
746 1846 833 1877 venit
862 1848 904 1878 ad
934 1847 995 1879 Ca·

364 1891 486 1925 tonem,
514 1889 679 1919 consulem
705 1898 757 1929 34,
782 1899 831 1920 21.
860 1890 995 1929 Verges-

365 1930 433 1960 tani
450 1930 583 1968 venditi,
597 1930 675 1962 ibid.

325 1971 543 2011 Vergiliarum
560 1972 646 2003 sidus
663 1982 714 2011 21,
731 1980 781 2012 35.

324 2014 492 2053 Vergium,
519 2018 659 2045 castrum
685 2015 719 2045 in
746 2014 920 2055 Hispania,
946 2026 996 2047 ca·

366 2056 454 2095 pitur
468 2067 488 2087 a
503 2057 640 2094 Catone,
657 2058 789 2088 consule
805 2067 857 2097 34,
874 2067 924 2089 21.

324 2097 492 2136 Vermina,
508 2099 594 2130 filius
608 2099 768 2138 Syphacis
783 2109 834 2139 30,
851 2110 901 2138 40.
924 2099 997 2131 mit-

365 2140 445 2170 titur
459 2142 611 2172 adversus
626 2141 844 2180 Masinissam,
859 2152 998 2181 eumque

366 2182 400 2212 in
429 2183 538 2222 fugam
571 2184 664 2215 vertit
696 2193 747 2224 29,
773 2193 824 2223 33.
863 2184 998 2215 Cartha-

366 2224 564 2264 giniensibus
593 2226 682 2256 venit
711 2226 833 2256 auxilio
865 2236 916 2265 30,
947 2225 997 2265 36.

367 2266 435 2297 eius
457 2267 616 2298 exercitus
639 2268 784 2298 caeditur
806 2272 839 2298 et
858 2269 998 2307 fugatur,

367 2308 443 2339 ibid.
467 2309 564 2347 legati
580 2313 696 2347 petunt
713 2320 734 2339 a
748 2314 873 2346 senatu,
889 2313 925 2339 ut
940 2319 997 2339 rex

367 2349 472 2379 socius
487 2354 519 2379 et
534 2350 657 2380 amicus
677 2351 862 2389 appelletur
877 2359 929 2388 31,
949 2359 994 2380 11.

368 2391 481 2430 legatis
507 2392 605 2422 Rom.
632 2391 760 2421 obviam
786 2391 996 2430 progreditur,

368 2436 401 2463 et
419 2434 460 2462 ab
476 2432 514 2463 iis
534 2433 619 2472 leges
639 2433 727 2472 pacis
746 2432 865 2472 accipit
885 2443 931 2473 19.
954 2434 996 2463 ad

369 2475 624 2505 confirmandam
654 2484 769 2514 pacem
799 2474 928 2506 iubetur
953 2476 996 2506 le-

368 2520 459 2556 gatos
475 2517 616 2547 Romam
632 2517 771 2555 mittere,
786 2516 863 2549 ibid.

329 2559 459 2589 Verona
474 2560 549 2589 urbs
565 2566 596 2597 5,
613 2566 663 2597 35.

328 2601 485 2640 Verrugo,
501 2601 659 2640 oppidum
675 2611 706 2639 4,
726 2610 752 2634 1.
774 2600 927 2640 recipitur
945 2609 961 2640 5
967 2610 995 2639 5.

369 2642 564 2682 praesidium
581 2643 757 2682 Verrugine
772 2643 930 2673 amittitur
946 2645 996 2682 58.

372 2684 583 2723 Verruginem
617 2685 775 2724 praesidio
807 2685 929 2717 obtinet
958 2687 996 2718 C.

370 2726 530 2757 Aemilius
544 2727 615 2757 trib.
632 2727 724 2757 milit.
743 2736 773 2765 5,
791 2728 838 2758 28.

328 2768 513 2800 Verulanus
535 2769 685 2808 populus,
710 2769 872 2799 Hernicae
894 2769 997 2807 gentis

369 2820 401 2850 9,
422 2820 471 2848 42.
495 2811 581 2850 leges
604 2821 687 2849 suas,
712 2821 808 2851 quam
833 2811 994 2843 civitatem

371 2853 467 2886 Rom.
480 2853 607 2885 malunt
623 2862 673 2895 43,

329 2299 344 2306 s

960 763 990 793 9.
1035 754 1139 785 Vesta
1170 763 1197 792 1,
1225 764 1265 785 20
1292 758 1325 785 et

1034 252 1206 325 Vergitum,
1230 253 1332 284 telum
1357 253 1388 291 8,
1417 253 1464 284 18.
1500 262 1548 292 10,
1574 262 1623 294 29.
1653 262 1705 292 21,

1034 337 1196 375 Vescelia,
1212 348 1288 378 opp.
1306 337 1402 377 Hisp.
1419 345 1472 377 35,
1489 347 1538 368 22.

1034 379 1247 418 Vescellium,
1287 380 1444 420 oppidum
1490 379 1705 420 Hirpinorum

1076 430 1127 460 ²3⁵
1143 428 1194 460 37·

1034 463 1164 501 Vescia,
1182 464 1258 494 urbs
1278 465 1446 494 Ausonum
1468 464 1499 501 8,
1523 473 1572 495 11.
1600 473 1631 504 9,
1653 470 1707 502 25.

1076 505 1165 535 venit
1189 505 1223 535 in
1249 509 1443 544 potestatem
1469 506 1706 544 Romanorum,

1076 546 1155 576 ibid.

1034 587 1168 617 Vescini
1188 597 1236 624 10,
1253 596 1303 618 20.

1036 629 1196 659 Vescinus
1210 639 1284 669 ager
1303 638 1352 668 10,
1365 638 1401 660 21
1419 632 1453 660 et
1468 638 1519 669 31.
1541 630 1642 661 saltus
1656 640 1707 669 10,

1080 679 1129 701 21.

1035 711 1165 743 Veseris
1180 712 1211 751 8,
1227 712 1256 744 8.
1283 722 1332 751 10,
1349 713 1400 745 28.

1352 762 1402 794 52.
1433 755 1557 787 Vestae
1585 754 1708 786 aeterni

1076 796 1176 836 ignes,
1196 796 1274 828 ibid.
1295 800 1327 827 et
1349 796 1400 835 26,
1416 805 1467 837 27.
1491 797 1613 828 Vestae
1634 798 1708 837 pul-

1079 838 1169 869 vinar
1194 838 1227 869 in
1254 838 1450 869 lectisternio
1477 848 1529 877 22,
1558 849 1606 871 10.
1640 839 1709 870 eius

1076 881 1173 911 aedes
1201 882 1242 911 ab
1271 881 1421 912 incendio
1451 885 1578 912 servata
1610 890 1709 921 opera

1077 932 1240 953 servorum
1256 922 1308 961 26,
1325 932 1374 962 27.
1397 923 1431 953 in
1446 923 1536 954 aedis
1550 923 1709 963 penetrali

1077 964 1244 995 conditum
1281 965 1380 996 fatale
1424 965 1538 1005 pignus
1581 964 1710 1004 imperii

1078 1007 1233 1045 Romani,
1262 1006 1340 1038 ibid.
1378 1007 1502 1038 Vestae
1535 1007 1711 1046 penetralis

1078 1047 1159 1088 ignis
1175 1048 1353 1080 exstinctus
1372 1049 1423 1087 28,
1442 1059 1490 1081 11.
1514 1059 1567 1088 41,
1583 1058 1612 1081 2.
1634 1058 1709 1089 sup-

1078 1090 1213 1130 plicatio
1229 1092 1271 1122 ad
1288 1092 1410 1122 Vestae
1427 1091 1478 1129 28,
1497 1100 1545 1123 11.

1037 1132 1181 1164 Vestalis
1196 1134 1293 1164 Rhea
1314 1133 1426 1171 Silvia,
1445 1137 1551 1163 mater
1573 1132 1710 1164 Romuli

1084 1185 1111 1212 1,
1124 1184 1141 1214 3
1159 1179 1192 1206 et
1204 1186 1233 1213 4.
1250 1176 1403 1206 Vestales
1418 1175 1554 1216 virgines
1564 1185 1584 1206 a
1596 1175 1630 1206 N
1633 1185 1710 1206 uma

1081 1217 1246 1257 Pompilio
1262 1218 1367 1248 lectae
1385 1227 1434 1249 20.
1457 1217 1496 1248 iis
1511 1217 1709 1256 stipendium

1078 1260 1120 1289 de
1157 1260 1288 1298 publico
1324 1263 1494 1297 statutum,
1531 1259 1609 1291 ibid.
1649 1259 1710 1290 vir-

1078 1301 1213 1340 ginitate
1223 1301 1358 1341 aliisque
1369 1301 1570 1332 caerimoniis
1579 1304 1710 1332 sanctae

1078 1343 1195 1380 factae,
1218 1343 1298 1373 ibid.
1332 1343 1481 1373 Vestales
1506 1342 1640 1382 virgines
1662 1353 1711 1374 sa-

1080 1395 1197 1424 craque
1227 1384 1261 1415 in
1291 1385 1472 1425 plaustrum
1501 1384 1642 1424 imponit
1670 1385 1712 1416 L.

1080 1427 1231 1457 Albinius
1254 1430 1286 1457 et
1309 1427 1413 1458 Caere
1435 1427 1583 1466 pervehit
1605 1434 1636 1465 5,
1659 1436 1710 1465 40.

1082 1469 1225 1499 Vestalis
1251 1469 1338 1509 virgo
1364 1469 1504 1500 incestus
1529 1479 1585 1500 rea
1607 1469 1711 1499 absol-

1081 1511 1176 1549 vitur,
1203 1512 1258 1542 sed
1284 1511 1412 1542 iubetur
1438 1510 1597 1542 abstinere
1622 1511 1712 1549 iocis,

1082 1553 1210 1592 colique
1233 1556 1343 1584 sancte
1367 1553 1486 1593 potius,
1509 1563 1606 1592 quam
1633 1552 1713 1585 scite

1083 1606 1113 1633 4,
1129 1606 1179 1634 44.
1204 1595 1347 1626 Vestalis
1368 1595 1465 1635 virgo,
1488 1595 1602 1626 incesti
1625 1606 1712 1626 com-

1082 1641 1185 1676 perta,
1201 1637 1274 1668 viva
1289 1638 1450 1668 defoditur
1471 1638 1502 1675 8,
1521 1645 1568 1676 15.
1593 1647 1644 1676 22,
1661 1645 1712 1677 57.

1082 1680 1236 1717 Vestalis,
1251 1680 1342 1710 cuius
1361 1680 1506 1710 custodia
1526 1680 1595 1710 eius
1608 1680 1713 1711 noctis

1080 1722 1198 1758 fuerat,
1226 1732 1291 1761 qua
1315 1722 1397 1762 ignis
1421 1721 1456 1752 in
1482 1722 1604 1752 Vestae
1632 1723 1714 1754 aede

1082 1764 1270 1802 exstinctus,
1299 1763 1387 1795 iussu
1421 1763 1584 1804 pontificis
1620 1774 1714 1795 caesa

1082 1810 1131 1836 est
1146 1807 1244 1846 flagro
1266 1807 1318 1844 28,
1337 1816 1384 1837 11.
1408 1816 1460 1844 41,
1478 1815 1505 1838 2.
1530 1806 1713 1837 Vestalium

1082 1848 1260 1887 hospitium
1297 1859 1317 1879 a
1351 1848 1534 1880 Caeritibus
1567 1847 1714 1888 religiose

1083 1891 1208 1921 cultum
1228 1898 1256 1930 7,
1275 1900 1323 1922 20.

1042 1932 1177 1964 Vestem
1199 1936 1326 1963 mutare
1349 1933 1454 1963 solent
1476 1932 1523 1963 rei
1546 1935 1580 1963 et
1602 1941 1714 1963 eorum

1082 1974 1255 2014 propinqui
1273 1985 1302 2012 2,
1319 1973 1370 2007 61.
1394 1974 1425 2013 6,
1441 1984 1491 2006 20.
1516 1978 1620 2005 vestes
1635 1977 1714 2005 stra-

1081 2017 1177 2056 gulae
1207 2017 1367 2056 pretiosae
1397 2027 1438 2048 ex
1463 2016 1542 2048 Asia
1571 2017 1714 2048 Romam

1083 2060 1238 2090 advectae
1254 2068 1305 2100 39,
1321 2059 1351 2090 6.

1043 2101 1157 2131 Vestia
1174 2102 1294 2141 Oppia,
1307 2102 1476 2132 Attellana
1491 2100 1619 2138 mulier,
1631 2109 1714 2139 quae

1085 2143 1229 2182 quotidie
1253 2143 1446 2174 sacrificarat
1469 2152 1527 2182 pro
1552 2142 1657 2172 salute
1681 2145 1714 2172 et

1085 2185 1218 2216 victoria
1251 2185 1365 2224 populi
1400 2185 1497 2215 Rom.
1527 2183 1561 2214 in
1592 2193 1714 2223 posses-

1084 2227 1207 2257 sionem
1256 2228 1413 2256 bonorum
1465 2225 1714 2265 libertatemque

1084 2268 1262 2298 restituitur
1278 2266 1329 2304 26,
1345 2276 1384 2306 33
1401 2270 1433 2297 et
1449 2276 1499 2305 34.

1042 2309 1247 2340 Vestimenta
1275 2310 1316 2339 ad
1346 2310 1505 2340 exercitus
1533 2308 1631 2340 missa
1661 2318 1714 2348 32,

1085 2358 1134 2388 27.
1163 2361 1215 2388 44,
1242 2350 1289 2381 16.
1321 2350 1353 2380 in
1381 2351 1608 2383 vestimentum
1632 2350 1713 2391 peti-

1082 2392 1179 2423 tionis
1200 2403 1297 2424 causa
1312 2393 1423 2423 album
1438 2393 1515 2424 addi
1531 2392 1665 2425 vetitum
1682 2404 1713 2432 4,

1085 2442 1134 2473 25.

1043 2476 1180 2507 Vestina
1196 2476 1309 2507 cohors
1324 2487 1377 2515 44,
1392 2486 1444 2515 40.

1042 2519 1197 2550 Vestinus
1218 2520 1360 2558 populus
1384 2518 1548 2559 coniungit
1569 2528 1604 2551 se
1622 2519 1712 2551 Sam-

1082 2561 1204 2591 nitibus
1219 2562 1250 2598 8,
1268 2570 1317 2601 29.
1340 2561 1379 2592 iis
1398 2562 1521 2592 bellum
1541 2561 1712 2600 indictum,

1082 2602 1159 2633 ibid.
1187 2603 1360 2633 vincuntur
1385 2613 1450 2633 uno
1476 2603 1611 2642 proelio,
1633 2603 1712 2636 ibid.

1084 2655 1157 2675 cum
1173 2644 1212 2675 iis
1227 2645 1340 2675 foedus
1354 2645 1455 2675 ictum
1475 2654 1523 2682 10,
1540 2654 1569 2684 3.

1042 2686 1215 2724 Vesuvius,
1229 2696 1322 2716 mons
1337 2687 1368 2724 8,
1385 2687 1414 2719 8.

1042 2728 1197 2759 Veterani
1213 2729 1374 2759 donantur
1388 2728 1470 2767 agris
1485 2738 1537 2768 31,
1553 2740 1582 2768 4.

1042 2771 1178 2801 Veteres
1193 2770 1299 2809 campi
1317 2778 1368 2810 25,
1388 2770 1434 2802 16.

1042 2813 1140 2850 Veto,
1150 2823 1212 2843 vox
1219 2812 1426 2854 ,tribunorum
1443 2813 1712 2848 intercedentium

1083 2854 1114 2893 6,
1130 2863 1180 2894 35·
