1888 3194
507 182 790 225 LIBROR.
836 182 1139 225 DEPERD.
1441 189 1524 228 253

127 267 237 311 vicit.
304 270 358 320 Q.
378 270 580 314 Metellus
615 271 839 328 proconsul
877 272 926 314 L.
947 271 1224 322 Hirtuleium,
1258 282 1524 328 quaestorem

130 323 318 378 Sertorii,
339 343 436 370 cum
458 329 648 371 exercitu
670 329 836 371 cecidit.

754 553 904 596 XCII.

130 668 228 711 CN.
252 669 574 712 POMPEIUS
606 670 737 713 dubio
769 680 926 713 eventu
958 686 1055 713 cum
1093 671 1277 714 Sertorio
1309 674 1529 729 pugnavit,

125 726 186 768 ita
211 735 259 768 ut
286 728 452 784 singula
479 744 531 770 ex
563 738 741 785 utraque
774 738 891 785 parte
919 744 1077 771 cornua
1104 730 1293 771 vicerint.
1359 730 1413 780 Q„
1433 730 1528 772 Me-

127 783 251 826 tellus
290 783 523 827 Sertorium
564 795 608 827 et
643 785 904 843 Perpernam
940 802 1037 828 eum
1073 787 1239 829 duobus
1276 789 1531 830 exercitibus

126 841 288 898 proelio
317 842 453 884 fudit:
487 843 607 885 cuius
637 844 835 886 victoriae
867 853 1031 901 partem
1062 845 1237 901 cupiens
1267 845 1374 887 ferre
1401 845 1528 887 Pom-

127 899 248 955 peius
267 915 416 956 parum
437 915 634 957 prospere
661 902 877 958 pugnavit.
942 901 1147 944 Obsessus
1168 902 1323 944 deinde
1348 902 1530 945 Cluniae

130 955 352 1007 Sertorius,
386 957 561 999 assiduis
597 960 889 1015 eruptionibus
925 975 1012 1001 non
1046 960 1204 1002 leviora
1235 960 1391 1001 damna
1422 961 1532 1002 obsi-

128 1013 328 1056 dentibus
373 1015 527 1056 intulit.
590 1015 816 1058 Praeterea
859 1017 913 1058 ab
955 1017 1144 1059 Curione
1189 1017 1439 1073 proconsule
1485 1018 1531 1059 in

129 1070 313 1113 Thracia
332 1087 398 1113 res
417 1081 554 1128 gestas
575 1072 774 1115 adversus
796 1073 1032 1124 Dardanos,
1055 1084 1099 1115 et
1127 1074 1180 1123 Q„
1203 1074 1377 1116 Sertorii
1398 1074 1532 1116 multa

127 1127 315 1169 crudelia
342 1129 387 1169 in
418 1144 515 1170 suos
536 1129 644 1171 faeta
671 1131 889 1179 eontinet3
923 1131 996 1187 qui
1025 1131 1227 1188 plurimos
1248 1147 1301 1172 ex
1323 1132 1468 1173 amieis
1489 1142 1531 1174 et

126 1199 271 1227 seeum
292 1186 547 1243 proscriptis,
570 1187 746 1229 erimine
768 1188 1020 1245 proditionis
1040 1188 1316 1238 insimulatos,
1339 1189 1506 1231 oceidit.

742 1407 915 1450 XCIII.

130 1525 179 1568 P.
206 1525 534 1569 SERVILIUS
566 1526 792 1584 proconsul
824 1526 868 1567 in
903 1525 1058 1568 Cilicia
1087 1525 1253 1568 Isauros
1287 1527 1466 1578 domuit,
1492 1538 1535 1570 et

131 1583 293 1640 aliquot
309 1584 433 1626 urbes
449 1585 678 1641 piratarum
694 1583 965 1640 expugnavit.
982 1587 991 1599 ⁶
1016 1583 1287 1635 Nicomedes,
1304 1584 1532 1643 Bithyniae

131 1656 220 1691 rex,
249 1641 432 1683 moriens
463 1641 668 1698 populum
697 1641 940 1683 Romanum
968 1641 1068 1682 feeit
1098 1641 1312 1692 heredem,
1336 1658 1535 1698 regnum-

132 1714 216 1755 que
238 1700 330 1740 eius
351 1699 393 1740 in
416 1699 656 1755 provinciae
678 1699 854 1740 formam
876 1698 1093 1739 redactum
1115 1708 1189 1740 est.
1247 1698 1533 1751 Mithridates,

131 1756 301 1798 foedere
330 1771 426 1798 eum
452 1756 637 1798 Sertorio
665 1756 762 1805 icto,
785 1755 942 1797 bellum
971 1755 1128 1812 populo
1152 1756 1347 1797 Romano
1376 1758 1532 1800 intulit.

131 1813 376 1870 Apparatus
416 1813 572 1855 deinde
613 1829 656 1855 re
689 1814 822 1855 iarum
863 1828 913 1854 eo
946 1813 1078 1854 iarum
1145 1813 1372 1855 edestrium
1409 1830 1536 1857 nava-

131 1870 335 1928 liumque,
358 1881 413 1921 et,
440 1880 645 1928 occupata
712 1870 887 1927 ithynia,
918 1870 980 1911 il.
998 1829 1199 1912 Aurelius
1230 1871 1361 1913 Cotta
1388 1873 1536 1915 consul

131 1928 187 1970 ad
214 1927 533 1970 Chalcedonem
566 1928 725 1985 proelio
750 1943 774 1969 a
803 1943 901 1984 rege
928 1928 1074 1977 victus,
1101 1943 1250 1984 resque
1280 1944 1304 1970 a
1329 1929 1536 1986 Pompeio

131 1994 176 2028 et
195 2001 221 2028 a
242 1985 421 2028 Metello
441 1986 640 2028 adversus
664 1985 896 2027 Sertorium
919 1994 1061 2041 gestae
1079 2001 1090 2034 ;
1123 1986 1195 2041 qui
1218 1987 1414 2028 omnibus
1435 1988 1535 2030 belli

131 2043 392 2101 militiaeque
429 2044 588 2086 artibus
623 2058 700 2100 par
734 2042 825 2084 fuit,
892 2042 1013 2091 Quos
1049 2042 1189 2093 etiam,
1227 2044 1279 2084 ab
1315 2044 1534 2086 obsidione

134 2100 377 2158 Calagurris
398 2101 544 2158 oppidi
564 2100 775 2158 depulsos,
798 2100 938 2157 coegit
958 2100 1142 2141 diversas
1163 2100 1355 2157 regiones
1377 2111 1534 2157 petere,

133 2158 359 2201 Metellum
382 2158 625 2201 ulteriorem
651 2157 916 2214 Hispaniam,
942 2157 1193 2213 Pompeium
1219 2157 1414 2200 Galliam.

752 2443 921 2487 XCIV.

136 2560 186 2603 L.
203 2559 486 2603 LICINIUS
509 2560 846 2602 LUCULLUS
862 2560 1008 2603 consul
1026 2561 1224 2603 adversus
1241 2561 1535 2606 Mithridatem

136 2619 401 2684 equestribus
451 2618 621 2675 procliis
670 2618 848 2660 feliciter
896 2620 1114 2675 pugnavit,
1156 2629 1199 2661 et
1243 2621 1538 2677 expeditiones

136 2675 299 2742 aliquot
338 2691 559 2733 prosperas
598 2675 712 2726 fecit,
749 2685 1056 2733 poscentesque
1098 2692 1283 2733 pugnam
1326 2678 1479 2720 milites
1515 2696 1539 2720 a

137 2733 343 2775 seditione
384 2733 580 2775 inhibuit.
657 2733 898 2784 Deiotarus,
939 2734 1254 2791 Gallograeciae
1297 2736 1536 2785 tetrarches,

137 2790 368 2846 praefectos
405 2790 680 2841 Mithridatis,
717 2791 875 2833 bellum
909 2791 953 2833 in
988 2791 1175 2857 Phrygia
1209 2803 1439 2843 moventes,
1471 2809 1538 2834 ce·

139 2845 253 2888 cidit.
316 2847 541 2890 Praeterea
572 2863 637 2890 res
669 2863 694 2890 a
729 2848 810 2890 Cn.
835 2848 1041 2905 Pompeio
1075 2865 1118 2891 in
1155 2849 1362 2906 Hispania
1393 2860 1539 2892 contra

143 2902 374 2945 Sertorium
396 2920 593 2961 prospere
615 2915 751 2961 gestas
771 2906 972 2948 eontinet.
