1888 3194
372 193 423 232 78
879 162 1026 230 Tm
1066 187 1243 229 Livii

162 290 208 322 U.
225 291 263 322 C.
286 291 507 329 581.neam,
540 288 582 320 et
614 277 866 327 Haliartum,
899 279 1115 320 adierunt:
1159 278 1311 334 quibus
1345 269 1585 333 expressum
1617 274 1758 316 invitis

161 334 201 365 Α·
225 334 263 366 C·
290 341 357 373 ¹7¹·
372 337 698 385 existimabatur,
722 344 780 386 ut,
802 336 946 377 relicta
966 336 1080 393 regia
1099 337 1309 385 societate,
1332 334 1535 376 Romanis
1556 332 1758 389 adiunge-

371 404 527 436 rentur.
591 394 785 435 Thebani
815 394 920 434 nihil
948 394 1049 435 moti
1071 403 1190 435 sunt:
1225 407 1464 449 quanquam
1486 390 1693 440 nonnihil,
1714 398 1758 431 et

372 451 580 493 damnatis
606 451 876 507 principibus,
904 460 946 492 et
976 451 1175 492 restitutis
1206 450 1429 499 exsulibus,
1459 448 1759 490 succensebant

375 510 588 551 Romanis.
654 508 863 550 Coronaei
891 518 934 550 et
963 508 1172 557 Haliartii,
1194 509 1331 549 favore
1357 507 1540 563 quodam
1568 505 1692 546 insito
1713 505 1758 545 in

373 582 504 623 reges,
526 567 684 623 legatos
713 567 757 606 in
779 566 1075 607 Macedoniam
1098 566 1312 615 miserunt,
1335 564 1589 621 praesidium
1609 571 1759 619 peten-

374 635 447 675 tes,
474 640 558 681 quo
589 640 631 665 se
663 624 857 665 adversus
888 625 1162 679 impotentem
1195 623 1430 679 superbiam
1458 621 1758 676 Thebanorum

374 683 481 723 tueri
498 682 667 738 possint.
733 680 817 722 Cui
834 681 1030 737 legationi
1048 696 1289 737 responsum
1308 681 1358 721 ab
1374 695 1470 735 rege
1488 687 1572 720 est:
1607 684 1619 702 ‘
1632 678 1759 719 Prae-

376 740 555 780 ‘sidium
586 755 628 780 se
659 748 830 795 propter
860 738 1043 779 indutias
1073 753 1169 779 cum
1204 737 1406 778 Romanis
1435 737 1563 777 factas
1593 736 1758 777 mittere

375 803 487 838 ‘non
517 811 659 853 posse:
694 806 833 836 tamen
864 795 1051 844 suadere,
1083 796 1140 836 ita
1171 796 1222 836 ab
1254 794 1554 836 Thebanorum
1583 793 1757 842 iniuriis,

375 860 483 910 ‘qua
517 862 696 910 possent,
730 862 777 894 ut
807 868 849 893 se
881 852 1154 902 vindicarent,
1187 867 1240 893 ne
1279 851 1481 893 Romanis
1511 850 1769 907 praeberent*

375 918 386 936 ‘
400 926 565 953 causam
586 911 630 951 in
651 926 692 951 se
715 910 954 951 saeviendi.’
1509 929 1514 931 -

226 977 294 1018 47,
431 969 618 1010 Marcius
646 977 689 1009 et
710 968 868 1009 Atilius
898 967 1078 1009 Romam
1100 983 1232 1024 quum
1260 967 1482 1017 venissent,
1505 965 1760 1023 legationem

164 1034 308 1082 Mai-ejus
373 1026 417 1067 in
437 1025 649 1083 Capitolio
669 1026 728 1067 ita
742 1026 1049 1076 renuntiarunt,
1066 1035 1112 1067 ut
1128 1025 1243 1066 nulla
1262 1033 1306 1067 r'e
1323 1025 1454 1081 magis
1469 1024 1758 1081 gloriarentur,

163 1077 356 1150 ξῇῗὲἳξῆἷηῑ
374 1100 499 1141 quam
536 1084 714 1140 decepto
749 1098 823 1140 per
853 1083 1035 1124 indutias
1071 1093 1113 1124 et
1148 1098 1263 1139 spem
1295 1083 1408 1139 pacis
1437 1097 1546 1138 rege.
1609 1080 1760 1122 ‘Adeo

329 1143 336 1150 ⁰
375 1148 387 1166 ‘
400 1143 513 1184 enim
534 1141 798 1198 apparatibus
818 1141 917 1183 belli
936 1141 1062 1182 fuisse
1084 1141 1346 1190 instructum,
1365 1140 1463 1196 ipsis
1484 1139 1600 1181 nulla
1618 1146 1761 1195 parata

376 1205 388 1224 ‘
404 1215 460 1249 re,
483 1208 530 1241 ut
546 1199 686 1240 omnia
702 1209 937 1255 opportuna
955 1198 1043 1240 loca
1064 1198 1359 1255 praeoccupari
1380 1206 1475 1239 ante
1497 1198 1548 1239 ab
1565 1212 1615 1238 eo
1636 1204 1761 1252 potu-

376 1263 388 1282 ‘
404 1257 525 1307 erint,
558 1272 683 1313 quam
718 1257 925 1298 exercitus
955 1256 1000 1297 in
1033 1255 1253 1298 Graeciam
1284 1255 1551 1297 traiiceretur.
1617 1253 1760 1310 Spatio

376 1321 388 1339 ‘
402 1324 542 1357 autem
565 1314 822 1355 indutiarum
844 1323 1023 1370 sumpto,
1045 1323 1269 1355 venturum
1290 1313 1408 1354 illum
1429 1312 1561 1354 nihilo
1581 1311 1762 1368 paratio-

376 1378 388 1397 ‘
401 1388 512 1422 rem3
566 1372 780 1413 Romanos
820 1372 1014 1413 omnibus
1054 1372 1338 1413 instructiores
1377 1371 1500 1412 rebus
1540 1378 1761 1426 coepturos

376 1436 388 1455 ‘
403 1430 572 1472 bellum.
635 1429 891 1471 Boeotorum
906 1445 1075 1486 quoque
1097 1445 1139 1471 se
1161 1429 1384 1470 concilium
1401 1437 1488 1469 arte
1510 1427 1760 1476 distraxisse,

376 1494 454 1530 ‘ne
476 1488 675 1544 coniungi
696 1487 872 1544 amplius
893 1487 978 1528 ullo
1000 1503 1205 1528 consensu
1233 1485 1540 1528 Macedonibus
1566 1484 1761 1541 possent.’

377 1545 509 1596 Haec,
533 1554 580 1587 ut
599 1560 762 1586 summa
781 1545 941 1586 ratione
963 1554 1065 1594 acta,
1088 1560 1239 1601 magna
1258 1559 1352 1600 pars
1372 1553 1538 1585 senatus
1559 1542 1761 1598 approba-

166 1611 303 1643 Senibus
317 1603 468 1645 in-bat:
501 1612 662 1644 veteres
685 1611 727 1644 et
748 1603 873 1643 moris
902 1602 1065 1658 antiqui
1089 1617 1293 1643 memores
1314 1602 1536 1657 negabant,
1560 1605 1627 1641 ‘se
1648 1599 1691 1640 in
1713 1614 1763 1641 ea

166 1656 329 1695 probatus.
378 1661 609 1718 ‘legatione
633 1660 845 1702 Romanas
872 1675 1095 1716 agnoscere
1124 1669 1242 1700 artes.
1306 1659 1350 1700 N
1353 1674 1407 1700 on
1432 1673 1507 1715 per
1530 1657 1700 1699 insidias
1720 1666 1765 1699 et

377 1724 609 1760 ‘nocturna
636 1717 806 1774 proelia,
829 1733 907 1759 nec
936 1717 1169 1759 simulatam
1191 1717 1331 1773 fugam
1360 1716 1689 1773 improvisosque
1710 1714 1764 1756 ad

377 1777 620 1817 ‘incautum
645 1775 806 1817 hostem
835 1775 1007 1825 reditus,
1036 1790 1114 1816 nec
1146 1784 1192 1816 ut
1221 1785 1312 1816 astu
1342 1774 1485 1831 magis,
1512 1788 1638 1830 quam
1667 1787 1765 1814 vera

377 1839 390 1858 ‘
405 1834 570 1883 virtute,
612 1833 901 1890 gloriarentur,
942 1833 1052 1874 bella
1090 1833 1266 1873 maiores
1305 1833 1488 1888 gessisse.
1570 1830 1762 1872 Indicere
1776 1843 1793 1874 5

378 1897 390 1916 ⁶
404 1892 531 1949 prius,
554 1906 681 1947 quam
708 1905 864 1947 gerere,
887 1890 1029 1931 solitos
1050 1889 1180 1939 bella3
1213 1889 1460 1930 denuntiare
1490 1888 1616 1929 etiam
1636 1888 1765 1928 inter-

378 1949 508 1989 ‘dum
534 1963 733 2004 pugnam,
763 1956 805 1988 et
832 1947 969 1988 locum
995 1947 1128 1996 finire,
1158 1947 1201 1987 in
1232 1962 1316 2002 quo
1347 1945 1583 1987 dimicaturi
1613 1953 1761 1986 essent.

378 2006 565 2047 ‘Eadem
596 2005 679 2045 fide
711 2004 941 2045 indicatum
973 2004 1137 2060 Pyrrho
1165 2004 1253 2059 regi
1283 2003 1507 2053 medicum,
1536 2003 1644 2044 vitae
1676 2002 1765 2043 eius

378 2062 670 2103 ‘insidiantem
687 2077 695 2102 :
730 2062 877 2102 eadem
900 2061 1067 2102 Faliscis
1083 2061 1269 2102 vinctum
1292 2061 1487 2102 traditum
1508 2060 1764 2117 proditorem
1777 2066 1797 2099 6

379 2120 640 2161 ‘liberorum
703 2118 830 2174 Legis
860 2119 963 2159 haec
993 2118 1209 2159 Romanae
1241 2133 1342 2168 esse,
1374 2133 1459 2160 non
1489 2118 1767 2159 versutiarum

379 2183 392 2201 ‘
407 2177 677 2226 Punicarum,
701 2191 838 2232 neque
861 2175 1097 2217 calliditatis
1121 2175 1331 2217 Graecae:
1365 2175 1478 2232 apud
1499 2191 1602 2232 quos
1622 2175 1765 2217 fallere

380 2241 392 2259 ‘
407 2235 583 2283 hostem,
606 2249 733 2289 quam
754 2234 793 2274 vi
815 2249 1021 2290 superare,
1043 2233 1260 2288 gloriosius
1280 2234 1416 2274 fuerit.
1479 2232 1700 2274 Interdum
1721 2232 1766 2273 in

380 2299 598 2349 ‘praesens
620 2302 784 2348 tempus
811 2291 904 2347 plus
925 2291 1071 2347 profici
1092 2290 1201 2340 dolo,
1225 2307 1351 2347 quam
1372 2291 1549 2332 virtute:
1583 2290 1656 2332 sed
1677 2291 1767 2332 eius

381 2356 392 2374 ‘
405 2350 575 2391 demum
593 2349 779 2390 animum
802 2349 846 2389 in
863 2357 1110 2404 perpetuum
1129 2349 1253 2398 vinci,
1270 2349 1338 2390 cui
1354 2348 1557 2390 confessio
1573 2363 1768 2404 expressa

382 2413 394 2432 ‘
409 2407 473 2457 sit,
496 2422 538 2448 se
560 2422 699 2462 neque
721 2416 820 2456 arte,
838 2421 976 2462 neque
998 2421 1108 2455 casu,
1123 2406 1197 2447 sed
1218 2406 1378 2448 collatis
1394 2407 1582 2448 cominus
1598 2406 1765 2456 viribus,

382 2465 514 2506 ‘iusto
535 2479 582 2505 ac
603 2465 673 2520 pio
694 2464 805 2505 bello
827 2479 913 2504 esse
935 2464 1202 2519 superatum.’
1263 2463 1381 2506 Haec
1402 2464 1596 2514 seniores,
1615 2463 1767 2519 quibus

174 2532 215 2564 In
231 2532 330 2563 Grae-
381 2537 489 2564 nova
516 2521 619 2562 haec
641 2522 778 2562 minus
803 2521 994 2577 placebat
1017 2521 1231 2576 sapientia.
1294 2521 1409 2563 Vicit
1434 2530 1574 2562 tamen
1600 2536 1650 2563 ea
1672 2535 1768 2577 pars

172 2585 315 2648 ffiffitruss
382 2588 562 2628 senatus,
585 2579 653 2619 cui
682 2579 819 2635 potior
839 2578 966 2627 utilis,
988 2593 1114 2634 quam
1143 2578 1322 2629 honesti,
1345 2594 1444 2620 cura
1464 2588 1564 2628 erat,
1587 2588 1635 2620 ut
1654 2593 1768 2620 com-

426 2701 443 2730 5
466 2691 613 2722 India-ere
629 2714 636 2721 .
651 2714 658 2720 .
673 2714 679 2721 .
696 2692 800 2721 solitos
816 2692 913 2725 hella‚·
931 2691 1052 2720 demun·
1139 2688 1157 2719 6
1174 2692 1372 2722 Proditorem
1384 2691 1565 2721 liberorum.
1586 2691 1680 2729 Leyis
1692 2690 1770 2720 haec

382 2735 464 2764 tiara
479 2734 590 2770 etiam]
633 2733 763 2763 Bellum
788 2733 988 2763 indicebatur
1008 2743 1053 2762 se·
1097 2733 1260 2763 Romanae
1273 2735 1354 2771 esse]
1374 2733 1561 2771 Elegantior
1571 2732 1651 2762 haec
1661 2742 1768 2761 emen-

383 2779 477 2806 natus
499 2776 628 2805 decreto
649 2786 686 2805 ac
710 2775 821 2815 populi
844 2775 951 2811 iussu:
984 2779 1053 2805 tum
1099 2775 1186 2804 datio
1203 2779 1250 2805 est
1269 2786 1325 2814 pro
1343 2776 1471 2815 vulgata
1492 2775 1641 2810 lectione,
1661 2775 1768 2813 prodi-

383 2818 633 2849 denuntiabatur
646 2819 694 2848 vel
716 2818 775 2858 ipsi
792 2818 903 2857 utique
919 2817 981 2856 regi
998 2822 1055 2848 aut
1099 2822 1195 2847 torem
1211 2819 1380 2849 liberm-um
1396 2819 1489 2856 restis.
1523 2819 1614 2848 Haec
1623 2818 1769 2847 Romana

384 2861 517 2901 populo,
538 2860 589 2890 cui
612 2860 768 2891 indictuni
792 2862 905 2897 suerat,
924 2861 973 2890 vel
995 2861 1054 2890 sal·
1099 2870 1174 2895 esse,
1191 2870 1272 2898 quae
1288 2870 1387 2899 quum
1407 2859 1579 2890 narrationi
1600 2858 1700 2898 ipsius
1717 2859 1769 2890 Li-

384 2908 449 2933 tem
472 2904 513 2933 ad
538 2903 719 2942 proximum
744 2903 775 2933 in
801 2903 916 2933 finibus
940 2903 1054 2942 praesi-
1101 2902 1142 2932 vii
1159 2913 1243 2941 supr.
1256 2910 1345 2941 v.27.
1362 2902 1568 2943 discreparet,
1580 2902 1770 2941 interpretes

385 2946 483 2977 dium.
508 2946 547 2976 cf.
565 2956 648 2985 supr.
666 2946 731 2976 xxi.
748 2946 777 2976 8.
802 2946 909 2976 Cum:
1100 2945 1239 2976 multum
1256 2945 1355 2977 torsit.
