1888 3194
650 173 1081 217 KREYSSIGIL
1484 181 1568 220 389

167 297 256 340 cap.
292 285 354 324 11.
382 282 662 322 Panhormum
691 295 768 336 pro
793 280 1058 328 Panormum,
1090 293 1180 334 cap.
1211 281 1278 320 25.
1299 280 1456 333 fratris
1485 284 1569 322 eius

166 352 363 407 Africani
379 363 455 405 pro
479 351 563 389 eius
573 349 733 403 fratris
753 348 961 402 Africani,
989 360 1080 403 cap.
1104 348 1172 388 53.
1188 348 1345 401 sutura
1373 355 1468 388 sunt
1492 347 1583 404 pro'

154 421 310 475 fictura
329 420 422 467 sint,
444 416 545 458 ibid.
575 417 717 457 bellum
739 417 932 457 adversus
958 430 1026 456 vos
1048 418 1253 471 yessissem
1280 430 1356 472 pro
1378 416 1569 458 adversus

165 501 234 528 vos
267 486 409 526 bellum
438 487 656 541 qessissern,
691 484 805 541 *cap.
842 485 910 527 57.
954 485 1100 539 Tappo
1131 498 1208 540 pro
1248 484 1432 539 Tappus,
1465 483 1566 524 ibid.

165 555 366 610 obliyarat
394 568 471 610 pro
502 555 759 609 obliyaverat,
793 552 889 595 Lib.
922 552 1193 595 XXXVIII.
1228 555 1266 593 3.
1299 553 1571 593 detractarent

164 637 242 679 pro
273 624 548 672 detrectarent,
582 630 626 663 et
652 636 741 678 cap.
765 624 833 662 21.
863 621 1049 676 deprensi
1077 635 1154 676 pro
1187 622 1418 675 deprehensi
1447 634 1571 676 repo-

165 690 261 733 suit.
324 689 416 732 Has
449 690 564 732 enim
590 689 794 731 lectiones
821 704 846 730 a
875 687 1076 730 Goellero
1104 688 1280 744 eiusque
1311 687 1425 730 socio
1450 702 1571 745 prae-

165 758 387 810 termissas,
423 773 603 816 quarum
642 757 880 808 nonnullas,
922 755 967 798 id
1007 756 1124 813 quod
1169 757 1354 798 asterisci
1390 756 1571 813 appositi

166 827 418 884 significant,
440 841 517 868 nos
542 841 726 882 quoque,
752 826 998 882 priusquam
1026 825 1071 866 in
1099 824 1244 866 codice
1267 823 1572 881 Bambergensi

166 896 464 946 inveniremus,
486 894 666 951 vulgatis
686 894 990 944 substituimus,
1013 909 1038 934 a
1059 892 1268 943 Bekkero,
1291 893 1360 935 cui
1380 892 1570 935 locorum

168 964 263 1007 Liv.
289 963 466 1006 XXXI.
491 964 528 1006 7.
552 971 595 1004 et
620 966 683 1004 15.
707 963 956 1019 scripturam
978 977 1002 1003 a
1022 961 1145 1002 nobis
1172 961 1218 1002 in
1245 961 1397 1003 eodem
1425 961 1570 1003 codice

166 1041 377 1089 repertam
409 1046 529 1073 casus
561 1031 727 1081 obtulit,
762 1031 940 1081 aliorum
973 1021 1169 1072 codicum
1201 1030 1495 1071 auctoritatem
1528 1037 1572 1071 et

167 1100 505 1142 coniecturarum
527 1099 866 1155 probabilitatem
888 1106 1032 1140 secuto
1053 1107 1243 1154 receptas
1263 1113 1366 1148 esse,
1388 1113 1475 1140 non
1496 1106 1570 1147 est,

167 1168 330 1224 opinor,
353 1167 469 1224 quod
489 1167 746 1208 dubitemus.

229 1235 352 1284 Quae
384 1251 517 1292 quum
547 1236 606 1277 ita
635 1236 732 1285 sint,
761 1235 833 1276 vix
864 1249 970 1291 opus
999 1243 1076 1284 est,
1108 1241 1167 1284 ut,
1195 1241 1300 1290 quot
1330 1242 1373 1275 et
1403 1233 1572 1289 quantis

166 1303 279 1346 vitiis
312 1303 580 1345 Bekkeriana
608 1304 722 1346 Livii
749 1303 880 1344 editio
909 1302 1122 1352 laboret‘20,
1152 1301 1367 1358 operosius
1395 1300 1573 1342 demon-

167 1382 324 1424 strem3
370 1373 618 1431 praesertim
658 1388 791 1430 quum
833 1371 1069 1422 Bekkerus,
1109 1370 1382 1413 Goelleriana
1416 1370 1574 1413 codicis

170 1441 492 1499 Bambergensis
520 1442 744 1484 collatione
773 1441 972 1483 inchoata
999 1440 1131 1497 magis
1152 1454 1281 1496 quam
1307 1438 1506 1496 perfecta,
1529 1453 1572 1480 se

171 1519 320 1561 totum,
341 1511 386 1552 id
407 1511 523 1568 quod
550 1511 836 1560 constituerat,
860 1510 914 1551 ad
943 1510 1069 1551 huius
1096 1509 1252 1550 codicis
1281 1508 1575 1550 auctoritatem

171 1579 431 1622 conformare
464 1595 551 1621 non
584 1580 783 1636 potuerit,
806 1579 982 1636 aliisque
1015 1592 1168 1620 novam
1197 1578 1310 1620 Livii
1342 1577 1573 1619 editionem

171 1648 377 1706 paraturis
409 1658 452 1690 et
486 1647 795 1690 Bekkerianam
828 1648 873 1689 in
909 1646 1164 1688 oblivionem
1201 1645 1445 1687 adducturis
1479 1659 1577 1702 per-

172 1717 306 1759 multa
354 1717 620 1759 emendanda
676 1726 802 1774 atque
860 1715 1115 1758 absolvenda
1163 1714 1394 1771 reliquerit.
1490 1711 1576 1755 Cui

172 1786 346 1844 quidem
368 1786 513 1837 labori,
536 1787 615 1827 nisi
637 1787 732 1843 quis
753 1786 974 1827 consilium
1002 1799 1146 1826 meum
1175 1782 1460 1840 praeverterit,
1484 1790 1576 1824 tum

172 1855 342 1897 fortasse
372 1863 528 1897 memet
556 1856 644 1911 ipse
666 1854 896 1911 accingam,
919 1868 1051 1909 quum
1073 1852 1317 1894 varietatem
1344 1850 1578 1892 lectionum

173 1939 199 1965 a
219 1923 444 1980 Kopitario
465 1939 519 1965 ex
541 1923 687 1965 codice
715 1923 815 1964 olim
839 1921 1197 1971 Laurishamensi,
1219 1935 1333 1962 nunc
1354 1919 1577 1962 Vindobo-

173 1992 293 2033 nensi
334 2000 560 2042 enotatam,
598 2007 684 2048 qua
724 1990 945 2032 Bekkcrus
984 1990 1042 2031 ita
1083 2004 1181 2030 usus
1226 1998 1301 2038 est,
1344 1997 1391 2029 ut
1436 1988 1577 2044 plures

174 2059 348 2117 quidem
379 2059 491 2102 Livii
520 2059 647 2110 locos,
670 2059 801 2101 veluti
831 2059 925 2100 Lib.
950 2056 1094 2099 XLII.
1119 2060 1186 2098 28.
1211 2056 1297 2106 ubi,
1320 2056 1511 2112 quamvis
1532 2056 1577 2097 in

174 2128 319 2171 codice
349 2143 436 2170 non
467 2131 670 2170 imminere
697 2129 913 2184 repulsum,
936 2136 983 2168 ut
1014 2127 1058 2167 in
1087 2125 1363 2167 annotatione
1391 2124 1579 2165 subiecta

174 2196 381 2254 perhibet,
402 2196 477 2238 sed
504 2199 725 2238 immineret
750 2197 952 2252 repulsum
978 2195 1154 2251 legatur,
1177 2196 1244 2234 cui
1262 2195 1400 2249 primo
1426 2207 1579 2248 quoque

176 2272 346 2321 tempore
372 2268 634 2322 mayistratus
660 2268 803 2315 cream',
826 2281 916 2306 cum
947 2271 1104 2305 tantum
1134 2263 1276 2303 bellam
1307 2263 1538 2310 immineret,
1560 2276 1580 2301 e

177 2349 218 2376 re
242 2334 408 2390 publica
440 2337 567 2375 visum
598 2338 736 2384 eratffl,
759 2333 917 2390 optime
951 2332 1148 2382 restituit,
1178 2340 1290 2373 recte
1319 2329 1577 2380 emendaret,

225 2498 263 2520 ιο
287 2489 382 2521 Locis
415 2490 496 2520 Livii
527 2500 546 2519 a
575 2489 726 2520 Bekkero
758 2489 857 2528 negli-
902 2488 996 2519 eund
999 2492 1066 2518 mte
1090 2492 1199 2518 tumen
1218 2487 1450 2527 Buumgarten—
1440 2486 1580 2524 —Crusi0‚

179 2536 290 2571 genter
327 2533 473 2563 tractatis
513 2533 597 2563 adde
641 2532 736 2562 etiam
786 2532 856 2562 Lib.
902 2531 947 2562 ita
962 2531 1212 2561 constituerzzun
1246 2530 1316 2560 cui
1336 2540 1439 2569 primo
1452 2539 1580 2569 quoque

183 2574 322 2606 xxv1.
343 2584 390 2606 21.
415 2575 468 2605 ubi
495 2580 565 2615 post
588 2575 775 2606 Cri-vietum
800 2585 856 2614 pro
902 2579 1049 2613 tempore
1087 2583 1128 2603 m
1131 2573 1293 2612 ibustmtus
1330 2572 1441 2609 cren-i,
1479 2581 1579 2612 quum

180 2617 235 2647 Aa
276 2628 327 2648 eo:
367 2619 608 2656 ,ilurfflmtimw
652 2619 857 2648 desciverunt
901 2621 1028 2647 tuntum
1058 2616 1180 2646 bellum
1208 2615 1389 2645 immineret
1410 2614 1453 2645 rei
1477 2613 1581 2654 publi-

181 2663 287 2691 lerrae
302 2670 341 2690 ex
359 2660 515 2691 Gronovii
537 2660 722 2691 coniectum
745 2661 788 2689 ml
807 2672 857 2690 cns
903 2670 971 2694 ew,
994 2658 1095 2689 visum
1121 2662 1201 2689 erut.
1206 2660 1226 2673 ”
1271 2659 1338 2689 Sub
1362 2657 1504 2688 eiusdem
1530 2667 1580 2686 cu.-

183 2702 395 2742 stlurgyantini
411 2704 570 2734 desolare
587 2703 685 2733 tacite
705 2714 759 2742 rep
763 2714 796 2731 ‹s›
784 2704 857 2738 uit,
904 2702 978 2742 pitis
995 2702 1104 2738 finem,
1122 2706 1156 2731 ut
1174 2700 1276 2731 obiter
1292 2701 1352 2731 hoc
1369 2700 1499 2736 addam,
1515 2698 1579 2729 v-ul

182 2753 287 2784 neque
311 2749 419 2776 tamen
445 2757 570 2783 mrum,
594 2746 679 2785 quod
704 2745 859 2785 sequitur
903 2749 976 2783 gato
996 2749 1066 2784 poa!
1089 2756 1160 2775 cen.
1159 2755 1257 2774 vrum
1284 2745 1389 2773 miuus
1412 2745 1579 2781 compotem

185 2785 217 2816 in
232 2796 341 2818 eorum
358 2788 504 2819 muunit.
895 2789 968 2826 ‚luia
971 2798 1003 2818 se
1014 2788 1077 2823 sui,
1085 2797 1183 2826 quum
1201 2785 1582 2826 1{0pit'‹1riuscompca-m

230 2836 264 2858 τι
294 2828 393 2861 nune
418 2831 537 2868 locum,
553 2831 593 2862 de
616 2841 708 2862 emus
731 2830 857 2869 integri·
904 2830 1020 2860 omiss,
1044 2831 1162 2866 ηιὲιιιιε,
1183 2840 1232 2860 cx.
1256 2830 1325 2859 end.
1347 2828 1486 2858 Υἰιιιὶυὺ.
1506 2836 1579 2855 cno-

185 2874 253 2901 ἰιω
271 2870 462 2903 Walthemu
477 2874 517 2903 ad
534 2873 640 2905 Tacit.
661 2874 777 2904 Annnl.
797 2873 860 2904 lv.
907 2878 1015 2910 tasuet,
1035 2877 1105 2912 post
1129 2883 1297 2902 censuram
1326 2881 1389 2901 non
1414 2873 1582 2907 rornpotcm

190 2920 239 2951 7².
262 2923 325 2943 non
345 2913 637 2952 dubitm-it‚1¹¹inus
661 2921 756 2951 recte,
773 2916 858 2945 obse·
899 2916 1006 2953 suisne
1029 2916 1091 2946 stoi.
1114 2919 1211 2950 certa,
1233 2918 1267 2943 ut
1292 2912 1580 2952 opiniabunenioxn-
