<?xml version="1.0" encoding="UTF-8"?>
<!DOCTYPE html PUBLIC "-//W3C//DTD XHTML 1.0 Transitional//EN"
    "http://www.w3.org/TR/xhtml1/DTD/xhtml1-transitional.dtd">
<html xmlns="http://www.w3.org/1999/xhtml" xml:lang="en" lang="en">
 <head>
  <title>
</title>
<meta http-equiv="Content-Type" content="text/html;charset=utf-8" />
  <meta name='ocr-system' content='tesseract 3.04.00' />
  <meta name='ocr-capabilities' content='ocr_page ocr_carea ocr_par ocr_line ocrx_word'/>
</head>
<body>
  <div class='ocr_page' id='page_1' title='image "./historiarumli04livyuoft/historiarumli04livyuoft_0195.png"; bbox 0 0 1888 3194; ppageno 0'>
   <div class='ocr_carea' id='block_1_1' title="bbox 539 155 1558 202">
    <p class='ocr_par' dir='ltr' id='par_1_1' title="bbox 539 155 1558 202">
     <span class='ocr_line' id='line_1_1' title="bbox 539 155 1558 202; baseline 0.002 -2"><span class='ocrx_word' id='word_1_1' title='bbox 539 158 666 200; x_wconf 89' lang='lat' dir='ltr'><strong>LIB.</strong></span> <span class='ocrx_word' id='word_1_2' title='bbox 699 156 841 198; x_wconf 89' lang='lat' dir='ltr'><strong>XLV.</strong></span> <span class='ocrx_word' id='word_1_3' title='bbox 887 155 1035 197; x_wconf 90' lang='lat' dir='ltr'>CAP.</span> <span class='ocrx_word' id='word_1_4' title='bbox 1073 160 1137 198; x_wconf 89' lang='lat'>15.</span> <span class='ocrx_word' id='word_1_5' title='bbox 1479 161 1558 202; x_wconf 87' lang='grc'>187</span> 
     </span>
    </p>
   </div>
   <div class='ocr_carea' id='block_1_2' title="bbox 138 244 1772 1794">
    <p class='ocr_par' dir='ltr' id='par_1_2' title="bbox 138 244 1772 1794">
     <span class='ocr_line' id='line_1_2' title="bbox 165 244 1771 301; baseline -0.001 -9"><span class='ocrx_word' id='word_1_6' title='bbox 165 264 214 291; x_wconf 87' lang='lat' dir='ltr'>ac</span> <span class='ocrx_word' id='word_1_7' title='bbox 246 257 338 291; x_wconf 90' lang='lat' dir='ltr'>tuto</span> <span class='ocrx_word' id='word_1_8' title='bbox 369 249 415 290; x_wconf 92' lang='lat' dir='ltr'>in</span> <span class='ocrx_word' id='word_1_9' title='bbox 445 246 634 288; x_wconf 88' lang='lat' dir='ltr'>Africam</span> <span class='ocrx_word' id='word_1_10' title='bbox 666 245 886 286; x_wconf 88' lang='lat' dir='ltr'>traiiceret.</span> <span class='ocrx_word' id='word_1_11' title='bbox 950 244 1179 301; x_wconf 91' lang='lat' dir='ltr'>Equitibus</span> <span class='ocrx_word' id='word_1_12' title='bbox 1211 245 1399 301; x_wconf 86' lang='lat' dir='ltr'>singulae</span> <span class='ocrx_word' id='word_1_13' title='bbox 1431 247 1560 290; x_wconf 85' lang='lat' dir='ltr'>librae</span> <span class='ocrx_word' id='word_1_14' title='bbox 1576 258 1619 291; x_wconf 89' lang='lat' dir='ltr'>U.</span> <span class='ocrx_word' id='word_1_15' title='bbox 1637 258 1676 290; x_wconf 88' lang='lat' dir='ltr'>C.</span> <span class='ocrx_word' id='word_1_16' title='bbox 1698 259 1771 297; x_wconf 78' lang='lat'><strong>584.</strong></span> 
     </span>
     <span class='ocr_line' id='line_1_3' title="bbox 165 300 1772 363; baseline -0.002 -15"><span class='ocrx_word' id='word_1_17' title='bbox 165 306 342 363; x_wconf 83' lang='lat' dir='ltr'>argenti,</span> <span class='ocrx_word' id='word_1_18' title='bbox 363 313 407 346; x_wconf 89' lang='lat' dir='ltr'>et</span> <span class='ocrx_word' id='word_1_19' title='bbox 426 303 632 360; x_wconf 83' lang='lat' dir='ltr'>quingeni</span> <span class='ocrx_word' id='word_1_20' title='bbox 659 302 838 344; x_wconf 85' lang='lat' dir='ltr'>sestertii</span> <span class='ocrx_word' id='word_1_21' title='bbox 862 301 953 344; x_wconf 89' lang='lat' dir='ltr'>dari</span> <span class='ocrx_word' id='word_1_22' title='bbox 980 302 1092 344; x_wconf 89' lang='lat' dir='ltr'>iussi.</span> <span class='ocrx_word' id='word_1_23' title='bbox 1158 301 1346 344; x_wconf 89' lang='lat' dir='ltr'>Comitia</span> <span class='ocrx_word' id='word_1_24' title='bbox 1370 305 1562 346; x_wconf 84' lang='lat' dir='ltr'>creandis</span> <span class='ocrx_word' id='word_1_25' title='bbox 1574 302 1614 333; x_wconf 85' lang='lat' dir='ltr'>A.</span> <span class='ocrx_word' id='word_1_26' title='bbox 1638 302 1677 333; x_wconf 91' lang='lat' dir='ltr'>C.</span> <span class='ocrx_word' id='word_1_27' title='bbox 1703 300 1772 333; x_wconf 78' lang='lat'><strong>¹68·</strong></span> 
     </span>
     <span class='ocr_line' id='line_1_4' title="bbox 165 359 1562 418; baseline -0.001 -13"><span class='ocrx_word' id='word_1_28' title='bbox 165 364 212 405; x_wconf 93' lang='lat' dir='ltr'>in</span> <span class='ocrx_word' id='word_1_29' title='bbox 237 369 486 418; x_wconf 82' lang='lat' dir='ltr'><strong>sequentem</strong></span> <span class='ocrx_word' id='word_1_30' title='bbox 516 375 675 402; x_wconf 88' lang='lat' dir='ltr'>annum</span> <span class='ocrx_word' id='word_1_31' title='bbox 705 359 946 401; x_wconf 90' lang='lat' dir='ltr'>consulibus</span> <span class='ocrx_word' id='word_1_32' title='bbox 972 359 1116 401; x_wconf 84' lang='lat' dir='ltr'>habita</span> <span class='ocrx_word' id='word_1_33' title='bbox 1142 367 1242 401; x_wconf 90' lang='lat' dir='ltr'>sunt</span> <span class='ocrx_word' id='word_1_34' title='bbox 1269 375 1295 401; x_wconf 88' lang='lat' dir='ltr'>a</span> <span class='ocrx_word' id='word_1_35' title='bbox 1324 359 1373 401; x_wconf 91' lang='lat' dir='ltr'>C.</span> <span class='ocrx_word' id='word_1_36' title='bbox 1393 360 1562 403; x_wconf 91' lang='lat' dir='ltr'>Licinio</span> 
     </span>
     <span class='ocr_line' id='line_1_5' title="bbox 166 416 1560 467; baseline -0.001 -5"><span class='ocrx_word' id='word_1_37' title='bbox 166 419 349 463; x_wconf 89' lang='lat' dir='ltr'>consule.</span> <span class='ocrx_word' id='word_1_38' title='bbox 415 417 559 460; x_wconf 89' lang='lat' dir='ltr'>Creati</span> <span class='ocrx_word' id='word_1_39' title='bbox 603 417 657 466; x_wconf 84' lang='lat' dir='ltr'>Q.</span> <span class='ocrx_word' id='word_1_40' title='bbox 687 416 836 459; x_wconf 91' lang='lat' dir='ltr'>Aelius</span> <span class='ocrx_word' id='word_1_41' title='bbox 876 416 1046 467; x_wconf 89' lang='lat' dir='ltr'>Paetus,</span> <span class='ocrx_word' id='word_1_42' title='bbox 1088 416 1151 458; x_wconf 92' lang='lat' dir='ltr'>M.</span> <span class='ocrx_word' id='word_1_43' title='bbox 1186 416 1334 459; x_wconf 92' lang='lat' dir='ltr'>Iunius</span> <span class='ocrx_word' id='word_1_44' title='bbox 1374 417 1560 460; x_wconf 89' lang='lat' dir='ltr'>Pennus.</span> 
     </span>
     <span class='ocr_line' id='line_1_6' title="bbox 166 473 1564 533; baseline -0.002 -14"><span class='ocrx_word' id='word_1_45' title='bbox 166 477 274 520; x_wconf 90' lang='lat' dir='ltr'>Inde</span> <span class='ocrx_word' id='word_1_46' title='bbox 308 485 522 533; x_wconf 90' lang='lat' dir='ltr'>praetores</span> <span class='ocrx_word' id='word_1_47' title='bbox 556 475 655 517; x_wconf 89' lang='lat' dir='ltr'>faeti</span> <span class='ocrx_word' id='word_1_48' title='bbox 693 475 746 523; x_wconf 85' lang='lat' dir='ltr'>Q.</span> <span class='ocrx_word' id='word_1_49' title='bbox 769 473 939 516; x_wconf 86' lang='lat' dir='ltr'>Cassius</span> <span class='ocrx_word' id='word_1_50' title='bbox 972 473 1206 529; x_wconf 83' lang='lat' dir='ltr'>Longinus,</span> <span class='ocrx_word' id='word_1_51' title='bbox 1244 474 1319 516; x_wconf 92' lang='grc' dir='ltr'>Μ’.</span> <span class='ocrx_word' id='word_1_52' title='bbox 1342 474 1564 516; x_wconf 90' lang='lat' dir='ltr'>Iuventius</span> 
     </span>
     <span class='ocr_line' id='line_1_7' title="bbox 167 531 1561 589; baseline -0.001 -13"><span class='ocrx_word' id='word_1_53' title='bbox 167 533 346 584; x_wconf 86' lang='lat' dir='ltr'>Thalna,</span> <span class='ocrx_word' id='word_1_54' title='bbox 384 533 451 574; x_wconf 87' lang='lat' dir='ltr'>Ti.</span> <span class='ocrx_word' id='word_1_55' title='bbox 474 532 681 574; x_wconf 90' lang='lat' dir='ltr'>Claudius</span> <span class='ocrx_word' id='word_1_56' title='bbox 717 531 848 582; x_wconf 90' lang='lat' dir='ltr'>Nero,</span> <span class='ocrx_word' id='word_1_57' title='bbox 886 531 941 573; x_wconf 92' lang='lat' dir='ltr'>A.</span> <span class='ocrx_word' id='word_1_58' title='bbox 960 531 1149 573; x_wconf 88' lang='lat' dir='ltr'>Manlius</span> <span class='ocrx_word' id='word_1_59' title='bbox 1185 531 1439 589; x_wconf 86' lang='lat' dir='ltr'>Torquatus,</span> <span class='ocrx_word' id='word_1_60' title='bbox 1480 532 1561 574; x_wconf 89' lang='lat' dir='ltr'>Cn.</span> 
     </span>
     <span class='ocr_line' id='line_1_8' title="bbox 167 588 1564 640; baseline -0.001 -7"><span class='ocrx_word' id='word_1_61' title='bbox 167 591 339 634; x_wconf 89' lang='lat' dir='ltr'>Fulvius</span> <span class='ocrx_word' id='word_1_62' title='bbox 369 589 498 640; x_wconf 91' lang='lat' dir='ltr'>Gillo,</span> <span class='ocrx_word' id='word_1_63' title='bbox 530 591 578 632; x_wconf 87' lang='lat' dir='ltr'>C.</span> <span class='ocrx_word' id='word_1_64' title='bbox 598 589 789 632; x_wconf 90' lang='lat' dir='ltr'>Licinius</span> <span class='ocrx_word' id='word_1_65' title='bbox 814 588 970 630; x_wconf 84' lang='lat' dir='ltr'>Nerva.</span> <span class='ocrx_word' id='word_1_66' title='bbox 1033 588 1198 630; x_wconf 88' lang='lat' dir='ltr'>Eodem</span> <span class='ocrx_word' id='word_1_67' title='bbox 1229 604 1341 631; x_wconf 88' lang='lat' dir='ltr'>anno</span> <span class='ocrx_word' id='word_1_68' title='bbox 1371 604 1564 632; x_wconf 89' lang='lat' dir='ltr'>censores</span> 
     </span>
     <span class='ocr_line' id='line_1_9' title="bbox 168 645 1566 705; baseline -0.002 -14"><span class='ocrx_word' id='word_1_69' title='bbox 168 649 236 691; x_wconf 90' lang='lat' dir='ltr'>Ti.</span> <span class='ocrx_word' id='word_1_70' title='bbox 256 648 529 705; x_wconf 88' lang='lat' dir='ltr'>Sempronius</span> <span class='ocrx_word' id='word_1_71' title='bbox 553 647 772 689; x_wconf 89' lang='lat' dir='ltr'>Gracchus</span> <span class='ocrx_word' id='word_1_72' title='bbox 798 656 840 688; x_wconf 91' lang='lat' dir='ltr'>et</span> <span class='ocrx_word' id='word_1_73' title='bbox 871 645 922 688; x_wconf 90' lang='lat' dir='ltr'>C.</span> <span class='ocrx_word' id='word_1_74' title='bbox 944 645 1150 688; x_wconf 88' lang='lat' dir='ltr'>Claudius</span> <span class='ocrx_word' id='word_1_75' title='bbox 1171 646 1356 688; x_wconf 90' lang='lat' dir='ltr'>Pulcher</span> <span class='ocrx_word' id='word_1_76' title='bbox 1375 662 1465 689; x_wconf 91' lang='lat' dir='ltr'>rem</span> <span class='ocrx_word' id='word_1_77' title='bbox 1490 647 1566 688; x_wconf 88' lang='lat' dir='ltr'>diu</span> 
     </span>
     <span class='ocr_line' id='line_1_10' title="bbox 167 704 1565 761; baseline -0.002 -13"><span class='ocrx_word' id='word_1_78' title='bbox 167 706 278 748; x_wconf 89' lang='lat' dir='ltr'>inter</span> <span class='ocrx_word' id='word_1_79' title='bbox 311 721 355 748; x_wconf 92' lang='lat' dir='ltr'>se</span> <span class='ocrx_word' id='word_1_80' title='bbox 387 706 510 747; x_wconf 88' lang='lat' dir='ltr'>variis</span> <span class='ocrx_word' id='word_1_81' title='bbox 545 704 886 747; x_wconf 85' lang='lat' dir='ltr'>altercationibus</span> <span class='ocrx_word' id='word_1_82' title='bbox 924 704 1123 761; x_wconf 82' lang='lat' dir='ltr'>agitatam</span> <span class='ocrx_word' id='word_1_83' title='bbox 1158 704 1331 746; x_wconf 88' lang='lat' dir='ltr'>tandem</span> <span class='ocrx_word' id='word_1_84' title='bbox 1366 704 1565 746; x_wconf 88' lang='lat' dir='ltr'>concordi</span> 
     </span>
     <span class='ocr_line' id='line_1_11' title="bbox 167 761 1565 818; baseline -0.002 -12"><span class='ocrx_word' id='word_1_85' title='bbox 167 763 309 806; x_wconf 85' lang='lat' dir='ltr'>animo</span> <span class='ocrx_word' id='word_1_86' title='bbox 348 762 636 805; x_wconf 87' lang='lat' dir='ltr'>decreverunt.</span> <span class='ocrx_word' id='word_1_87' title='bbox 721 761 952 812; x_wconf 89' lang='lat' dir='ltr'>Gracchus,</span> <span class='ocrx_word' id='word_1_88' title='bbox 993 777 1127 818; x_wconf 88' lang='lat' dir='ltr'>quum</span> <span class='ocrx_word' id='word_1_89' title='bbox 1175 761 1362 803; x_wconf 91' lang='lat' dir='ltr'>libertini</span> <span class='ocrx_word' id='word_1_90' title='bbox 1411 762 1565 804; x_wconf 89' lang='lat' dir='ltr'>iterum</span> 
     </span>
     <span class='ocr_line' id='line_1_12' title="bbox 167 819 1566 878; baseline -0.001 -15"><span class='ocrx_word' id='word_1_91' title='bbox 167 821 406 878; x_wconf 88' lang='lat' dir='ltr'>iterumque</span> <span class='ocrx_word' id='word_1_92' title='bbox 437 821 482 862; x_wconf 92' lang='lat' dir='ltr'>in</span> <span class='ocrx_word' id='word_1_93' title='bbox 512 828 711 876; x_wconf 87' lang='lat' dir='ltr'>quattuor</span> <span class='ocrx_word' id='word_1_94' title='bbox 741 820 872 861; x_wconf 88' lang='lat' dir='ltr'>tribus</span> <span class='ocrx_word' id='word_1_95' title='bbox 902 820 1081 861; x_wconf 90' lang='lat' dir='ltr'>urbanas</span> <span class='ocrx_word' id='word_1_96' title='bbox 1110 819 1271 861; x_wconf 86' lang='lat' dir='ltr'>redacti</span> <span class='ocrx_word' id='word_1_97' title='bbox 1303 834 1391 861; x_wconf 90' lang='lat' dir='ltr'>sese</span> <span class='ocrx_word' id='word_1_98' title='bbox 1425 834 1566 861; x_wconf 88' lang='lat' dir='ltr'>rursus</span> 
     </span>
     <span class='ocr_line' id='line_1_13' title="bbox 167 876 1567 935; baseline -0.001 -15"><span class='ocrx_word' id='word_1_99' title='bbox 167 893 244 935; x_wconf 88' lang='lat' dir='ltr'>per</span> <span class='ocrx_word' id='word_1_100' title='bbox 263 893 410 920; x_wconf 90' lang='lat' dir='ltr'>omnes</span> <span class='ocrx_word' id='word_1_101' title='bbox 430 878 689 927; x_wconf 86' lang='lat' dir='ltr'>effudissent,</span> <span class='ocrx_word' id='word_1_102' title='bbox 711 876 970 934; x_wconf 88' lang='lat' dir='ltr'>repullulans</span> <span class='ocrx_word' id='word_1_103' title='bbox 995 892 1160 933; x_wconf 89' lang='lat' dir='ltr'>semper</span> <span class='ocrx_word' id='word_1_104' title='bbox 1184 876 1342 918; x_wconf 90' lang='lat' dir='ltr'>malum</span> <span class='ocrx_word' id='word_1_105' title='bbox 1367 877 1567 919; x_wconf 89' lang='lat' dir='ltr'>radicitus</span> 
     </span>
     <span class='ocr_line' id='line_1_14' title="bbox 169 934 1566 992; baseline -0.002 -14"><span class='ocrx_word' id='word_1_106' title='bbox 169 936 399 992; x_wconf 86' lang='lat' dir='ltr'>exstirpare</span> <span class='ocrx_word' id='word_1_107' title='bbox 432 935 633 985; x_wconf 85' lang='lat' dir='ltr'>voluerat,</span> <span class='ocrx_word' id='word_1_108' title='bbox 665 949 910 990; x_wconf 88' lang='lat' dir='ltr'>omnesque,</span> <span class='ocrx_word' id='word_1_109' title='bbox 943 935 1017 990; x_wconf 90' lang='lat' dir='ltr'>qui</span> <span class='ocrx_word' id='word_1_110' title='bbox 1050 934 1294 976; x_wconf 90' lang='lat' dir='ltr'>servitutem</span> <span class='ocrx_word' id='word_1_111' title='bbox 1329 934 1566 984; x_wconf 86' lang='lat' dir='ltr'>servissent,</span> 
     </span>
     <span class='ocr_line' id='line_1_15' title="bbox 169 991 1568 1041; baseline -0.001 -6"><span class='ocrx_word' id='word_1_112' title='bbox 169 1008 299 1035; x_wconf 91' lang='lat' dir='ltr'>censu</span> <span class='ocrx_word' id='word_1_113' title='bbox 323 992 560 1034; x_wconf 85' lang='lat' dir='ltr'>excludere.</span> <span class='ocrx_word' id='word_1_114' title='bbox 624 992 854 1033; x_wconf 89' lang='lat' dir='ltr'>Nitebatur</span> <span class='ocrx_word' id='word_1_115' title='bbox 880 1001 1027 1033; x_wconf 91' lang='lat' dir='ltr'>contra</span> <span class='ocrx_word' id='word_1_116' title='bbox 1049 991 1267 1041; x_wconf 90' lang='lat' dir='ltr'>Claudius,</span> <span class='ocrx_word' id='word_1_117' title='bbox 1290 1000 1334 1033; x_wconf 89' lang='lat' dir='ltr'>et</span> <span class='ocrx_word' id='word_1_118' title='bbox 1360 992 1568 1033; x_wconf 89' lang='lat' dir='ltr'>maiorum</span> 
     </span>
     <span class='ocr_line' id='line_1_16' title="bbox 168 1048 1565 1104; baseline -0.001 -12"><span class='ocrx_word' id='word_1_119' title='bbox 168 1051 361 1092; x_wconf 87' lang='lat' dir='ltr'>instituta</span> <span class='ocrx_word' id='word_1_120' title='bbox 393 1050 759 1098; x_wconf 88' lang='lat' dir='ltr'>commemorabat,</span> <span class='ocrx_word' id='word_1_121' title='bbox 796 1049 870 1104; x_wconf 91' lang='lat' dir='ltr'>qui</span> <span class='ocrx_word' id='word_1_122' title='bbox 906 1048 1123 1090; x_wconf 86' lang='lat' dir='ltr'>libertinos</span> <span class='ocrx_word' id='word_1_123' title='bbox 1159 1064 1351 1091; x_wconf 89' lang='lat' dir='ltr'>coercere</span> <span class='ocrx_word' id='word_1_124' title='bbox 1387 1064 1455 1091; x_wconf 90' lang='lat' dir='ltr'>sae</span> <span class='ocrx_word' id='word_1_125' title='bbox 1488 1049 1565 1099; x_wconf 89' lang='lat' dir='ltr'>ius,</span> 
     </span>
     <span class='ocr_line' id='line_1_17' title="bbox 168 1064 1568 1164; baseline -0.001 -15"><span class='ocrx_word' id='word_1_126' title='bbox 168 1122 389 1164; x_wconf 89' lang='lat' dir='ltr'>nunquam</span> <span class='ocrx_word' id='word_1_127' title='bbox 427 1106 650 1163; x_wconf 84' lang='lat' dir='ltr'>prohibere</span> <span class='ocrx_word' id='word_1_128' title='bbox 692 1106 866 1147; x_wconf 90' lang='lat' dir='ltr'>omnino</span> <span class='ocrx_word' id='word_1_129' title='bbox 911 1106 1080 1147; x_wconf 86' lang='lat' dir='ltr'>civitate</span> <span class='ocrx_word' id='word_1_130' title='bbox 1122 1115 1362 1147; x_wconf 87' lang='lat' dir='ltr'>tentassent.</span> <span class='ocrx_word' id='word_1_131' title='bbox 1448 1064 1568 1155; x_wconf 55' lang='lat' dir='ltr'>(guin</span> 
     </span>
     <span class='ocr_line' id='line_1_18' title="bbox 168 1162 1568 1219; baseline -0.001 -13"><span class='ocrx_word' id='word_1_132' title='bbox 168 1165 297 1207; x_wconf 89' lang='lat' dir='ltr'>etiam</span> <span class='ocrx_word' id='word_1_133' title='bbox 329 1165 380 1206; x_wconf 88' lang='lat' dir='ltr'>ab</span> <span class='ocrx_word' id='word_1_134' title='bbox 413 1164 656 1206; x_wconf 89' lang='lat' dir='ltr'>censoribus</span> <span class='ocrx_word' id='word_1_135' title='bbox 691 1162 742 1205; x_wconf 92' lang='lat' dir='ltr'>C.</span> <span class='ocrx_word' id='word_1_136' title='bbox 767 1163 987 1212; x_wconf 74' lang='lat' dir='ltr'>flaminio,</span> <span class='ocrx_word' id='word_1_137' title='bbox 1024 1163 1074 1204; x_wconf 91' lang='lat' dir='ltr'>L.</span> <span class='ocrx_word' id='word_1_138' title='bbox 1094 1163 1281 1205; x_wconf 89' lang='lat' dir='ltr'>Aemilio</span> <span class='ocrx_word' id='word_1_139' title='bbox 1317 1163 1479 1219; x_wconf 88' lang='lat' dir='ltr'>aliquid</span> <span class='ocrx_word' id='word_1_140' title='bbox 1514 1177 1568 1204; x_wconf 88' lang='lat' dir='ltr'>ex</span> 
     </span>
     <span class='ocr_line' id='line_1_19' title="bbox 168 1219 1569 1280; baseline -0.002 -16"><span class='ocrx_word' id='word_1_141' title='bbox 168 1222 346 1280; x_wconf 86' lang='lat' dir='ltr'>pristina</span> <span class='ocrx_word' id='word_1_142' title='bbox 365 1221 584 1264; x_wconf 87' lang='lat' dir='ltr'>severitate</span> <span class='ocrx_word' id='word_1_143' title='bbox 606 1221 793 1262; x_wconf 85' lang='lat' dir='ltr'>laxatum</span> <span class='ocrx_word' id='word_1_144' title='bbox 814 1236 902 1262; x_wconf 88' lang='lat' dir='ltr'>esse</span> <span class='ocrx_word' id='word_1_145' title='bbox 924 1220 1140 1262; x_wconf 88' lang='lat' dir='ltr'>referebat.</span> <span class='ocrx_word' id='word_1_146' title='bbox 1196 1219 1305 1262; x_wconf 89' lang='lat' dir='ltr'>Sane</span> <span class='ocrx_word' id='word_1_147' title='bbox 1322 1235 1455 1277; x_wconf 91' lang='lat' dir='ltr'>quum</span> <span class='ocrx_word' id='word_1_148' title='bbox 1477 1229 1569 1261; x_wconf 90' lang='lat' dir='ltr'>tum</span> 
     </span>
     <span class='ocr_line' id='line_1_20' title="bbox 170 1277 1568 1337; baseline -0.003 -15"><span class='ocrx_word' id='word_1_149' title='bbox 170 1295 342 1337; x_wconf 87' lang='lat' dir='ltr'>quoque</span> <span class='ocrx_word' id='word_1_150' title='bbox 371 1280 468 1322; x_wconf 87' lang='lat' dir='ltr'>faex</span> <span class='ocrx_word' id='word_1_151' title='bbox 497 1279 569 1320; x_wconf 88' lang='lat' dir='ltr'>illa</span> <span class='ocrx_word' id='word_1_152' title='bbox 598 1278 744 1335; x_wconf 92' lang='lat' dir='ltr'>populi</span> <span class='ocrx_word' id='word_1_153' title='bbox 774 1293 851 1335; x_wconf 90' lang='lat' dir='ltr'>per</span> <span class='ocrx_word' id='word_1_154' title='bbox 880 1293 1026 1319; x_wconf 87' lang='lat' dir='ltr'>omnes</span> <span class='ocrx_word' id='word_1_155' title='bbox 1060 1278 1191 1319; x_wconf 90' lang='lat' dir='ltr'>tribus</span> <span class='ocrx_word' id='word_1_156' title='bbox 1223 1293 1312 1319; x_wconf 92' lang='lat' dir='ltr'>sese</span> <span class='ocrx_word' id='word_1_157' title='bbox 1346 1277 1568 1327; x_wconf 87' lang='lat' dir='ltr'>divisisset,</span> 
     </span>
     <span class='ocr_line' id='line_1_21' title="bbox 169 1335 1570 1394; baseline -0.003 -14"><span class='ocrx_word' id='word_1_158' title='bbox 169 1353 348 1394; x_wconf 83' lang='lat' dir='ltr'>eamque</span> <span class='ocrx_word' id='word_1_159' title='bbox 376 1351 516 1379; x_wconf 88' lang='lat' dir='ltr'>rursus</span> <span class='ocrx_word' id='word_1_160' title='bbox 542 1337 734 1393; x_wconf 85' lang='lat' dir='ltr'>redigere</span> <span class='ocrx_word' id='word_1_161' title='bbox 763 1336 808 1377; x_wconf 91' lang='lat' dir='ltr'>in</span> <span class='ocrx_word' id='word_1_162' title='bbox 835 1335 1054 1392; x_wconf 87' lang='lat' dir='ltr'>antiquam</span> <span class='ocrx_word' id='word_1_163' title='bbox 1075 1335 1192 1377; x_wconf 86' lang='lat' dir='ltr'>velut</span> <span class='ocrx_word' id='word_1_164' title='bbox 1212 1335 1355 1377; x_wconf 90' lang='lat' dir='ltr'>sedem</span> <span class='ocrx_word' id='word_1_165' title='bbox 1376 1349 1570 1377; x_wconf 89' lang='lat' dir='ltr'>necessa-</span> 
     </span>
     <span class='ocr_line' id='line_1_22' title="bbox 169 1392 1570 1449; baseline -0.003 -12"><span class='ocrx_word' id='word_1_166' title='bbox 169 1395 280 1437; x_wconf 89' lang='lat' dir='ltr'>rium</span> <span class='ocrx_word' id='word_1_167' title='bbox 300 1394 526 1445; x_wconf 87' lang='lat' dir='ltr'>videretur,</span> <span class='ocrx_word' id='word_1_168' title='bbox 548 1393 763 1436; x_wconf 90' lang='lat' dir='ltr'>nonnullis</span> <span class='ocrx_word' id='word_1_169' title='bbox 790 1402 931 1434; x_wconf 88' lang='lat' dir='ltr'>tamen</span> <span class='ocrx_word' id='word_1_170' title='bbox 958 1393 1049 1435; x_wconf 91' lang='lat' dir='ltr'>eius</span> <span class='ocrx_word' id='word_1_171' title='bbox 1077 1392 1237 1435; x_wconf 87' lang='lat' dir='ltr'>ordinis</span> <span class='ocrx_word' id='word_1_172' title='bbox 1263 1392 1426 1449; x_wconf 79' lang='lat' dir='ltr'>aliquid</span> <span class='ocrx_word' id='word_1_173' title='bbox 1449 1407 1570 1449; x_wconf 84' lang='lat' dir='ltr'>prae-</span> 
     </span>
     <span class='ocr_line' id='line_1_23' title="bbox 138 1450 1714 1510; baseline -0.001 -15"><span class='ocrx_word' id='word_1_174' title='bbox 138 1453 343 1510; x_wconf 89' lang='lat' dir='ltr'>9cipuum</span> <span class='ocrx_word' id='word_1_175' title='bbox 363 1467 608 1494; x_wconf 86' lang='lat' dir='ltr'>concessum</span> <span class='ocrx_word' id='word_1_176' title='bbox 630 1460 730 1492; x_wconf 82' lang='lat' dir='ltr'>erat.</span> <span class='ocrx_word' id='word_1_177' title='bbox 784 1450 897 1492; x_wconf 88' lang='lat' dir='ltr'>Nam</span> <span class='ocrx_word' id='word_1_178' title='bbox 919 1451 970 1492; x_wconf 91' lang='lat' dir='ltr'>ab</span> <span class='ocrx_word' id='word_1_179' title='bbox 992 1450 1073 1492; x_wconf 91' lang='lat' dir='ltr'>illis</span> <span class='ocrx_word' id='word_1_180' title='bbox 1093 1450 1356 1507; x_wconf 88' lang='lat' dir='ltr'>censoribus]</span> <span class='ocrx_word' id='word_1_181' title='bbox 1380 1450 1426 1491; x_wconf 90' lang='lat' dir='ltr'>in</span> <span class='ocrx_word' id='word_1_182' title='bbox 1447 1458 1568 1506; x_wconf 89' lang='lat' dir='ltr'>quat·</span> <span class='ocrx_word' id='word_1_183' title='bbox 1649 1454 1714 1493; x_wconf 91' lang='lat'>15.</span> 
     </span>
     <span class='ocr_line' id='line_1_24' title="bbox 170 1508 1567 1565; baseline -0.002 -13"><span class='ocrx_word' id='word_1_184' title='bbox 170 1519 267 1552; x_wconf 91' lang='lat' dir='ltr'>tuor</span> <span class='ocrx_word' id='word_1_185' title='bbox 298 1511 477 1552; x_wconf 88' lang='lat' dir='ltr'>urbanas</span> <span class='ocrx_word' id='word_1_186' title='bbox 508 1510 641 1551; x_wconf 89' lang='lat' dir='ltr'>tribus</span> <span class='ocrx_word' id='word_1_187' title='bbox 673 1508 873 1565; x_wconf 90' lang='lat' dir='ltr'>descripti</span> <span class='ocrx_word' id='word_1_188' title='bbox 905 1516 1024 1550; x_wconf 87' lang='lat' dir='ltr'>erant</span> <span class='ocrx_word' id='word_1_189' title='bbox 1055 1508 1254 1558; x_wconf 90' lang='lat' dir='ltr'>libertini,</span> <span class='ocrx_word' id='word_1_190' title='bbox 1286 1517 1452 1565; x_wconf 89' lang='lat' dir='ltr'>praeter</span> <span class='ocrx_word' id='word_1_191' title='bbox 1483 1522 1567 1557; x_wconf 92' lang='lat' dir='ltr'>eos,</span> 
     </span>
     <span class='ocr_line' id='line_1_25' title="bbox 141 1565 1571 1629; baseline -0.001 -20"><span class='ocrx_word' id='word_1_192' title='bbox 141 1565 325 1629; x_wconf 52' lang='lat' dir='ltr'>ssquibus</span> <span class='ocrx_word' id='word_1_193' title='bbox 345 1567 455 1608; x_wconf 88' lang='lat' dir='ltr'>filius</span> <span class='ocrx_word' id='word_1_194' title='bbox 476 1567 745 1623; x_wconf 91' lang='lat' dir='ltr'>quinquenni</span> <span class='ocrx_word' id='word_1_195' title='bbox 767 1566 899 1607; x_wconf 88' lang='lat' dir='ltr'>maior</span> <span class='ocrx_word' id='word_1_196' title='bbox 918 1581 972 1607; x_wconf 90' lang='lat' dir='ltr'>ex</span> <span class='ocrx_word' id='word_1_197' title='bbox 994 1581 1036 1607; x_wconf 91' lang='lat' dir='ltr'>se</span> <span class='ocrx_word' id='word_1_198' title='bbox 1058 1574 1182 1607; x_wconf 86' lang='lat' dir='ltr'>natus</span> <span class='ocrx_word' id='word_1_199' title='bbox 1203 1574 1322 1607; x_wconf 89' lang='lat' dir='ltr'>esset.</span> <span class='ocrx_word' id='word_1_200' title='bbox 1376 1565 1475 1615; x_wconf 91' lang='lat' dir='ltr'>Eos,</span> <span class='ocrx_word' id='word_1_201' title='bbox 1497 1565 1571 1607; x_wconf 94' lang='lat' dir='ltr'>ubi</span> 
     </span>
     <span class='ocr_line' id='line_1_26' title="bbox 141 1622 1571 1682; baseline -0.001 -16"><span class='ocrx_word' id='word_1_202' title='bbox 141 1626 364 1682; x_wconf 84' lang='lat' dir='ltr'>3proximo</span> <span class='ocrx_word' id='word_1_203' title='bbox 389 1624 519 1666; x_wconf 87' lang='lat' dir='ltr'>lustro</span> <span class='ocrx_word' id='word_1_204' title='bbox 545 1624 659 1666; x_wconf 91' lang='lat' dir='ltr'>censi</span> <span class='ocrx_word' id='word_1_205' title='bbox 685 1632 837 1673; x_wconf 87' lang='lat' dir='ltr'>essent,</span> <span class='ocrx_word' id='word_1_206' title='bbox 860 1623 1021 1664; x_wconf 88' lang='lat' dir='ltr'>censeri</span> <span class='ocrx_word' id='word_1_207' title='bbox 1049 1623 1285 1665; x_wconf 89' lang='lat' dir='ltr'>iusserunt:</span> <span class='ocrx_word' id='word_1_208' title='bbox 1319 1631 1363 1664; x_wconf 91' lang='lat' dir='ltr'>et</span> <span class='ocrx_word' id='word_1_209' title='bbox 1389 1638 1474 1673; x_wconf 90' lang='lat' dir='ltr'>eos,</span> <span class='ocrx_word' id='word_1_210' title='bbox 1497 1622 1571 1679; x_wconf 92' lang='lat' dir='ltr'>qui</span> 
     </span>
     <span class='ocr_line' id='line_1_27' title="bbox 141 1679 1572 1738; baseline -0.003 -14"><span class='ocrx_word' id='word_1_211' title='bbox 141 1705 161 1732; x_wconf 82' lang='lat'>4</span> <span class='ocrx_word' id='word_1_212' title='bbox 203 1682 391 1724; x_wconf 88' lang='lat' dir='ltr'>raedium</span> <span class='ocrx_word' id='word_1_213' title='bbox 421 1681 642 1738; x_wconf 83' lang='lat' dir='ltr'>praediave</span> <span class='ocrx_word' id='word_1_214' title='bbox 674 1681 828 1722; x_wconf 87' lang='lat' dir='ltr'>rustica</span> <span class='ocrx_word' id='word_1_215' title='bbox 853 1680 985 1736; x_wconf 91' lang='lat' dir='ltr'>pluris</span> <span class='ocrx_word' id='word_1_216' title='bbox 1012 1681 1249 1722; x_wconf 90' lang='lat' dir='ltr'>sestertium</span> <span class='ocrx_word' id='word_1_217' title='bbox 1276 1680 1448 1736; x_wconf 85' lang='lat' dir='ltr'>triginta</span> <span class='ocrx_word' id='word_1_218' title='bbox 1477 1679 1572 1721; x_wconf 91' lang='lat' dir='ltr'>mil-</span> 
     </span>
     <span class='ocr_line' id='line_1_28' title="bbox 140 1736 1572 1794; baseline -0.003 -12"><span class='ocrx_word' id='word_1_219' title='bbox 140 1759 159 1790; x_wconf 75' lang='grc'><em>5</em></span> <span class='ocrx_word' id='word_1_220' title='bbox 188 1741 276 1782; x_wconf 91' lang='lat' dir='ltr'>ium</span> <span class='ocrx_word' id='word_1_221' title='bbox 307 1739 524 1789; x_wconf 87' lang='lat' dir='ltr'>haberent,</span> <span class='ocrx_word' id='word_1_222' title='bbox 556 1738 757 1780; x_wconf 89' lang='lat' dir='ltr'>censendi</span> <span class='ocrx_word' id='word_1_223' title='bbox 793 1738 857 1779; x_wconf 87' lang='lat' dir='ltr'>ius</span> <span class='ocrx_word' id='word_1_224' title='bbox 892 1737 1050 1779; x_wconf 86' lang='lat' dir='ltr'>factum</span> <span class='ocrx_word' id='word_1_225' title='bbox 1080 1746 1154 1779; x_wconf 89' lang='lat' dir='ltr'>est.</span> <span class='ocrx_word' id='word_1_226' title='bbox 1218 1736 1315 1779; x_wconf 92' lang='lat' dir='ltr'>Hoc</span> <span class='ocrx_word' id='word_1_227' title='bbox 1344 1751 1476 1794; x_wconf 91' lang='lat' dir='ltr'>quum</span> <span class='ocrx_word' id='word_1_228' title='bbox 1512 1737 1572 1779; x_wconf 85' lang='lat' dir='ltr'>ita</span> 
     </span>
    </p>
   </div>
   <div class='ocr_carea' id='block_1_3' title="bbox 216 1844 849 1896">
    <p class='ocr_par' dir='ltr' id='par_1_3' title="bbox 216 1844 849 1896">
     <span class='ocr_line' id='line_1_29' title="bbox 216 1844 849 1896; baseline -0.006 -17"><span class='ocrx_word' id='word_1_229' title='bbox 216 1858 237 1890; x_wconf 92' lang='lat'>9</span> <span class='ocrx_word' id='word_1_230' title='bbox 259 1850 302 1896; x_wconf 65' lang='lat'>¹5²</span> <span class='ocrx_word' id='word_1_231' title='bbox 321 1851 475 1889; x_wconf 76' lang='lat' dir='ltr'>qtmttuor</span> <span class='ocrx_word' id='word_1_232' title='bbox 495 1847 641 1877; x_wconf 78' lang='lat' dir='ltr'>urbanus</span> <span class='ocrx_word' id='word_1_233' title='bbox 662 1844 782 1885; x_wconf 69' lang='lat' dir='ltr'>tribus]</span> <span class='ocrx_word' id='word_1_234' title='bbox 809 1845 849 1875; x_wconf 84' lang='lat' dir='ltr'>cf.</span> 
     </span>
    </p>
   </div>
   <div class='ocr_carea' id='block_1_4' title="bbox 174 1843 1572 1931">
    <p class='ocr_par' dir='ltr' id='par_1_4' title="bbox 174 1843 1572 1931">
     <span class='ocr_line' id='line_1_30' title="bbox 896 1843 1572 1884; baseline 0.001 -10"><span class='ocrx_word' id='word_1_235' title='bbox 896 1843 948 1874; x_wconf 66' lang='lat' dir='ltr'>vix</span> <span class='ocrx_word' id='word_1_236' title='bbox 967 1844 1063 1874; x_wconf 83' lang='lat' dir='ltr'>aliter</span> <span class='ocrx_word' id='word_1_237' title='bbox 1081 1848 1229 1875; x_wconf 86' lang='lat' dir='ltr'>constare</span> <span class='ocrx_word' id='word_1_238' title='bbox 1251 1854 1355 1884; x_wconf 82' lang='lat' dir='ltr'>posse,</span> <span class='ocrx_word' id='word_1_239' title='bbox 1371 1854 1469 1884; x_wconf 87' lang='lat' dir='ltr'>quam</span> <span class='ocrx_word' id='word_1_240' title='bbox 1486 1844 1511 1875; x_wconf 86' lang='lat' dir='ltr'>si</span> <span class='ocrx_word' id='word_1_241' title='bbox 1529 1844 1572 1876; x_wconf 90' lang='lat' dir='ltr'>le-</span> 
     </span>
     <span class='ocr_line' id='line_1_31' title="bbox 174 1888 388 1931; baseline -0.009 -9"><span class='ocrx_word' id='word_1_242' title='bbox 174 1901 259 1931; x_wconf 85' lang='lat' dir='ltr'>supr.</span> <span class='ocrx_word' id='word_1_243' title='bbox 277 1900 320 1921; x_wconf 76' lang='lat' dir='ltr'>xx.</span> <span class='ocrx_word' id='word_1_244' title='bbox 337 1888 388 1928; x_wconf 80' lang='lat'>46.</span> 
     </span>
    </p>
   </div>
   <div class='ocr_carea' id='block_1_5' title="bbox 894 1888 1572 1926">
    <p class='ocr_par' dir='ltr' id='par_1_5' title="bbox 894 1888 1572 1926">
     <span class='ocr_line' id='line_1_32' title="bbox 894 1888 1572 1926; baseline 0.003 -10"><span class='ocrx_word' id='word_1_245' title='bbox 894 1897 1019 1926; x_wconf 81' lang='lat' dir='ltr'>gamus,</span> <span class='ocrx_word' id='word_1_246' title='bbox 1039 1889 1075 1917; x_wconf 82' lang='lat' dir='ltr'>in</span> <span class='ocrx_word' id='word_1_247' title='bbox 1098 1888 1246 1917; x_wconf 75' lang='lat' dir='ltr'>tribubus</span> <span class='ocrx_word' id='word_1_248' title='bbox 1269 1889 1399 1918; x_wconf 75' lang='lat' dir='ltr'>rusticis</span> <span class='ocrx_word' id='word_1_249' title='bbox 1421 1889 1572 1919; x_wconf 74' lang='lat' dir='ltr'>censendi</span> 
     </span>
    </p>
   </div>
   <div class='ocr_carea' id='block_1_6' title="bbox 174 1929 858 2950">
    <p class='ocr_par' dir='ltr' id='par_1_6' title="bbox 174 1929 855 2312">
     <span class='ocr_line' id='line_1_33' title="bbox 221 1929 850 1970; baseline -0.008 -6"><span class='ocrx_word' id='word_1_250' title='bbox 221 1943 232 1964; x_wconf 88' lang='lat'>1</span> <span class='ocrx_word' id='word_1_251' title='bbox 259 1934 315 1963; x_wconf 80' lang='grc' dir='ltr'>Ε.ι·</span> <span class='ocrx_word' id='word_1_252' title='bbox 337 1943 371 1963; x_wconf 77' lang='lat' dir='ltr'>se</span> <span class='ocrx_word' id='word_1_253' title='bbox 393 1936 492 1962; x_wconf 67' lang='lat' dir='ltr'>natus</span> <span class='ocrx_word' id='word_1_254' title='bbox 513 1929 609 1970; x_wconf 78' lang='lat' dir='ltr'>esset]</span> <span class='ocrx_word' id='word_1_255' title='bbox 646 1930 699 1960; x_wconf 84' lang='lat' dir='ltr'>Ita</span> <span class='ocrx_word' id='word_1_256' title='bbox 721 1939 850 1969; x_wconf 88' lang='lat' dir='ltr'>quoque</span> 
     </span>
     <span class='ocr_line' id='line_1_34' title="bbox 175 1974 850 2014; baseline -0.009 -6"><span class='ocrx_word' id='word_1_257' title='bbox 175 1976 347 2008; x_wconf 81' lang='lat' dir='ltr'>Bekkerus</span> <span class='ocrx_word' id='word_1_258' title='bbox 359 1985 416 2014; x_wconf 89' lang='lat' dir='ltr'>pro</span> <span class='ocrx_word' id='word_1_259' title='bbox 428 1974 512 2013; x_wconf 79' lang='lat' dir='ltr'>vulg.</span> <span class='ocrx_word' id='word_1_260' title='bbox 525 1984 565 2004; x_wconf 61' lang='lat' dir='ltr'>ea*</span> <span class='ocrx_word' id='word_1_261' title='bbox 576 1974 850 2004; x_wconf 66' lang='lat' dir='ltr'>senatusconsulto</span> 
     </span>
     <span class='ocr_line' id='line_1_35' title="bbox 174 2015 850 2058; baseline -0.01 -7"><span class='ocrx_word' id='word_1_262' title='bbox 174 2024 265 2057; x_wconf 73' lang='lat' dir='ltr'>esset,</span> <span class='ocrx_word' id='word_1_263' title='bbox 288 2018 375 2058; x_wconf 90' lang='lat' dir='ltr'>quod</span> <span class='ocrx_word' id='word_1_264' title='bbox 403 2017 490 2047; x_wconf 85' lang='lat' dir='ltr'>haud</span> <span class='ocrx_word' id='word_1_265' title='bbox 514 2015 612 2046; x_wconf 87' lang='lat' dir='ltr'>dubie</span> <span class='ocrx_word' id='word_1_266' title='bbox 636 2016 850 2055; x_wconf 80' lang='lat' dir='ltr'>depravatum</span> 
     </span>
     <span class='ocr_line' id='line_1_36' title="bbox 220 2099 850 2143; baseline -0.006 -9"><span class='ocrx_word' id='word_1_267' title='bbox 220 2113 238 2134; x_wconf 85' lang='lat'>2</span> <span class='ocrx_word' id='word_1_268' title='bbox 265 2103 481 2143; x_wconf 71' lang='lat' dir='ltr'>Ubiprooeimo</span> <span class='ocrx_word' id='word_1_269' title='bbox 490 2099 607 2140; x_wconf 76' lang='lat' dir='ltr'>lustro]</span> <span class='ocrx_word' id='word_1_270' title='bbox 627 2110 670 2131; x_wconf 87' lang='lat' dir='ltr'>sc.</span> <span class='ocrx_word' id='word_1_271' title='bbox 679 2100 756 2136; x_wconf 83' lang='lat' dir='ltr'>Quo</span> <span class='ocrx_word' id='word_1_272' title='bbox 767 2100 850 2137; x_wconf 86' lang='lat' dir='ltr'>loco,</span> 
     </span>
     <span class='ocr_line' id='line_1_37' title="bbox 176 2141 852 2186; baseline -0.009 -8"><span class='ocrx_word' id='word_1_273' title='bbox 176 2151 213 2178; x_wconf 85' lang='lat' dir='ltr'>ut</span> <span class='ocrx_word' id='word_1_274' title='bbox 236 2156 322 2186; x_wconf 85' lang='lat' dir='ltr'>supr.</span> <span class='ocrx_word' id='word_1_275' title='bbox 348 2144 481 2176; x_wconf 79' lang='lat' dir='ltr'>xxxviii.</span> <span class='ocrx_word' id='word_1_276' title='bbox 503 2145 552 2175; x_wconf 78' lang='lat'>28.</span> <span class='ocrx_word' id='word_1_277' title='bbox 573 2147 605 2174; x_wconf 85' lang='lat' dir='ltr'>et</span> <span class='ocrx_word' id='word_1_278' title='bbox 624 2141 674 2182; x_wconf 84' lang='lat'>36.</span> <span class='ocrx_word' id='word_1_279' title='bbox 696 2153 736 2173; x_wconf 92' lang='lat' dir='ltr'>ex</span> <span class='ocrx_word' id='word_1_280' title='bbox 761 2153 852 2173; x_wconf 85' lang='lat' dir='ltr'>sena-</span> 
     </span>
     <span class='ocr_line' id='line_1_38' title="bbox 176 2187 853 2225; baseline -0.007 -5"><span class='ocrx_word' id='word_1_281' title='bbox 176 2188 390 2225; x_wconf 86' lang='lat' dir='ltr'>tusconsulto,</span> <span class='ocrx_word' id='word_1_282' title='bbox 428 2188 482 2217; x_wconf 79' lang='lat' dir='ltr'>ubi</span> <span class='ocrx_word' id='word_1_283' title='bbox 519 2190 728 2217; x_wconf 75' lang='lat' dir='ltr'>censerentur</span> <span class='ocrx_word' id='word_1_284' title='bbox 762 2187 853 2216; x_wconf 77' lang='lat' dir='ltr'>Cam-</span> 
     </span>
     <span class='ocr_line' id='line_1_39' title="bbox 174 2227 855 2272; baseline -0.006 -10"><span class='ocrx_word' id='word_1_285' title='bbox 174 2232 270 2272; x_wconf 81' lang='lat' dir='ltr'>pani,</span> <span class='ocrx_word' id='word_1_286' title='bbox 284 2231 410 2262; x_wconf 85' lang='lat' dir='ltr'>Romae</span> <span class='ocrx_word' id='word_1_287' title='bbox 426 2229 657 2265; x_wconf 81' lang='lat' dir='ltr'>censebantur;</span> <span class='ocrx_word' id='word_1_288' title='bbox 682 2228 732 2258; x_wconf 75' lang='lat' dir='ltr'>vel</span> <span class='ocrx_word' id='word_1_289' title='bbox 744 2227 777 2258; x_wconf 90' lang='lat' dir='ltr'>in</span> <span class='ocrx_word' id='word_1_290' title='bbox 791 2237 855 2267; x_wconf 82' lang='lat' dir='ltr'>qua</span> 
     </span>
     <span class='ocr_line' id='line_1_40' title="bbox 177 2272 768 2312; baseline -0.007 -8"><span class='ocrx_word' id='word_1_291' title='bbox 177 2274 275 2311; x_wconf 81' lang='lat' dir='ltr'>tribu,</span> <span class='ocrx_word' id='word_1_292' title='bbox 292 2277 327 2304; x_wconf 83' lang='lat' dir='ltr'>ut</span> <span class='ocrx_word' id='word_1_293' title='bbox 342 2283 428 2312; x_wconf 86' lang='lat' dir='ltr'>supr.</span> <span class='ocrx_word' id='word_1_294' title='bbox 441 2282 516 2303; x_wconf 83' lang='lat' dir='ltr'>xxv.</span> <span class='ocrx_word' id='word_1_295' title='bbox 533 2280 562 2309; x_wconf 83' lang='lat'>3.</span> <span class='ocrx_word' id='word_1_296' title='bbox 574 2272 630 2301; x_wconf 82' lang='lat' dir='ltr'>ubi</span> <span class='ocrx_word' id='word_1_297' title='bbox 646 2272 768 2301; x_wconf 78' lang='lat' dir='ltr'>Latini.</span> 
     </span>
    </p>

    <p class='ocr_par' dir='ltr' id='par_1_7' title="bbox 178 2313 856 2567">
     <span class='ocr_line' id='line_1_41' title="bbox 221 2313 856 2355; baseline -0.009 -7"><span class='ocrx_word' id='word_1_298' title='bbox 221 2325 239 2355; x_wconf 82' lang='lat'>3</span> <span class='ocrx_word' id='word_1_299' title='bbox 264 2317 396 2347; x_wconf 57' lang='lat' dir='ltr'>(wer-¹</span> <span class='ocrx_word' id='word_1_300' title='bbox 421 2313 603 2354; x_wconf 75' lang='lat' dir='ltr'>iusserunt]</span> <span class='ocrx_word' id='word_1_301' title='bbox 637 2314 731 2344; x_wconf 86' lang='lat' dir='ltr'>Haec</span> <span class='ocrx_word' id='word_1_302' title='bbox 759 2313 856 2343; x_wconf 77' lang='lat' dir='ltr'>verba</span> 
     </span>
     <span class='ocr_line' id='line_1_42' title="bbox 178 2356 855 2398; baseline -0.006 -8"><span class='ocrx_word' id='word_1_303' title='bbox 178 2360 219 2390; x_wconf 85' lang='lat' dir='ltr'>de</span> <span class='ocrx_word' id='word_1_304' title='bbox 232 2358 416 2389; x_wconf 80' lang='lat' dir='ltr'>censoribus</span> <span class='ocrx_word' id='word_1_305' title='bbox 432 2357 544 2398; x_wconf 88' lang='lat' dir='ltr'>prioris</span> <span class='ocrx_word' id='word_1_306' title='bbox 557 2356 659 2393; x_wconf 78' lang='lat' dir='ltr'>lustri,</span> <span class='ocrx_word' id='word_1_307' title='bbox 675 2366 717 2387; x_wconf 84' lang='lat' dir='ltr'>sc.</span> <span class='ocrx_word' id='word_1_308' title='bbox 731 2356 769 2387; x_wconf 88' lang='lat' dir='ltr'>C.</span> <span class='ocrx_word' id='word_1_309' title='bbox 782 2356 855 2386; x_wconf 85' lang='lat' dir='ltr'>Fla·</span> 
     </span>
     <span class='ocr_line' id='line_1_43' title="bbox 178 2398 855 2436; baseline -0.004 -4"><span class='ocrx_word' id='word_1_310' title='bbox 178 2401 278 2432; x_wconf 87' lang='lat' dir='ltr'>minio</span> <span class='ocrx_word' id='word_1_311' title='bbox 289 2405 320 2432; x_wconf 79' lang='lat' dir='ltr'>et</span> <span class='ocrx_word' id='word_1_312' title='bbox 334 2399 541 2436; x_wconf 76' lang='lat' dir='ltr'>M.Aemili‹‚,</span> <span class='ocrx_word' id='word_1_313' title='bbox 552 2399 703 2436; x_wconf 72' lang='lat' dir='ltr'>intelligit</span> <span class='ocrx_word' id='word_1_314' title='bbox 713 2398 855 2430; x_wconf 82' lang='lat' dir='ltr'>Crevier.</span> 
     </span>
     <span class='ocr_line' id='line_1_44' title="bbox 179 2441 856 2484; baseline -0.007 -8"><span class='ocrx_word' id='word_1_315' title='bbox 179 2444 326 2484; x_wconf 79' lang='lat' dir='ltr'>Tempus</span> <span class='ocrx_word' id='word_1_316' title='bbox 345 2448 453 2474; x_wconf 75' lang='lat' dir='ltr'>autem</span> <span class='ocrx_word' id='word_1_317' title='bbox 482 2441 567 2473; x_wconf 83' lang='lat' dir='ltr'>verbi</span> <span class='ocrx_word' id='word_1_318' title='bbox 590 2443 741 2481; x_wconf 72' lang='lat' dir='ltr'>descripti</span> <span class='ocrx_word' id='word_1_319' title='bbox 761 2445 856 2472; x_wconf 79' lang='lat' dir='ltr'>erant</span> 
     </span>
     <span class='ocr_line' id='line_1_45' title="bbox 178 2485 854 2522; baseline -0.007 -4"><span class='ocrx_word' id='word_1_320' title='bbox 178 2488 218 2518; x_wconf 78' lang='lat' dir='ltr'>ad</span> <span class='ocrx_word' id='word_1_321' title='bbox 243 2488 287 2522; x_wconf 64' lang='lat' dir='ltr'>Q„</span> <span class='ocrx_word' id='word_1_322' title='bbox 306 2486 397 2516; x_wconf 71' lang='lat' dir='ltr'>Fabii</span> <span class='ocrx_word' id='word_1_323' title='bbox 422 2485 561 2516; x_wconf 77' lang='lat' dir='ltr'>Maximi</span> <span class='ocrx_word' id='word_1_324' title='bbox 585 2494 753 2515; x_wconf 74' lang='lat' dir='ltr'>censuram</span> <span class='ocrx_word' id='word_1_325' title='bbox 777 2485 854 2514; x_wconf 87' lang='lat' dir='ltr'>refe-</span> 
     </span>
     <span class='ocr_line' id='line_1_46' title="bbox 178 2526 627 2567; baseline -0.009 -6"><span class='ocrx_word' id='word_1_326' title='bbox 178 2530 314 2561; x_wconf 85' lang='lat' dir='ltr'>rendum</span> <span class='ocrx_word' id='word_1_327' title='bbox 332 2532 388 2559; x_wconf 85' lang='lat' dir='ltr'>est.</span> <span class='ocrx_word' id='word_1_328' title='bbox 413 2538 498 2567; x_wconf 80' lang='lat' dir='ltr'>supr.</span> <span class='ocrx_word' id='word_1_329' title='bbox 515 2527 558 2558; x_wconf 88' lang='lat' dir='ltr'>ix.</span> <span class='ocrx_word' id='word_1_330' title='bbox 576 2526 627 2564; x_wconf 82' lang='lat'>46.</span> 
     </span>
    </p>

    <p class='ocr_par' dir='ltr' id='par_1_8' title="bbox 183 2569 858 2858">
     <span class='ocr_line' id='line_1_47' title="bbox 223 2569 855 2611; baseline -0.009 -7"><span class='ocrx_word' id='word_1_331' title='bbox 223 2584 243 2611; x_wconf 88' lang='grc'><strong>4</strong></span> <span class='ocrx_word' id='word_1_332' title='bbox 263 2573 450 2603; x_wconf 75' lang='lat' dir='ltr'>Sestertium</span> <span class='ocrx_word' id='word_1_333' title='bbox 465 2572 599 2609; x_wconf 73' lang='lat' dir='ltr'>triyinla</span> <span class='ocrx_word' id='word_1_334' title='bbox 613 2569 766 2609; x_wconf 82' lang='lat' dir='ltr'>millium]</span> <span class='ocrx_word' id='word_1_335' title='bbox 785 2569 816 2599; x_wconf 88' lang='lat' dir='ltr'>h.</span> <span class='ocrx_word' id='word_1_336' title='bbox 828 2579 855 2599; x_wconf 85' lang='lat' dir='ltr'>e.</span> 
     </span>
     <span class='ocr_line' id='line_1_48' title="bbox 183 2613 855 2653; baseline -0.007 -7"><span class='ocrx_word' id='word_1_337' title='bbox 183 2615 251 2652; x_wconf 79' lang='lat' dir='ltr'>Qui</span> <span class='ocrx_word' id='word_1_338' title='bbox 269 2625 400 2646; x_wconf 80' lang='lat' dir='ltr'>censum</span> <span class='ocrx_word' id='word_1_339' title='bbox 414 2623 510 2653; x_wconf 78' lang='lat' dir='ltr'>supra</span> <span class='ocrx_word' id='word_1_340' title='bbox 521 2613 663 2652; x_wconf 81' lang='lat' dir='ltr'>quinque</span> <span class='ocrx_word' id='word_1_341' title='bbox 680 2618 711 2642; x_wconf 87' lang='lat' dir='ltr'>et</span> <span class='ocrx_word' id='word_1_342' title='bbox 728 2616 855 2652; x_wconf 76' lang='lat' dir='ltr'>septua-</span> 
     </span>
     <span class='ocr_line' id='line_1_49' title="bbox 184 2655 855 2698; baseline -0.007 -9"><span class='ocrx_word' id='word_1_343' title='bbox 184 2658 274 2698; x_wconf 70' lang='lat' dir='ltr'>ginta</span> <span class='ocrx_word' id='word_1_344' title='bbox 290 2657 393 2688; x_wconf 73' lang='lat' dir='ltr'>millia</span> <span class='ocrx_word' id='word_1_345' title='bbox 406 2656 487 2686; x_wconf 75' lang='lat' dir='ltr'>acris</span> <span class='ocrx_word' id='word_1_346' title='bbox 504 2655 671 2691; x_wconf 78' lang='lat' dir='ltr'>baberent,</span> <span class='ocrx_word' id='word_1_347' title='bbox 683 2666 746 2694; x_wconf 88' lang='lat' dir='ltr'>quo</span> <span class='ocrx_word' id='word_1_348' title='bbox 757 2665 855 2685; x_wconf 80' lang='lat' dir='ltr'>censu</span> 
     </span>
     <span class='ocr_line' id='line_1_50' title="bbox 183 2697 857 2732; baseline -0.009 0"><span class='ocrx_word' id='word_1_349' title='bbox 183 2702 355 2732; x_wconf 67' lang='lat' dir='ltr'>secundam</span> <span class='ocrx_word' id='word_1_350' title='bbox 371 2701 500 2729; x_wconf 64' lang='lat' dir='ltr'>clam-m</span> <span class='ocrx_word' id='word_1_351' title='bbox 513 2698 624 2728; x_wconf 73' lang='lat' dir='ltr'>ordino</span> <span class='ocrx_word' id='word_1_352' title='bbox 642 2697 795 2728; x_wconf 70' lang='lat' dir='ltr'>Serviano</span> <span class='ocrx_word' id='word_1_353' title='bbox 811 2698 857 2727; x_wconf 84' lang='lat' dir='ltr'>fu-</span> 
     </span>
     <span class='ocr_line' id='line_1_51' title="bbox 183 2739 858 2780; baseline -0.007 -6"><span class='ocrx_word' id='word_1_354' title='bbox 183 2742 244 2774; x_wconf 81' lang='lat' dir='ltr'>isse</span> <span class='ocrx_word' id='word_1_355' title='bbox 254 2748 367 2774; x_wconf 77' lang='lat' dir='ltr'>auctor</span> <span class='ocrx_word' id='word_1_356' title='bbox 377 2747 424 2772; x_wconf 76' lang='lat' dir='ltr'>est</span> <span class='ocrx_word' id='word_1_357' title='bbox 440 2742 492 2772; x_wconf 68' lang='lat' dir='ltr'>Lix</span> <span class='ocrx_word' id='word_1_358' title='bbox 503 2741 550 2771; x_wconf 78' lang='lat' dir='ltr'>ius</span> <span class='ocrx_word' id='word_1_359' title='bbox 566 2751 651 2780; x_wconf 81' lang='lat' dir='ltr'>supr.</span> <span class='ocrx_word' id='word_1_360' title='bbox 669 2740 688 2771; x_wconf 93' lang='lat' dir='ltr'>i.</span> <span class='ocrx_word' id='word_1_361' title='bbox 703 2749 751 2777; x_wconf 78' lang='lat'>43.</span> <span class='ocrx_word' id='word_1_362' title='bbox 794 2739 858 2770; x_wconf 87' lang='lat' dir='ltr'>Ve-</span> 
     </span>
     <span class='ocr_line' id='line_1_52' title="bbox 183 2783 857 2823; baseline -0.006 -7"><span class='ocrx_word' id='word_1_363' title='bbox 183 2795 252 2816; x_wconf 83' lang='lat' dir='ltr'>rum</span> <span class='ocrx_word' id='word_1_364' title='bbox 267 2785 329 2816; x_wconf 76' lang='lat' dir='ltr'>iam</span> <span class='ocrx_word' id='word_1_365' title='bbox 344 2796 407 2815; x_wconf 84' lang='lat' dir='ltr'>non</span> <span class='ocrx_word' id='word_1_366' title='bbox 419 2784 562 2823; x_wconf 74' lang='lat' dir='ltr'>amplius</span> <span class='ocrx_word' id='word_1_367' title='bbox 572 2785 667 2819; x_wconf 65' lang='lat' dir='ltr'>acris,</span> <span class='ocrx_word' id='word_1_368' title='bbox 680 2783 735 2813; x_wconf 80' lang='lat' dir='ltr'>sed</span> <span class='ocrx_word' id='word_1_369' title='bbox 746 2787 857 2814; x_wconf 70' lang='lat' dir='ltr'>sester-</span> 
     </span>
     <span class='ocr_line' id='line_1_53' title="bbox 184 2827 658 2858; baseline 0 -2"><span class='ocrx_word' id='word_1_370' title='bbox 184 2829 263 2858; x_wconf 79' lang='lat' dir='ltr'>tium</span> <span class='ocrx_word' id='word_1_371' title='bbox 279 2827 381 2858; x_wconf 80' lang='lat' dir='ltr'>millin</span> <span class='ocrx_word' id='word_1_372' title='bbox 397 2827 658 2857; x_wconf 75' lang='lat' dir='ltr'>numerabantur.</span> 
     </span>
    </p>

    <p class='ocr_par' dir='ltr' id='par_1_9' title="bbox 187 2868 856 2950">
     <span class='ocr_line' id='line_1_54' title="bbox 229 2868 856 2908; baseline -0.003 -8"><span class='ocrx_word' id='word_1_373' title='bbox 229 2878 246 2906; x_wconf 74' lang='grc'><strong><em>5</em></strong></span> <span class='ocrx_word' id='word_1_374' title='bbox 270 2871 427 2901; x_wconf 64' lang='lat' dir='ltr'>‘&#39;en-uendi</span> <span class='ocrx_word' id='word_1_375' title='bbox 447 2871 497 2899; x_wconf 68' lang='lat' dir='ltr'>ius</span> <span class='ocrx_word' id='word_1_376' title='bbox 509 2871 638 2908; x_wconf 79' lang='lat' dir='ltr'>suctum</span> <span class='ocrx_word' id='word_1_377' title='bbox 655 2869 718 2906; x_wconf 56' lang='lat' dir='ltr'>call</span> <span class='ocrx_word' id='word_1_378' title='bbox 744 2868 856 2899; x_wconf 79' lang='lat' dir='ltr'>Credi-</span> 
     </span>
     <span class='ocr_line' id='line_1_55' title="bbox 187 2911 855 2950; baseline -0.001 -9"><span class='ocrx_word' id='word_1_379' title='bbox 187 2922 258 2942; x_wconf 80' lang='lat' dir='ltr'>mus</span> <span class='ocrx_word' id='word_1_380' title='bbox 279 2911 330 2941; x_wconf 81' lang='lat' dir='ltr'>hic</span> <span class='ocrx_word' id='word_1_381' title='bbox 350 2911 472 2950; x_wconf 68' lang='lat' dir='ltr'>aliquid</span> <span class='ocrx_word' id='word_1_382' title='bbox 492 2911 658 2944; x_wconf 71' lang='lat' dir='ltr'>excidisse..</span> <span class='ocrx_word' id='word_1_383' title='bbox 677 2917 707 2941; x_wconf 84' lang='lat' dir='ltr'>et</span> <span class='ocrx_word' id='word_1_384' title='bbox 728 2921 855 2940; x_wconf 75' lang='lat' dir='ltr'>sensum</span> 
     </span>
    </p>
   </div>
   <div class='ocr_carea' id='block_1_7' title="bbox 895 1929 1579 2898">
    <p class='ocr_par' dir='ltr' id='par_1_10' title="bbox 895 1929 1579 2898">
     <span class='ocr_line' id='line_1_56' title="bbox 895 1929 1572 1968; baseline 0.004 -10"><span class='ocrx_word' id='word_1_385' title='bbox 895 1930 946 1959; x_wconf 82' lang='lat' dir='ltr'>ius</span> <span class='ocrx_word' id='word_1_386' title='bbox 955 1930 1085 1968; x_wconf 79' lang='lat' dir='ltr'>sactum</span> <span class='ocrx_word' id='word_1_387' title='bbox 1100 1934 1156 1960; x_wconf 79' lang='lat' dir='ltr'>est.</span> <span class='ocrx_word' id='word_1_388' title='bbox 1204 1929 1292 1960; x_wconf 79' lang='lat' dir='ltr'>Nam</span> <span class='ocrx_word' id='word_1_389' title='bbox 1314 1930 1350 1960; x_wconf 88' lang='lat' dir='ltr'>L.</span> <span class='ocrx_word' id='word_1_390' title='bbox 1366 1930 1517 1967; x_wconf 84' lang='lat' dir='ltr'>Aemilio,</span> <span class='ocrx_word' id='word_1_391' title='bbox 1533 1930 1572 1962; x_wconf 91' lang='lat' dir='ltr'>C.</span> 
     </span>
     <span class='ocr_line' id='line_1_57' title="bbox 896 1971 1574 2011; baseline 0.001 -10"><span class='ocrx_word' id='word_1_392' title='bbox 896 1971 1059 2002; x_wconf 79' lang='lat' dir='ltr'>Flaminio</span> <span class='ocrx_word' id='word_1_393' title='bbox 1093 1972 1289 2009; x_wconf 77' lang='lat' dir='ltr'>censoribus,</span> <span class='ocrx_word' id='word_1_394' title='bbox 1325 1982 1388 2002; x_wconf 90' lang='lat' dir='ltr'>non</span> <span class='ocrx_word' id='word_1_395' title='bbox 1419 1974 1574 2011; x_wconf 84' lang='lat' dir='ltr'>agebatur</span> 
     </span>
     <span class='ocr_line' id='line_1_58' title="bbox 896 2014 1573 2051; baseline 0.003 -8"><span class='ocrx_word' id='word_1_396' title='bbox 896 2018 1004 2044; x_wconf 85' lang='lat' dir='ltr'>utrum</span> <span class='ocrx_word' id='word_1_397' title='bbox 1031 2018 1237 2044; x_wconf 82' lang='lat' dir='ltr'>censerentur</span> <span class='ocrx_word' id='word_1_398' title='bbox 1262 2014 1413 2051; x_wconf 84' lang='lat' dir='ltr'>libertini,</span> <span class='ocrx_word' id='word_1_399' title='bbox 1437 2016 1492 2045; x_wconf 87' lang='lat' dir='ltr'>sed</span> <span class='ocrx_word' id='word_1_400' title='bbox 1519 2014 1573 2045; x_wconf 88' lang='lat' dir='ltr'>ubi</span> 
     </span>
     <span class='ocr_line' id='line_1_59' title="bbox 897 2056 1575 2087; baseline 0.001 -1"><span class='ocrx_word' id='word_1_401' title='bbox 897 2061 1111 2087; x_wconf 83' lang='lat' dir='ltr'>censerentur.</span> <span class='ocrx_word' id='word_1_402' title='bbox 1152 2056 1243 2087; x_wconf 87' lang='lat' dir='ltr'>Bene</span> <span class='ocrx_word' id='word_1_403' title='bbox 1258 2061 1368 2087; x_wconf 88' lang='lat' dir='ltr'>autem</span> <span class='ocrx_word' id='word_1_404' title='bbox 1386 2057 1407 2087; x_wconf 93' lang='lat' dir='ltr'>ii</span> <span class='ocrx_word' id='word_1_405' title='bbox 1424 2056 1455 2087; x_wconf 90' lang='lat' dir='ltr'>in</span> <span class='ocrx_word' id='word_1_406' title='bbox 1473 2057 1575 2087; x_wconf 89' lang='lat' dir='ltr'>tribus</span> 
     </span>
     <span class='ocr_line' id='line_1_60' title="bbox 896 2099 1575 2139; baseline 0.003 -11"><span class='ocrx_word' id='word_1_407' title='bbox 896 2099 1031 2129; x_wconf 84' lang='lat' dir='ltr'>rusticas</span> <span class='ocrx_word' id='word_1_408' title='bbox 1045 2099 1274 2135; x_wconf 84' lang='lat' dir='ltr'>admittuntur,</span> <span class='ocrx_word' id='word_1_409' title='bbox 1290 2099 1344 2138; x_wconf 85' lang='lat' dir='ltr'>qui</span> <span class='ocrx_word' id='word_1_410' title='bbox 1361 2099 1493 2139; x_wconf 78' lang='lat' dir='ltr'>praedia</span> <span class='ocrx_word' id='word_1_411' title='bbox 1508 2110 1575 2130; x_wconf 87' lang='lat' dir='ltr'>rus-</span> 
     </span>
     <span class='ocr_line' id='line_1_61' title="bbox 896 2142 1575 2173; baseline 0 -1"><span class='ocrx_word' id='word_1_412' title='bbox 896 2142 961 2172; x_wconf 81' lang='lat' dir='ltr'>tica</span> <span class='ocrx_word' id='word_1_413' title='bbox 978 2142 1144 2172; x_wconf 83' lang='lat' dir='ltr'>haberent.</span> <span class='ocrx_word' id='word_1_414' title='bbox 1185 2142 1297 2172; x_wconf 88' lang='lat' dir='ltr'>Potest</span> <span class='ocrx_word' id='word_1_415' title='bbox 1315 2142 1422 2172; x_wconf 81' lang='lat' dir='ltr'>venire</span> <span class='ocrx_word' id='word_1_416' title='bbox 1438 2142 1469 2172; x_wconf 91' lang='lat' dir='ltr'>in</span> <span class='ocrx_word' id='word_1_417' title='bbox 1486 2152 1575 2173; x_wconf 85' lang='lat' dir='ltr'>men·</span> 
     </span>
     <span class='ocr_line' id='line_1_62' title="bbox 897 2184 1576 2221; baseline 0 -7"><span class='ocrx_word' id='word_1_418' title='bbox 897 2188 977 2221; x_wconf 89' lang='lat' dir='ltr'>tem,</span> <span class='ocrx_word' id='word_1_419' title='bbox 989 2195 1053 2214; x_wconf 93' lang='lat' dir='ltr'>non</span> <span class='ocrx_word' id='word_1_420' title='bbox 1070 2185 1324 2215; x_wconf 83' lang='lat' dir='ltr'>contemnendas</span> <span class='ocrx_word' id='word_1_421' title='bbox 1336 2184 1433 2215; x_wconf 89' lang='lat' dir='ltr'>fuisse</span> <span class='ocrx_word' id='word_1_422' title='bbox 1447 2184 1576 2215; x_wconf 80' lang='lat' dir='ltr'>divitias</span> 
     </span>
     <span class='ocr_line' id='line_1_63' title="bbox 899 2226 1577 2267; baseline 0.001 -11"><span class='ocrx_word' id='word_1_423' title='bbox 899 2226 964 2257; x_wconf 85' lang='lat' dir='ltr'>illis</span> <span class='ocrx_word' id='word_1_424' title='bbox 995 2227 1195 2267; x_wconf 85' lang='lat' dir='ltr'>temporibus</span> <span class='ocrx_word' id='word_1_425' title='bbox 1228 2226 1409 2257; x_wconf 72' lang='lat' dir='ltr'>sestertium</span> <span class='ocrx_word' id='word_1_426' title='bbox 1444 2227 1577 2267; x_wconf 79' lang='lat' dir='ltr'>triginta</span> 
     </span>
     <span class='ocr_line' id='line_1_64' title="bbox 900 2269 1576 2309; baseline 0.001 -10"><span class='ocrx_word' id='word_1_427' title='bbox 900 2269 1003 2300; x_wconf 78' lang='lat' dir='ltr'>millia</span> <span class='ocrx_word' id='word_1_428' title='bbox 1024 2269 1056 2299; x_wconf 91' lang='lat' dir='ltr'>in</span> <span class='ocrx_word' id='word_1_429' title='bbox 1079 2269 1218 2309; x_wconf 85' lang='lat' dir='ltr'>praediis</span> <span class='ocrx_word' id='word_1_430' title='bbox 1239 2269 1376 2306; x_wconf 84' lang='lat' dir='ltr'>rusticis,</span> <span class='ocrx_word' id='word_1_431' title='bbox 1394 2279 1494 2309; x_wconf 87' lang='lat' dir='ltr'>quum</span> <span class='ocrx_word' id='word_1_432' title='bbox 1518 2269 1576 2300; x_wconf 82' lang='lat' dir='ltr'>ali-</span> 
     </span>
     <span class='ocr_line' id='line_1_65' title="bbox 900 2312 1576 2352; baseline 0.001 -10"><span class='ocrx_word' id='word_1_433' title='bbox 900 2317 979 2351; x_wconf 83' lang='lat' dir='ltr'>quot</span> <span class='ocrx_word' id='word_1_434' title='bbox 1005 2312 1099 2343; x_wconf 82' lang='lat' dir='ltr'>annis</span> <span class='ocrx_word' id='word_1_435' title='bbox 1126 2316 1198 2351; x_wconf 78' lang='lat' dir='ltr'>post</span> <span class='ocrx_word' id='word_1_436' title='bbox 1222 2312 1283 2343; x_wconf 88' lang='lat' dir='ltr'>Cn.</span> <span class='ocrx_word' id='word_1_437' title='bbox 1302 2312 1462 2352; x_wconf 84' lang='lat' dir='ltr'>Scipionis</span> <span class='ocrx_word' id='word_1_438' title='bbox 1489 2312 1576 2343; x_wconf 78' lang='lat' dir='ltr'>filiae</span> 
     </span>
     <span class='ocr_line' id='line_1_66' title="bbox 901 2354 1577 2395; baseline 0.001 -11"><span class='ocrx_word' id='word_1_439' title='bbox 901 2355 959 2385; x_wconf 86' lang='lat' dir='ltr'>dos</span> <span class='ocrx_word' id='word_1_440' title='bbox 988 2366 1006 2385; x_wconf 90' lang='lat' dir='ltr'>e</span> <span class='ocrx_word' id='word_1_441' title='bbox 1038 2354 1169 2395; x_wconf 83' lang='lat' dir='ltr'>publico</span> <span class='ocrx_word' id='word_1_442' title='bbox 1204 2354 1380 2385; x_wconf 76' lang='lat' dir='ltr'>constituta</span> <span class='ocrx_word' id='word_1_443' title='bbox 1413 2356 1465 2392; x_wconf 84' lang='lat' dir='ltr'>sit,</span> <span class='ocrx_word' id='word_1_444' title='bbox 1495 2359 1577 2385; x_wconf 83' lang='lat' dir='ltr'>teste</span> 
     </span>
     <span class='ocr_line' id='line_1_67' title="bbox 903 2397 1577 2437; baseline 0 -10"><span class='ocrx_word' id='word_1_445' title='bbox 903 2397 1012 2429; x_wconf 79' lang='lat' dir='ltr'>Valer.</span> <span class='ocrx_word' id='word_1_446' title='bbox 1041 2399 1132 2428; x_wconf 73' lang='lat' dir='ltr'>Max.</span> <span class='ocrx_word' id='word_1_447' title='bbox 1160 2397 1200 2428; x_wconf 89' lang='lat' dir='ltr'>iv.</span> <span class='ocrx_word' id='word_1_448' title='bbox 1221 2409 1250 2436; x_wconf 79' lang='lat'>4.</span> <span class='ocrx_word' id='word_1_449' title='bbox 1272 2397 1485 2437; x_wconf 67' lang='lat' dir='ltr'>‹madi-aginta</span> <span class='ocrx_word' id='word_1_450' title='bbox 1506 2398 1577 2428; x_wconf 92' lang='lat' dir='ltr'>mil-</span> 
     </span>
     <span class='ocr_line' id='line_1_68' title="bbox 902 2440 1577 2479; baseline 0 -9"><span class='ocrx_word' id='word_1_451' title='bbox 902 2440 981 2470; x_wconf 89' lang='lat' dir='ltr'>lium</span> <span class='ocrx_word' id='word_1_452' title='bbox 998 2440 1080 2471; x_wconf 70' lang='lat' dir='ltr'>aeris</span> <span class='ocrx_word' id='word_1_453' title='bbox 1094 2440 1209 2479; x_wconf 72' lang='lat' dir='ltr'>gravis,</span> <span class='ocrx_word' id='word_1_454' title='bbox 1225 2440 1257 2470; x_wconf 84' lang='lat' dir='ltr'>id</span> <span class='ocrx_word' id='word_1_455' title='bbox 1274 2444 1333 2477; x_wconf 86' lang='lat' dir='ltr'>cst,</span> <span class='ocrx_word' id='word_1_456' title='bbox 1348 2440 1488 2471; x_wconf 82' lang='lat' dir='ltr'>sedecim</span> <span class='ocrx_word' id='word_1_457' title='bbox 1506 2440 1577 2470; x_wconf 91' lang='lat' dir='ltr'>mil-</span> 
     </span>
     <span class='ocr_line' id='line_1_69' title="bbox 901 2482 1577 2522; baseline -0.001 -9"><span class='ocrx_word' id='word_1_458' title='bbox 901 2483 980 2513; x_wconf 90' lang='lat' dir='ltr'>lium</span> <span class='ocrx_word' id='word_1_459' title='bbox 1005 2482 1196 2513; x_wconf 70' lang='lat' dir='ltr'>sostenium.</span> <span class='ocrx_word' id='word_1_460' title='bbox 1242 2483 1304 2514; x_wconf 89' lang='lat' dir='ltr'>Sed</span> <span class='ocrx_word' id='word_1_461' title='bbox 1330 2483 1425 2513; x_wconf 79' lang='lat' dir='ltr'>fncile</span> <span class='ocrx_word' id='word_1_462' title='bbox 1448 2492 1577 2522; x_wconf 75' lang='lat' dir='ltr'>respon-</span> 
     </span>
     <span class='ocr_line' id='line_1_70' title="bbox 901 2525 1577 2565; baseline -0.001 -9"><span class='ocrx_word' id='word_1_463' title='bbox 901 2526 1049 2556; x_wconf 82' lang='lat' dir='ltr'>debimus</span> <span class='ocrx_word' id='word_1_464' title='bbox 1070 2526 1152 2556; x_wconf 78' lang='lat' dir='ltr'>hunc</span> <span class='ocrx_word' id='word_1_465' title='bbox 1173 2525 1276 2565; x_wconf 85' lang='lat' dir='ltr'>ipsam</span> <span class='ocrx_word' id='word_1_466' title='bbox 1294 2525 1391 2556; x_wconf 82' lang='lat' dir='ltr'>fuisse</span> <span class='ocrx_word' id='word_1_467' title='bbox 1408 2535 1577 2555; x_wconf 86' lang='lat' dir='ltr'>censorum</span> 
     </span>
     <span class='ocr_line' id='line_1_71' title="bbox 902 2568 1577 2604; baseline 0 -6"><span class='ocrx_word' id='word_1_468' title='bbox 902 2573 1058 2604; x_wconf 81' lang='lat' dir='ltr'>mentem,</span> <span class='ocrx_word' id='word_1_469' title='bbox 1074 2573 1109 2598; x_wconf 89' lang='lat' dir='ltr'>ut</span> <span class='ocrx_word' id='word_1_470' title='bbox 1126 2568 1158 2599; x_wconf 89' lang='lat' dir='ltr'>in</span> <span class='ocrx_word' id='word_1_471' title='bbox 1176 2568 1277 2598; x_wconf 84' lang='lat' dir='ltr'>tribus</span> <span class='ocrx_word' id='word_1_472' title='bbox 1293 2568 1427 2598; x_wconf 75' lang='lat' dir='ltr'>rusticas</span> <span class='ocrx_word' id='word_1_473' title='bbox 1443 2578 1506 2598; x_wconf 82' lang='lat' dir='ltr'>non</span> <span class='ocrx_word' id='word_1_474' title='bbox 1523 2568 1577 2598; x_wconf 81' lang='lat' dir='ltr'>ad-</span> 
     </span>
     <span class='ocr_line' id='line_1_72' title="bbox 902 2610 1576 2650; baseline 0 -10"><span class='ocrx_word' id='word_1_475' title='bbox 902 2611 1117 2647; x_wconf 81' lang='lat' dir='ltr'>mitterentur,</span> <span class='ocrx_word' id='word_1_476' title='bbox 1141 2610 1198 2640; x_wconf 81' lang='lat' dir='ltr'>nisi</span> <span class='ocrx_word' id='word_1_477' title='bbox 1223 2610 1370 2640; x_wconf 37' lang='lat' dir='ltr'>ditissimi</span> <span class='ocrx_word' id='word_1_478' title='bbox 1394 2611 1514 2650; x_wconf 82' lang='lat' dir='ltr'>quique</span> <span class='ocrx_word' id='word_1_479' title='bbox 1537 2620 1576 2640; x_wconf 82' lang='lat' dir='ltr'>ex</span> 
     </span>
     <span class='ocr_line' id='line_1_73' title="bbox 903 2653 1577 2692; baseline -0.001 -8"><span class='ocrx_word' id='word_1_480' title='bbox 903 2653 1069 2684; x_wconf 77' lang='lat' dir='ltr'>libertinis.</span> <span class='ocrx_word' id='word_1_481' title='bbox 1117 2654 1216 2683; x_wconf 81' lang='lat' dir='ltr'>Porro</span> <span class='ocrx_word' id='word_1_482' title='bbox 1243 2653 1394 2692; x_wconf 75' lang='lat' dir='ltr'>‹piicquid</span> <span class='ocrx_word' id='word_1_483' title='bbox 1424 2653 1475 2683; x_wconf 77' lang='lat' dir='ltr'>hic</span> <span class='ocrx_word' id='word_1_484' title='bbox 1502 2654 1577 2683; x_wconf 76' lang='lat' dir='ltr'>affe-</span> 
     </span>
     <span class='ocr_line' id='line_1_74' title="bbox 905 2695 1576 2735; baseline 0 -10"><span class='ocrx_word' id='word_1_485' title='bbox 905 2696 1014 2731; x_wconf 75' lang='lat' dir='ltr'>rimus,</span> <span class='ocrx_word' id='word_1_486' title='bbox 1036 2696 1066 2726; x_wconf 83' lang='lat' dir='ltr'>id</span> <span class='ocrx_word' id='word_1_487' title='bbox 1090 2706 1153 2726; x_wconf 82' lang='lat' dir='ltr'>non</span> <span class='ocrx_word' id='word_1_488' title='bbox 1180 2706 1237 2735; x_wconf 89' lang='lat' dir='ltr'>pro</span> <span class='ocrx_word' id='word_1_489' title='bbox 1259 2702 1345 2726; x_wconf 81' lang='lat' dir='ltr'>certo</span> <span class='ocrx_word' id='word_1_490' title='bbox 1365 2697 1525 2726; x_wconf 72' lang='lat' dir='ltr'>affirmare</span> <span class='ocrx_word' id='word_1_491' title='bbox 1546 2695 1576 2725; x_wconf 91' lang='lat' dir='ltr'>in</span> 
     </span>
     <span class='ocr_line' id='line_1_75' title="bbox 902 2738 1579 2778; baseline 0.004 -10"><span class='ocrx_word' id='word_1_492' title='bbox 902 2739 1011 2769; x_wconf 78' lang='lat' dir='ltr'>animo</span> <span class='ocrx_word' id='word_1_493' title='bbox 1032 2744 1091 2776; x_wconf 83' lang='lat' dir='ltr'>cst,</span> <span class='ocrx_word' id='word_1_494' title='bbox 1113 2739 1181 2776; x_wconf 80' lang='lat' dir='ltr'>sed,</span> <span class='ocrx_word' id='word_1_495' title='bbox 1203 2738 1234 2768; x_wconf 88' lang='lat' dir='ltr'>in</span> <span class='ocrx_word' id='word_1_496' title='bbox 1257 2739 1350 2769; x_wconf 83' lang='lat' dir='ltr'>rebus</span> <span class='ocrx_word' id='word_1_497' title='bbox 1370 2738 1579 2778; x_wconf 62' lang='lat' dir='ltr'>perobscuris·</span> 
     </span>
     <span class='ocr_line' id='line_1_76' title="bbox 903 2781 1579 2820; baseline -0.003 -9"><span class='ocrx_word' id='word_1_498' title='bbox 903 2786 1057 2820; x_wconf 75' lang='lat' dir='ltr'>tunquam</span> <span class='ocrx_word' id='word_1_499' title='bbox 1097 2792 1159 2811; x_wconf 83' lang='lat' dir='ltr'>non</span> <span class='ocrx_word' id='word_1_500' title='bbox 1198 2781 1330 2811; x_wconf 88' lang='lat' dir='ltr'>omnino</span> <span class='ocrx_word' id='word_1_501' title='bbox 1368 2781 1579 2820; x_wconf 76' lang='lat' dir='ltr'>improbabile</span> 
     </span>
     <span class='ocr_line' id='line_1_77' title="bbox 905 2823 1579 2864; baseline -0.004 -10"><span class='ocrx_word' id='word_1_502' title='bbox 905 2825 1016 2854; x_wconf 70' lang='lat' dir='ltr'>lecturi</span> <span class='ocrx_word' id='word_1_503' title='bbox 1075 2825 1326 2864; x_wconf 77' lang='lat' dir='ltr'>expendendum</span> <span class='ocrx_word' id='word_1_504' title='bbox 1384 2823 1579 2863; x_wconf 69' lang='lat' dir='ltr'>permittere.</span> 
     </span>
     <span class='ocr_line' id='line_1_78' title="bbox 903 2868 1010 2898; baseline 0 0"><span class='ocrx_word' id='word_1_505' title='bbox 903 2868 1010 2898; x_wconf 67' lang='lat' dir='ltr'>Cum.</span> 
     </span>
    </p>
   </div>
  </div>
 </body>
</html>
