1888 3194
369 223 454 261 484
493 202 498 206 '
858 219 1271 262 PRAEFATIO

371 326 636 376 Badeniusffi,
680 325 928 376 Hellerusssss,
970 325 1272 382 Forbigerusffl,
1313 324 1553 374 Wolffiusffl,
1595 324 1763 380 aliique,

371 409 476 450 quos
507 408 751 435 enumerare
782 393 956 450 longum
987 401 1061 443 est,
1084 394 1250 434 brevius
1279 393 1461 434 fusiusve
1493 392 1766 433 commentati

371 460 520 511 sunt69,
571 461 846 503 emendarent
895 472 1021 516 atque
1071 461 1341 517 explicarent.
1417 460 1572 516 Neque
1623 468 1766 501 tamen

371 530 498 571 enixo
520 539 562 571 et
582 531 765 570 maxime
786 529 987 570 laudabili
1017 529 1166 570 horum
1188 529 1372 570 virorum
1400 528 1539 569 studio
1568 528 1767 569 effectum

372 607 447 648 est,
489 606 536 638 ut
576 612 734 646 omnes,
776 597 850 652 qui
890 596 1003 636 Livii
1050 595 1333 636 Historiarum
1381 596 1507 637 libros
1557 596 1764 646 obsident,

370 665 635 707 librariorum
670 679 828 705 errores
864 664 949 704 sive
990 663 1184 704 codicum
1220 663 1390 713 auxilio,
1427 664 1512 705 sive
1552 664 1767 706 coniectu-

371 747 511 773 rarum
551 746 630 786 ope
676 731 996 786 corrigerentur,
1038 745 1267 785 omnesque
1311 730 1501 771 locorum
1549 731 1768 773 intellectu

371 798 606 840 difficilium
645 798 917 839 obscuritates
952 797 1176 838 clarissima
1210 797 1423 839 doctrinae
1465 805 1590 853 atque
1627 798 1769 839 erudi-

373 867 498 908 tionis
537 866 631 907 luce
672 866 991 916 illustrarentur,
1028 866 1103 906 sed
1142 866 1298 907 multae
1340 867 1571 908 etiamnum
1610 873 1768 907 restant

372 935 509 991 operis
537 934 694 990 egregii
724 942 874 989 partes,
897 948 1004 990 quae
1034 934 1132 974 artis
1160 933 1326 975 criticae
1358 942 1400 975 et
1429 933 1768 974 hermeneuticae

372 1002 580 1043 beneficio
629 1002 675 1042 in
719 1001 932 1057 integrum
977 1001 1141 1042 restitui
1182 1016 1230 1043 ac
1270 1001 1512 1058 diligentius
1552 1000 1769 1058 explanari

373 1071 567 1112 debeant.

435 1139 582 1188 Quum
627 1139 754 1195 igitur
794 1138 834 1179 T
836 1138 1086 1188 auchmtius,
1128 1138 1413 1194 typographus
1453 1153 1501 1180 ac
1540 1137 1769 1194 bibliopola

373 1207 669 1248 celeberrimus
702 1214 744 1246 et
777 1205 829 1246 de
863 1220 907 1246 re
939 1205 1106 1246 libraria
1138 1206 1440 1256 meritissimus,
1473 1206 1576 1247 mihi
1607 1206 1768 1262 signifi-

372 1283 516 1324 casset,
539 1290 581 1316 se
602 1274 647 1315 id
668 1289 803 1330 agere,
827 1282 885 1323 ut,
904 1273 1262 1329 quemadmodum
1282 1274 1523 1330 nuperrime
1548 1273 1768 1315 Ciceronis

372 1359 511 1400 opera,
535 1344 592 1384 ita
617 1343 728 1384 Livii
750 1358 919 1398 quoque
945 1342 1071 1383 libros
1098 1357 1184 1383 uno
1204 1341 1418 1383 volumine
1444 1341 1767 1398 comprehensos

371 1412 536 1453 emittat
564 1420 606 1452 et
634 1411 758 1452 simul
785 1411 991 1451 minorem
1016 1410 1204 1451 eiusdem
1229 1410 1439 1466 scriptoris
1460 1410 1691 1451 editionem
1721 1409 1768 1450 in

370 1495 444 1522 sex
489 1489 624 1521 tomos
666 1479 841 1520 divisam
887 1478 1111 1528 adornet70,
1155 1493 1306 1534 meque
1347 1478 1392 1519 in
1434 1477 1558 1519 huius
1604 1476 1768 1518 consilii

371 1548 614 1589 societatem
649 1555 847 1596 vocasset,
886 1547 1067 1588 oblatam
1107 1546 1212 1587 mihi
1249 1554 1389 1587 textus
1428 1545 1582 1587 iterum
1621 1560 1767 1601 recog—

371 1615 573 1657 noscendi
613 1615 871 1671 provinciam
911 1629 962 1656 eo
1002 1613 1217 1656 lubentius
1259 1613 1434 1670 suscepi,
1477 1627 1561 1670 quo
1601 1613 1766 1669 aegrius

1091 1774 1346 1807 Emendationes
1368 1774 1534 1807 Livianae.
1558 1774 1647 1808 Part.
1664 1772 1693 1806 I.
1712 1773 1762 1807 ΙΙ.

371 1777 495 1818 vilegiis
525 1776 686 1809 Feceniae
717 1775 878 1816 Hispalae
916 1779 1046 1807 senatus

1090 1818 1275 1857 Flenopoli‚
1295 1817 1442 1856 1826-27.

372 1821 520 1851 consulto
544 1819 710 1850 concessis.
744 1817 832 1860 (Liv.
860 1818 1045 1851 XXXIX.

376 1872 423 1904 19.
466 1862 612 1901 Gotting.
634 1862 723 1891 1822.

436 1914 453 1943 3
473 1905 520 1935 U.
528 1904 666 1942 Becker,
676 1903 787 1934 Ueber
798 1902 909 1933 Livius
920 1903 992 1934 XX
1000 1903 1045 1934 X.

373 1954 424 1985 25.
440 1946 507 1977 und
525 1956 574 1987 29.
592 1946 690 1976 oder:
725 1945 974 1984 Entwickelung
989 1946 1046 1977 der

372 1988 646 2029 Begebenheiten,
654 1987 775 2017 welche
785 1987 940 2017 zxvischen
953 1987 1044 2017 Han—

371 2031 475 2061 nibals
492 2030 672 2062 Riickkehr
686 2029 770 2059 nach
784 2029 895 2059 Africa
910 2030 978 2059 und
990 2029 1046 2060 der

372 2073 527 2103 Schlacht
539 2072 590 2102 bei
604 2072 708 2102 Zama
720 2071 833 2110 liegen.
848 2071 1044 2110 Ratzeburg,

375 2115 466 2144 1822.
477 2118 509 2145 et
522 2115 665 2145 eiusdem
678 2113 891 2143 Vorarbeiten
904 2123 943 2142 zu
955 2113 1044 2142 einer

372 2156 570 2187 Geschiehte
601 2157 657 2186 des
692 2155 825 2185 zweiten
858 2154 1043 2185 Punischen

372 2197 519 2236 Krieges.
544 2199 677 2234 Altona,
698 2197 787 2234 1823.

413 2238 455 2276 64
480 2240 549 2269 Der
577 2240 728 2277 Heerzug
756 2238 941 2268 Hannibals
968 2237 1045 2267 iiber

371 2281 423 2312 die
440 2281 549 2320 Alpen
573 2281 655 2311 nach
672 2281 734 2310 den
751 2283 905 2309 neuesten
924 2280 1043 2310 Unter-

371 2323 557 2362 suchungen
583 2321 771 2361 dargestellt
799 2331 862 2351 von
886 2321 923 2352 C.
947 2321 984 2352 L.
1004 2321 1042 2352 E.

371 2365 509 2396 Zander.
538 2365 721 2402 Hamburg,
748 2363 836 2401 1823.
860 2363 894 2392 in
918 2373 980 2401 quo
1005 2362 1041 2393 li—

371 2407 458 2437 bello
475 2417 507 2446 p.
521 2415 569 2436 22.
583 2415 650 2444 sqq.
668 2404 765 2435 ceteri
781 2405 950 2443 scriptores
966 2415 1042 2435 enu-

370 2452 545 2485 merantur,
576 2447 631 2486 qui
661 2447 701 2477 de
735 2446 849 2477 eadem
881 2457 914 2477 re
945 2457 1041 2486 expo-

369 2494 510 2521 suerunt.

413 2532 452 2571 65
477 2532 575 2562 Tork.
615 2530 752 2561 Badenii
791 2530 1044 2561 Emendationes

371 2575 536 2611 Livianae,
559 2573 591 2603 in
614 2571 761 2603 Seebodii
787 2573 899 2603 Neuer
926 2573 1042 2603 Kritis-

371 2617 447 2647 cher
470 2615 668 2646 Bibliothek.
692 2625 720 2646 a.
751 2614 840 2653 1823.
866 2615 933 2645 No.
959 2625 986 2646 2.
1010 2625 1041 2654 p.

375 2665 443 2697 172.
461 2668 528 2697 sqq.

413 2698 455 2731 66
479 2700 515 2731 L.
549 2699 676 2730 Helleri
708 2698 955 2730 Observationes

373 2742 495 2774 vianae.
521 2742 694 2780 Erhugae,
715 2742 803 2779 1824.

413 2784 454 2823 67
479 2784 541 2815 Th.
581 2784 666 2814 Sam.
712 2782 876 2821 Forbigeri
916 2783 1040 2813 Prolus.

372 2826 674 2857 Animadversiones
702 2825 741 2855 ad
771 2825 929 2863 quaedam
958 2824 1041 2855 Livii

371 2871 444 2900 loca
459 2867 635 2899 continens.
661 2867 750 2906 Lips.
771 2867 862 2905 1825.

414 2910 454 2942 68
478 2910 530 2942 Fr.
547 2910 586 2941 C.
601 2909 727 2941 Wolffii
745 2908 992 2940 Observationes
1008 2912 1039 2939 et

990 2698 1043 2729 Li-

1134 1859 1175 1901 69
1199 1860 1303 1892 Libris
1327 1859 1520 1899 libellisque,
1535 1869 1672 1899 quorum
1685 1859 1763 1890 titu-

1091 1903 1139 1933 los
1154 1902 1303 1942 apposui,
1319 1902 1403 1932 adde
1425 1905 1570 1932 nostrum
1589 1901 1763 1941 Speeimen

1090 1944 1361 1976 Observationum
1394 1943 1428 1974 in
1463 1947 1610 1975 auctores
1640 1944 1762 1975 Roma-

1089 1997 1203 2017 norum
1234 1986 1392 2017 classicos.
1425 1986 1638 2025 Schneeberg.
1671 1986 1762 2017 1810.

1090 2032 1122 2059 et
1143 2029 1182 2060 cf.
1200 2029 1284 2059 Acta
1301 2028 1469 2059 Seminarii
1486 2027 1581 2067 Regii
1603 2031 1634 2058 et
1655 2028 1762 2058 Socie-

1088 2071 1164 2101 tatis
1178 2070 1398 2109 Philologicae
1415 2069 1599 2109 Lipsiensis,
1617 2069 1695 2102 Vol.
1710 2071 1763 2103 II.

1089 2113 1177 2143 Part.
1196 2113 1245 2158 H:
1262 2122 1293 2159 p.
1311 2119 1382 2150 443.
1395 2121 1469 2158 sqq.
1559 2153 1565 2158 ¹

1133 2162 1171 2193 70
1191 2154 1336 2192 Triginta
1348 2164 1501 2192 qumque,
1511 2163 1567 2192 qui
1579 2158 1762 2193 supersunt,

1090 2196 1173 2226 Livii
1191 2196 1410 2226 Historiarum
1426 2195 1499 2225 libri
1514 2196 1622 2226 nescio
1638 2206 1679 2226 an
1695 2207 1761 2228 rec-

1088 2238 1152 2267 tius
1165 2247 1237 2267 cuni
1250 2237 1462 2268 Lallemando
1475 2238 1508 2268 in
1521 2242 1646 2277 septem
1656 2241 1762 2270 tomos

1089 2280 1285 2316 dividantur,
1301 2289 1401 2318 quum
1419 2279 1549 2310 Livium
1567 2290 1633 2311 non
1655 2281 1760 2320 primo

1088 2325 1216 2351 tantum
1241 2322 1334 2358 libro,
1357 2322 1412 2352 sed
1436 2321 1534 2353 etiam
1558 2326 1660 2360 sexto,
1677 2323 1760 2363 vige-

1086 2364 1166 2393 simo
1187 2363 1290 2402 primo
1314 2367 1346 2394 et
1369 2364 1529 2394 tricesimo
1549 2364 1654 2404 primo
1668 2375 1759 2404 prae-

1086 2406 1190 2435 fatum
1224 2415 1291 2436 esse
1329 2410 1465 2443 constet,
1496 2416 1635 2446 eumque
1671 2407 1759 2438 idem

1087 2447 1163 2477 alibi
1189 2447 1287 2478 etiam
1311 2448 1423 2479 fecisse
1445 2451 1600 2487 appareat
1622 2458 1663 2479 ex
1686 2449 1759 2480 loco

1087 2489 1196 2527 Plinii,
1213 2489 1267 2528 qui
1290 2490 1323 2519 in
1348 2490 1552 2520 Praefatione
1574 2491 1615 2520 ad
1635 2490 1759 2530 Vespa-

1087 2532 1212 2561 sianum
1236 2532 1482 2570 Imperatorem,
1501 2531 1667 2562 Historiae
1691 2533 1758 2564 Na-

1086 2573 1182 2603 turali
1194 2572 1471 2613 p1·aemissa‚{haec
1486 2573 1630 2613 scripsit:
1647 2574 1668 2590 ‘⁶
1680 2575 1758 2605 Pro-

1088 2616 1190 2652 fiteor,
1203 2614 1310 2645 mirari
1327 2625 1379 2645 me
1395 2615 1433 2646 T.
1448 2615 1576 2645 Livium
1590 2618 1758 2647 auctorem

1088 2656 1342 2693 celeberrimum,
1372 2656 1405 2686 in
1437 2657 1655 2687 Historiarum
1686 2668 1757 2689 sua-

1088 2708 1170 2735 rum,
1197 2708 1276 2737 quas
1303 2699 1419 2737 repetit
1446 2699 1486 2729 ab
1513 2699 1633 2738 origine
1658 2700 1758 2738 urbis,

1086 2741 1225 2779 quodam
1253 2740 1415 2770 volumine
1442 2741 1485 2771 sic
1510 2751 1636 2772 orsum:
1673 2742 1758 2773 Satis

1086 2783 1150 2812 iam
1174 2781 1232 2812 sibi
1255 2782 1374 2820 gloriae
1397 2782 1589 2822 quaesitum,
1608 2787 1640 2814 et
1663 2787 1756 2823 potu-

1085 2824 1144 2854 isse
1174 2834 1207 2854 se
1234 2824 1390 2862 desinere,
1418 2825 1451 2856 ni
1481 2825 1607 2856 animus
1631 2825 1757 2865 inquies

1086 2869 1268 2905 pasceretur
1283 2869 1413 2905 ope1·c.'’
