1888 3194
375 194 456 232 100
885 193 1032 236 TITI
1073 193 1251 236 LIVII

170 290 213 321 U.
230 290 268 321 C.
291 283 486 330 581.riret.
548 283 797 325 Decernunt
826 284 1077 340 frequentes,
1100 293 1148 325 ut
1171 284 1221 326 C.
1241 284 1449 341 Sulpicius
1479 291 1644 340 praetor
1674 292 1756 325 tres

168 334 208 364 A.
232 334 269 365 C.
295 341 365 373 171.

376 356 430 382 ex
461 350 609 382 senatu
641 341 830 382 nominet
861 341 1030 397 legatos,
1060 342 1133 398 qui
1169 358 1219 383 eo
1252 342 1320 383 die
1356 342 1672 398 proficiscantur
1701 356 1756 382 ex

355 398 503 447 ,urbe3
536 408 590 448 et,
614 407 814 454 quantum
848 399 1074 441 accelerare
1105 409 1285 455 possent,
1312 399 1503 441 Cassium
1528 398 1754 448 consulem,

174 804 336 844 Hispano-

173 857 244 877 rum
261 857 371 886 quere-

173 890 223 920 lae
236 890 275 919 de
291 890 362 920 Ma—

172 931 258 972 gistr.
275 933 372 963 Rom.

377 430 618 512 ubiclinqiie
639 457 703 505 sit,
722 466 1047 513 persequantur3
1074 457 1282 507 nuntient,
1304 473 1356 498 ne
1378 456 1533 497 bellum
1557 471 1652 497 cum
1673 455 1758 497 ulla

377 522 502 569 gente
533 524 709 563 moveat,
732 529 811 554 nisi
839 530 933 555 cum
956 530 1039 570 qua
1068 523 1234 555 senatus
1265 514 1495 571 gerendum
1527 521 1754 555 censuerat.
1771 524 1787 556 5

379 571 527 628 Legati
558 571 602 611 hi
633 572 819 627 profecti,
843 571 905 612 M.
928 571 1150 612 Cornelius
1174 570 1400 628 Cethegus,
1425 571 1486 612 M.
1503 571 1685 620 Fulvius,
1707 570 1756 611 P.

380 629 566 670 Marcius
597 629 704 670 Rex.
767 628 910 669 Metus
941 629 993 669 de
1025 628 1192 670 consule
1224 638 1349 684 atque
1381 629 1568 670 exercitu
1597 627 1760 669 distulit

381 702 430 728 eo
452 696 638 742 tempore
660 686 910 726 muniendae
935 686 1155 750 Aquileiae
1177 701 1329 727 curam.

439 743 668 799 Hispaniae
690 743 843 784 deinde
865 743 1081 799 utriusque
1113 743 1237 798 legati
1258 743 1416 798 aliquot
1435 743 1685 799 populorum
1714 743 1760 783 in

383 810 572 842 senatum
594 800 832 841 introducti.
881 800 930 849 Ii,
948 800 1000 841 de
1023 800 1335 855 magistratuum
1359 800 1645 841 Romanorum
1667 815 1762 841 ava-

384 859 479 899 ritia
505 858 780 922 superbiaque
807 858 1036 912 conquesti,
1059 857 1137 897 nisi
1168 858 1342 912 genibus
1373 858 1423 898 ab
1454 867 1600 898 senatu
1630 856 1763 913 petie-

384 924 494 964 runt,
516 931 569 955 ne
598 930 640 956 se
663 915 793 955 socios
814 914 975 956 foedius
1003 914 1168 970 spoliari
1196 915 1434 970 vexarique,
1457 930 1582 971 quam
1609 914 1760 964 hostes,

382 973 606 1030 patiantur.
671 972 816 1020 Quum
838 981 879 1013 et
901 971 979 1013 alia
1000 972 1173 1028 indigna
1192 982 1476 1028 quererentur,
1497 972 1762 1013 manifestum

383 1039 523 1072 autem
559 1038 678 1079 esset,
712 1030 909 1095 pecunias
942 1039 1103 1086 captas3
1146 1029 1195 1071 L.
1222 1029 1427 1071 Canuleio
1462 1029 1654 1095 praetori,
1689 1029 1763 1085 qui

384 1087 631 1144 Hispaniam
655 1088 823 1128 sortitus
844 1096 944 1137 erat,
966 1088 1181 1144 negotium
1204 1087 1347 1128 datum
1373 1095 1448 1137 est,
1471 1095 1517 1128 ut
1547 1087 1591 1128 in
1621 1102 1764 1142 singu-

382 1146 456 1195 los,
479 1161 502 1187 a
523 1145 674 1202 quibus
700 1145 878 1201 Hispani
909 1145 1107 1201 pecunias
1137 1154 1387 1202 repeterent,
1410 1145 1560 1201 quinos
1589 1149 1795 1200 recupe-6

382 1212 538 1244 ratores
569 1218 621 1244 ex
653 1203 797 1244 ordine
829 1203 1035 1244 senatorio
1066 1203 1196 1253 daret,
1222 1212 1526 1267 patronosque,
1544 1217 1648 1258 quos
1678 1201 1765 1243 vel-

382 1261 484 1310 lent,
502 1260 695 1302 sumendi
715 1269 961 1317 potestatem
978 1260 1141 1301 faceret.
1186 1259 1387 1301 Vocatis
1377 1275 1421 1300 111
1442 1260 1598 1300 curiam
1618 1259 1764 1316 legatis

383 1319 602 1360 recitatum
634 1327 695 1359 est
726 1318 1177 1368 senatusconsultum,
1168 1318 1349 1374 lussique
1380 1317 1594 1358 nominare
1625 1325 1766 1373 patro-

383 1391 470 1417 nos.
536 1376 747 1424 Quattuor
781 1376 1115 1426 nominaverunt,
1148 1375 1210 1416 M.
1231 1376 1427 1417 Porcium
1461 1374 1682 1425 Catonem,
1713 1374 1763 1415 P.

387 1432 633 1475 Cornelium
658 1432 738 1474 Cn.
758 1433 802 1474 F.
825 1433 1077 1489 Scipionem,
1101 1433 1149 1474 L.
1175 1433 1401 1474 Aemilium
1424 1432 1471 1473 L.
1491 1431 1536 1473 F.
1555 1432 1763 1482 Paullum,

387 1491 437 1533 C.
458 1490 690 1547 Sulpicium
707 1482 887 1532 Gallum.
953 1490 1064 1531 Cum
1082 1490 1143 1532 M.
1162 1491 1323 1532 Titinio
1342 1491 1535 1547 primum,
1553 1490 1627 1545 qui
1647 1503 1796 1546 prae—7

384 1558 450 1590 tor
478 1550 530 1590 A.
551 1548 727 1598 Manlio,
758 1548 818 1589 M.
842 1548 965 1589 Iunio
996 1548 1233 1590 consulibus
1263 1548 1307 1588 in
1338 1548 1528 1589 citeriore
1560 1547 1766 1603 Hispania

383 1606 531 1656 fuerat,
553 1615 863 1662 recuperatores
884 1615 1160 1662 sumpserunt.
1208 1605 1280 1646 Bis
1301 1605 1533 1661 ampliatus,
1551 1605 1673 1646 tertio
1694 1606 1797 1649 ab-8

385 1663 544 1705 solutus
579 1673 640 1705 est
675 1679 781 1705 reus.
849 1663 1066 1705 Dissensio
1101 1664 1210 1704 inter
1244 1663 1420 1704 duarum
1460 1662 1766 1719 provinciarum

384 1721 543 1778 legatos
573 1730 635 1762 est
665 1730 775 1763 orta:
815 1721 1016 1762 citerioris
1048 1720 1276 1776 Hispaniae
1307 1720 1452 1777 populi
1476 1720 1539 1761 Μ.
1558 1720 1766 1762 Catonem

386 1788 429 1820 et
462 1778 730 1836 Scipionem*
758 1778 965 1820 ulterioris
986 1778 1035 1819 L.
1051 1778 1246 1819 Paullum
1275 1788 1317 1819 et
1340 1777 1510 1819 Gallum
1534 1777 1766 1843 Sulpicium

386 1845 581 1892 patronos
611 1845 888 1892 sumpserunt.
951 1836 1022 1878 Ad
1044 1845 1352 1892 recuperatores
1377 1835 1546 1876 adducti
1577 1851 1601 1876 a
1629 1835 1768 1876 citeri-

387 1894 526 1935 oribus
556 1894 720 1950 populis
741 1893 788 1934 P.
808 1893 957 1934 Furius
977 1893 1136 1942 Philus,
1166 1893 1216 1934 ab
1247 1892 1511 1934 ulterioribus
1531 1892 1593 1933 M.
1613 1891 1767 1933 Matie-

386 1966 477 1992 nus.
525 1951 602 1992 Ille
626 1950 694 2006 Sp.
711 1950 940 1999 Postumio,
963 1951 1014 1998 Q.
1032 1950 1179 1991 Mucio
1199 1949 1437 1991 consulibus
1458 1949 1637 1990 triennio
1654 1957 1765 2000 ante,

387 2007 456 2049 hic
473 2008 644 2049 biennio
661 2008 787 2063 prius,
806 2007 854 2047 L.
865 2007 1094 2056 Postumio,
1113 2006 1174 2047 M.
1185 2006 1364 2062 Popillio
1381 2006 1630 2056 consulibus,
1648 2021 1770 2063 prae-

389 2074 453 2106 tor
472 2065 616 2106 fuerat.
672 2064 935 2104 Gravissimis
956 2064 1198 2104 criminibus
1219 2064 1397 2105 accusati
1418 2065 1539 2105 ambo
1561 2064 1767 2120 ampliati-

388 2137 494 2178 que:
528 2137 659 2178 quum
681 2121 859 2162 dicenda
879 2121 931 2162 de
958 2121 1121 2177 integro
1142 2136 1264 2162 causa
1284 2130 1402 2171 esset,
1425 2122 1611 2163 excusati
1631 2121 1768 2163 exsilii

387 2195 510 2221 causa
540 2179 672 2220 solum
703 2179 882 2220 vertisse.
945 2178 1093 2219 Furius
1124 2178 1361 2229 Praeneste,
1389 2178 1603 2221 Matienus
1631 2179 1767 2221 Tibur

388 2237 621 2278 exsulatum
649 2236 851 2277 abierunt.
914 2235 1040 2278 Fama
1060 2245 1160 2285 erat,
1183 2236 1394 2292 prohiberi
1423 2252 1448 2278 a
1476 2237 1662 2302 patrqnis
1690 2252 1767 2278 no-

387 2294 490 2335 biles
521 2310 567 2335 ac
598 2302 790 2350 potentes
820 2293 1097 2359 compellare,
1133 2294 1332 2349 auxitque
1365 2309 1457 2335 eam
1487 2294 1765 2351 suspicionem

390 2351 619 2393 Canuleius
651 2360 826 2407 praetor,
859 2351 985 2407 quod,
1018 2351 1165 2391 omissa
1201 2367 1250 2392 ea
1280 2367 1336 2401 le,
1368 2351 1578 2393 delectum
1613 2351 1765 2393 habere

388 2409 579 2451 instituit.
641 2397 755 2449 Dein
786 2417 956 2464 repente
987 2409 1031 2448 in
1061 2409 1317 2464 provinciam
1345 2409 1458 2459 abiit,
1481 2424 1534 2451 ne
1555 2408 1694 2466 plures
1713 2409 1765 2451 ab
1808 2451 1811 2454 .

389 2466 589 2523 Hispanis
623 2476 884 2507 vexarentur.
946 2465 1022 2515 Ita,
1059 2466 1291 2521 praeteritis
1325 2441 1489 2508 silentio
1525 2467 1764 2517 obliteratis,

388 2524 431 2565 in
451 2525 637 2565 futurum
659 2524 891 2565 consultum
916 2532 1054 2564 tamen
1076 2524 1126 2564 ab
1148 2533 1293 2565 senatu
1315 2523 1528 2580 Hispanis,
1549 2524 1698 2580 quod
1688 2539 1766 2564 lm-

386 2590 616 2637 petrarunt,
634 2597 686 2622 ne
703 2581 901 2623 frumenti
922 2580 1252 2622 aestimationem
1273 2581 1534 2638 magistratus
1548 2582 1765 2623 Romanus
1778 2598 1799 2629 9

429 2703 446 2734 5
472 2696 663 2733 Censuerat]
697 2696 875 2733 Oensuerit,
899 2696 983 2734 quod
1010 2695 1052 2725 le-
1143 2702 1159 2734 7
1183 2696 1262 2725 C'um
1274 2697 1323 2727 M.
1334 2697 1467 2734 Titinio]
1495 2696 1601 2726 Litem
1616 2696 1706 2735 apud
1720 2705 1766 2726 re-

386 2739 525 2778 gendum
552 2739 594 2768 ad
620 2738 794 2777 marginem
820 2738 943 2768 notavit
967 2737 1052 2767 Peri·
1098 2742 1299 2776 cuperatores
1315 2743 1425 2768 eontra
1440 2738 1599 2769 Titinium
1621 2737 1766 2768 intende-

386 2781 506 2815 20nius..
521 2781 661 2820 reposuit
678 2780 817 2811 Bekker.
1098 2784 1180 2810 runt.

434 2823 453 2854 6
482 2825 602 2861 Quinos
631 2823 885 2862 recuperatores]
937 2822 1005 2858 Qui
1035 2833 1054 2852 a
1139 2823 1157 2851 8
1178 2824 1234 2852 Bis
1250 2824 1438 2861 ampliatus]
1459 2822 1516 2853 Bis
1531 2832 1627 2852 causa
1641 2821 1766 2861 Titinii,

387 2870 532 2906 praetore
547 2867 589 2896 ad
611 2866 749 2905 privatas
765 2865 993 2895 controversias
1009 2865 1052 2895 di-
1099 2869 1133 2895 ut
1149 2866 1286 2904 amplius
1302 2866 1341 2895 de
1357 2876 1394 2895 ea
1410 2865 1651 2904 disceptaretur,
1666 2865 1767 2895 dilata

387 2909 545 2939 rimendas
573 2908 695 2938 iudices
724 2907 860 2947 delegati
890 2912 975 2939 sunt.
1013 2908 1051 2938 cf.
1098 2911 1155 2939 est.
1194 2908 1246 2938 De
1263 2918 1338 2938 voce
1351 2909 1506 2948 ampliare
1518 2908 1557 2938 cf.
1571 2907 1704 2946 supr.iv.
1715 2918 1765 2946 44.

387 2962 472 2991 supr.
489 2951 573 2982 xxvi.
591 2952 639 2988 48.
1141 2962 1160 2991 9
1176 2952 1228 2981 Ne
1236 2951 1397 2989 frumenti
1412 2951 1675 2988 aestimationem]
1694 2950 1771 2981 Ma-·
