1888 3194
506 225 634 267 LIB.
665 224 806 266 XLV.
852 224 999 266 CAP.
1023 229 1092 266 44.
1419 229 1501 267 223

99 317 237 374 primo
264 314 465 358 comitiali
495 315 565 356 die
593 315 787 356 consules
818 325 1014 357 crearunt
1046 314 1108 355 M.
1131 314 1361 356 Claudium
1386 314 1502 356 Mar·
1517 326 1561 357 U.
1579 326 1616 356 (ἲ.
1641 327 1713 366 585..

99 374 266 423 cellum,
301 372 351 414 C.
374 372 608 428 Sulpicium
640 372 825 413 Gallum.
889 371 1060 413 Deinde
1091 380 1303 428 praetores
1334 381 1500 427 postero

99 430 171 472 die
212 430 262 471 L.
286 428 457 479 Iulium,
500 429 550 470 L.
572 428 834 486 Appuleium
878 428 1168 479 Saturninum,
1208 430 1260 470 A.
1285 428 1500 470 Licinium

101 487 300 536 Nervam,
334 486 382 528 P.
402 486 615 527 Rutilium
643 486 838 536 Calvum,
874 486 921 527 P.
945 485 1203 534 Quintilium
1225 485 1402 536 Varum,
1436 485 1498 527 M.

99 543 335 586 Fonteium.
399 542 481 584 His
505 544 767 600 praetoribus
788 544 897 585 duae
924 544 1109 585 urbanae
1135 543 1374 600 provinciae
1402 552 1502 584 sunt

98 601 306 651 decretae,
329 601 438 642 duae
463 600 708 657 Hispaniae,
734 600 878 642 Sicilia
898 616 945 642 ac
970 600 1174 642 Sardinia.

67 669 89 697 4
157 657 457 700 Intercalatum
488 673 539 699 eo
572 673 710 699 anno:
749 658 951 715 postridie
984 658 1245 699 Terminalia
1279 657 1501 699 Kalendae

98 715 368 758 intercalares
387 715 571 757 fuerimt.
625 716 778 772 Augur
798 731 849 757 eo
870 730 981 757 anno
1004 725 1194 756 mortuus
1215 723 1278 757 est
1302 714 1352 757 C.
1372 714 1502 756 Clau-

100 773 222 816 dius:
255 773 300 814 in
333 773 423 814 eius
455 772 596 814 locum
629 788 809 829 augures
838 772 1033 829 legerunt
1059 773 1110 814 T.
1134 772 1384 821 Quinctium
1407 772 1501 813 Fla-

1516 369 1553 398 A.
1578 369 1714 416 (3:¹⁶⁷-

1514 412 1665 441 Comitia.

100 831 322 872 mininum.
416 829 472 872 Et
521 830 675 871 flamen
730 830 963 879 Quirinalis
1013 838 1204 872 mortuus
1258 830 1312 879 Q„
1347 829 1501 871 Fabius
1558 883 1564 888 ·

101 887 257 930 Pictor.

161 945 226 987 Eo
251 960 364 986 anno
389 960 462 987 rex
485 945 653 986 Prusias
674 946 790 987 venit
812 945 993 986 Romam
1019 960 1115 986 cum
1139 946 1224 986 filio
1248 945 1497 987 Nicomede.
1516 950 1644 981 Prusias
1660 961 1711 981 rex

91 1001 158 1058 ,Is,
180 1017 333 1059 magno
357 1003 557 1043 comitatu
589 1004 735 1044 urbem
764 1003 985 1058 ingressus,
1009 1000 1063 1044 ad
1083 1003 1218 1044 forum
1242 1018 1265 1044 a
1286 1012 1407 1058 porta
1429 1003 1502 1044 tri-

100 1059 315 1116 bunalque
333 1060 386 1108 Q.
402 1060 535 1100 Cassii
553 1060 754 1115 praetoris
771 1060 954 1115 perrexit
969 1076 978 1100 :
1003 1075 1294 1116 concursuque
1312 1060 1500 1115 undique

101 1116 224 1167 facto,
259 1117 416 1166 ‘Deos,
447 1117 519 1172 qui
554 1118 699 1158 urbem
733 1117 913 1157 Romam
945 1117 1192 1166 incolerent,
1222 1125 1500 1173 senatumque

103 1179 175 1216 ‘et
203 1173 409 1231 populum
434 1173 676 1214 Romanum
708 1173 932 1215 salutatum
964 1174 1025 1215 se’
1057 1173 1166 1214 dixit
1203 1174 1420 1215 ‘venissez
1459 1183 1502 1215 et

103 1236 116 1256 ‘
180 1231 400 1280 atulatum,
436 1231 553 1287 quod
593 1231 748 1272 Persea
786 1230 1080 1287 Gentiumque
1121 1246 1240 1287 reges
1276 1231 1499 1280 vicissent3

103 1293 116 1313 ‘
129 1246 527 1344 ffiacedonibusque
550 1297 592 1329 et
613 1287 768 1344 Illyriis
789 1289 833 1329 in
850 1288 1055 1330 ditionem
1077 1288 1269 1338 redactis,
1288 1288 1502 1330 auxissent

101 1346 338 1403 imperium.
405 1346 551 1394 Quum
580 1355 748 1402 praetor
776 1355 969 1387 senatum
998 1346 1051 1396 ei,
1073 1345 1108 1387 si
1128 1345 1242 1396 velit,
1266 1361 1316 1388 eo
1338 1346 1407 1387 die
1429 1346 1503 1388 da-

102 1411 244 1446 turum
269 1403 469 1453 dixisset3
501 1403 679 1444 biduum
711 1404 846 1459 petiit,
873 1418 958 1460 quo
990 1403 1148 1460 templa
1174 1403 1303 1445 deum
1335 1404 1503 1445 urbem-

133 1476 186 1503 ue
221 1470 265 1503 et
299 1460 485 1517 hospites
520 1461 760 1517 amicosque
797 1462 960 1503 viseret.
1025 1461 1176 1511 Datus,
1215 1461 1288 1518 qui
1325 1461 1504 1502 circum-

101 1476 276 1560 duceret
295 1533 407 1567 eum,
430 1517 480 1559 L.
502 1517 727 1560 Cornelius
751 1517 893 1575 Scipio
914 1527 1123 1575 quaestor,
1146 1519 1220 1575 qui
1242 1527 1284 1560 ct
1309 1517 1502 1575 Capuam

103 1576 143 1618 ei
164 1575 327 1617 obviam
351 1575 499 1616 missus
519 1575 680 1617 fuerat:
715 1585 758 1617 et
782 1576 919 1626 aedes,
943 1591 1051 1632 quae
1077 1577 1215 1633 ipsum
1242 1576 1502 1632 comitesque

103 1633 194 1675 eius
223 1633 406 1689 benigne
438 1632 686 1689 reciperent,
720 1633 967 1675 conductae.
1031 1634 1179 1675 Tertio
1209 1643 1303 1690 post
1333 1633 1402 1675 die
1439 1649 1504 1675 se-

104 1699 250 1732 natum
283 1690 414 1740 adiit3
451 1689 685 1746 gratulatus
718 1690 933 1732 victoriam
966 1699 1054 1739 est3
1088 1691 1237 1732 merita
1269 1706 1344 1732 sua
1376 1691 1420 1731 iu
1453 1706 1504 1732 eo

104 1748 215 1790 bello
232 1747 598 1796 commemoravit3
622 1748 756 1803 petiit,
781 1754 792 1771 ‘
808 1747 869 1788 Ut
886 1757 1030 1789 votum
1048 1748 1125 1789 sibi
1147 1748 1321 1797 solvere,
1341 1747 1503 1789 Romae

106 1805 178 1846 ‘in
207 1804 419 1862 Capitolio
453 1805 600 1846 decem
637 1805 812 1846 maiores
845 1805 1013 1855 hostias,
1043 1816 1086 1846 ct
1113 1805 1341 1846 Praeneste
1375 1821 1502 1846 unam

105 1862 359 1912 ‘Fortunac,
393 1862 563 1903 liceret:
603 1877 653 1903 ea
688 1872 784 1903 vota
819 1877 894 1919 pro
929 1863 1103 1904 victoria
1139 1862 1284 1919 populi
1320 1862 1503 1903 Romani

105 1925 118 1945 ‘
132 1935 232 1962 esse.
297 1919 353 1960 Et
374 1928 421 1960 ut
441 1919 616 1961 societas
637 1935 780 1961 secum
802 1930 1099 1969 renovaretur3
1131 1935 1314 1976 agerque
1335 1920 1427 1970 sibi,
1449 1920 1503 1961 dc

105 1983 118 2002 ‘
133 1992 230 2034 rege
246 1976 462 2018 Antiocho
478 1987 637 2032 captus,
655 1992 782 2032 quem
801 1977 905 2017 nulli
923 1977 1069 2018 datum
1092 1993 1115 2018 a
1136 1977 1293 2033 populo
1309 1977 1504 2018 Romano

105 2041 117 2060 ‘
135 2033 250 2076 Galli
271 2034 548 2091 possiderent,
571 2034 765 2075 daretur?
817 2034 971 2075 Filium
992 2043 1204 2091 postremo
1224 2034 1502 2076 Nicomedem

104 2092 268 2134 senatui
302 2091 625 2133 commendavit.
691 2090 910 2142 Omnium,
945 2092 1019 2148 qui
1056 2091 1100 2132 in
1135 2091 1392 2134 Macedonia
1428 2092 1505 2132 im-

104 2158 314 2206 peratores
334 2149 514 2199 fuerant,
537 2149 676 2190 favore
705 2158 769 2190 est
798 2149 978 2191 adiutus.
1042 2148 1192 2205 Itaque
1221 2158 1372 2199 cetera,
1396 2165 1504 2206 quac

104 2208 287 2264 petebat,
321 2222 541 2248 concessa:
587 2206 640 2248 dc
675 2221 774 2263 agro
807 2222 1055 2267 responsum
1091 2216 1166 2257 est,
1208 2206 1419 2263 ‘Legatos
1452 2207 1505 2248 ad

75 2269 223 2306 5‘rcm
255 2264 560 2321 inspiciendam
595 2264 802 2306 missuros.
869 2265 913 2306 Si
946 2265 980 2306 is
1013 2279 1112 2321 ager
1141 2264 1288 2321 populi
1322 2264 1505 2306 Romani

106 2321 292 2372 ‘fuisset,
328 2337 406 2363 ncc
442 2322 640 2378 cuiquam
677 2321 800 2363 datus
833 2330 954 2372 esset,
986 2321 1278 2379 dignissimum
1310 2337 1362 2363 eo
1392 2322 1506 2363 dono

107 2378 326 2421 ‘Prusiam
354 2379 569 2421 habituros
597 2395 698 2420 esse.
764 2379 806 2421 Si
837 2389 979 2421 autem
1004 2379 1210 2421 Antiochi
1241 2394 1324 2420 non
1347 2379 1504 2428 fuisset,

107 2441 185 2479 ‘co
216 2451 270 2478 nc
303 2451 357 2506 po
375 2436 448 2478 »uli
478 2437 651 2493 quidem
688 2437 872 2478 Romani
906 2437 1062 2478 factum
1096 2452 1325 2494 apparere:
1360 2445 1445 2486 aut,
1471 2437 1505 2477 si

107 2499 119 2519 ‘
134 2493 256 2536 datus
280 2494 361 2535 (ml
382 2495 414 2535 is
436 2503 556 2544 esset,
582 2495 797 2549 ignoscere
816 2494 1007 2536 Prusiam
1031 2494 1200 2543 debere,
1218 2495 1251 2535 si
1273 2510 1326 2535 cx
1350 2494 1506 2535 nullius

76 2551 121 2585 6‘
137 2550 288 2593 iniuria
308 2552 535 2608 quicquam
558 2552 596 2593 ei
619 2551 764 2593 datum
788 2551 913 2593 vellet
935 2552 1117 2609 populus
1143 2552 1370 2593 Romanus.
1436 2551 1478 2592 N
1483 2568 1505 2592 e

109 2608 204 2650 ‘cui
228 2608 352 2651 detur
373 2624 386 2649 c
404 2608 559 2658 uidem,
582 2618 749 2666 gratum
781 2625 868 2650 csse
895 2609 1054 2651 donum
1088 2625 1221 2666 posse,
1246 2609 1361 2665 quod
1393 2624 1505 2659 eum,

110 2665 211 2722 ‘qui
243 2665 328 2717 det,
358 2682 385 2707 u
417 2666 429 2707 i
463 2666 602 2717 vellet,
631 2666 868 2709 ablaturum
901 2682 990 2709 csse
1023 2667 1136 2709 sciat.
1201 2666 1339 2708 Facile
1376 2666 1504 2708 Nico·

153 2815 172 2842 4
195 2806 362 2838 Kalendae
387 2806 615 2847 intercalares]
659 2807 783 2837 Vocem
830 2807 1007 2837 Romanos.

111 2847 279 2879 Kalendae
316 2850 535 2889 reponendum
570 2849 669 2880 suasit
707 2850 782 2881 Cre-
871 2848 891 2880 6
916 2851 967 2880 Nc
982 2850 1035 2879 cui
1052 2849 1163 2886 ‹li-tur]
1191 2850 1283 2886 Quod
1300 2859 1356 2888 pro
1369 2850 1421 2878 cm‘
1442 2850 1506 2878 vul-

113 2888 239 2920 vieriuu.
829 2902 868 2930 go
893 2891 1019 2929 legitur,
1035 2892 1088 2921 scd
1109 2892 1257 2922 Murcum
1276 2891 1306 2921 in
1327 2902 1403 2920 voce
1426 2892 1509 2931 qum!

156 2938 173 2969 5
199 2932 376 2970 Alituum]
408 2933 485 2963 Post
510 2933 594 2964 hnnc
615 2944 724 2964 vocem
754 2938 785 2964 ct
830 2934 996 2973 mitiquum
1023 2935 1158 2964 soruuuu
1180 2935 1254 2974 quoi
1283 2934 1382 2964 luta-rc
1404 2932 1506 2962 coniv-

112 2978 298 3012 sequentem
321 2974 485 3007 habituros
509 2977 625 3015 supple
649 2987 692 3011 w.
717 2976 735 3006 i.
759 2986 786 3007 e.
832 2975 884 3006 cit.

1518 994 1655 1024 Romam
1666 1004 1715 1023 rc-

1515 1036 1571 1066 nit.
