1888 3194
495 428 574 489 T.
637 427 905 489 LIVII
977 427 1501 490 PATAVINI

705 618 1046 670 LIBER
1112 618 1292 671 XLV.

93 1022 137 1054 U.
160 1023 198 1054 C.
216 1023 288 1063 584.
409 1015 716 1058 ICTORIAE
747 1016 898 1066 nuntii,
926 1015 978 1064 Q.
999 1015 1151 1056 Fabius
1182 1024 1224 1057 et
1254 1015 1304 1057 L.
1325 1015 1533 1058 Lentulus
1563 1025 1605 1058 et
1638 1016 1693 1066 Q.

91 1065 131 1137 i}
156 1066 193 1096 C.
209 1065 288 1138 (1168·
439 1073 652 1123 ΝΙθῐθΠυε,
680 1084 838 1129 quanta
866 1073 1005 1129 potuit
1037 1073 1227 1114 adhiberi
1259 1073 1483 1123 festinatio,
1506 1073 1697 1122 celeriter

95 1117 249 1179 νῑῖῗζῖῑᾶθ
305 1128 485 1171 Romam
516 1145 648 1186 quum
678 1131 902 1180 venissent,
931 1139 1197 1186 praeceptam
1229 1139 1370 1171 tamen
1401 1131 1490 1172 eius
1520 1131 1581 1172 rei
1611 1130 1697 1172 lae-

90 1191 243 1237 Macedo·
303 1186 437 1227 titiam
469 1187 733 1228 invenerunt.
801 1187 963 1235 Quarto
993 1196 1087 1242 post
1118 1187 1199 1236 die,
1227 1203 1354 1243 quam
1383 1203 1479 1228 cum
1506 1203 1604 1242 rege
1633 1197 1697 1229 est

89 1243 171 1265 mea.

302 1252 548 1299 pugnatum,
583 1259 715 1299 quum
751 1244 795 1284 in
831 1245 940 1285 circo
973 1244 1063 1284 ludi
1100 1244 1262 1293 fierent,
1296 1259 1486 1285 murmur
1520 1252 1694 1299 repente

302 1301 447 1356 populi
469 1310 556 1342 tota
576 1301 812 1357 spectacula
831 1301 1035 1357 pervasit:
1072 1306 1083 1325 ‘
1097 1301 1339 1356 Pugnatum
1360 1301 1405 1341 in
1427 1301 1694 1350 Macedonia,

304 1362 374 1398 ‘et
407 1357 619 1399 devictum
655 1373 797 1413 regem
834 1359 947 1399 esse.'
1007 1357 1121 1398 Dein
1154 1358 1342 1399 fremitus
1375 1358 1577 1399 increvit:
1619 1373 1696 1414 po-

302 1423 455 1456 stremo
496 1414 652 1456 clamor
691 1412 959 1470 plaususque,
1001 1414 1116 1456 velut
1156 1425 1270 1456 certo
1311 1416 1460 1456 nuntio
1495 1415 1694 1456 victoriae

302 1471 439 1520 allato,
469 1480 532 1512 est
562 1482 742 1513 exortus.
807 1471 952 1512 Mirari
985 1472 1260 1527 magistratus,
1293 1481 1335 1513 et
1365 1487 1566 1528 quaerere
1597 1488 1695 1513 auc-

302 1537 435 1569 torem
475 1529 717 1584 repentinae
758 1528 953 1570 laetitiae.
1020 1528 1108 1576 Qui
1147 1538 1370 1584 postquam
1410 1529 1551 1570 nullus
1591 1538 1693 1578 erat,

301 1585 471 1626 evanuit
511 1585 682 1641 quidem
725 1594 924 1641 tanquam
965 1585 1149 1626 incertae
1190 1586 1251 1626 rei
1291 1586 1519 1642 gaudium;
1567 1601 1695 1627 omen

300 1650 442 1683 tamen
481 1642 638 1683 laetum
680 1642 888 1684 insidebat
927 1643 1087 1683 animis.
1154 1643 1283 1691 Quod
1323 1644 1546 1699 postquam
1585 1643 1695 1685 veris

299 1699 458 1740 nuntiis
479 1699 597 1740 Fabii
619 1699 877 1755 Lentulique
907 1709 949 1741 et
971 1699 1138 1740 Metelli
1166 1700 1351 1742 adventu
1378 1701 1589 1742 firmatum
1618 1709 1693 1750 est,

300 1771 432 1811 quum
452 1756 626 1797 victoria
650 1757 751 1812 ipsa,
774 1766 863 1797 tum
894 1757 1069 1813 augurio
1097 1757 1333 1798 animorum
1361 1771 1545 1807 suorum,
1567 1757 1695 1799 laeta-

299 1813 463 1854 bantur.
518 1813 574 1854 Et
595 1813 715 1855 aliter
735 1814 874 1855 editur
895 1814 1091 1855 circensis
1112 1815 1257 1856 turbae
1280 1830 1368 1856 non
1391 1815 1529 1855 minus
1549 1814 1694 1856 similis

299 1870 386 1910 veri
426 1870 595 1911 laetitia.
674 1872 790 1911 Ante
832 1871 945 1911 diem
986 1871 1183 1926 quintum
1223 1872 1435 1913 decimum
1477 1871 1722 1913 Kalendas¹

303 1926 520 1976 Octobres,
553 1927 750 1968 ludorum
788 1927 1079 1968 Romanorum
1114 1929 1300 1970 secundo
1335 1929 1417 1977 die,
1456 1927 1506 1969 C.
1525 1928 1692 1969 Licinio

301 1983 474 2032 consuli,
497 1984 551 2024 ad
572 1983 794 2039 quadrigas
816 1983 1040 2024 mittendas
1065 1985 1322 2034 escendenti,
1346 1985 1595 2035 tabellarius,
1618 1986 1691 2042 qui
1706 2005 1723 2025 2

301 2054 343 2080 se
372 2054 425 2080 ex
448 2039 702 2080 Macedonia
721 2040 863 2080 venire
890 2040 1062 2089 diceret,
1090 2040 1335 2082 *laureatas
1362 2041 1502 2083 literas
1523 2042 1688 2084 dicitur.
1704 2062 1722 2092 3

305 2096 531 2152 Quadrigis
553 2097 698 2145 missis,
721 2096 867 2138 consul
888 2112 1056 2138 currum
1078 2098 1348 2140 conscendit:
1382 2107 1436 2148 et,
1459 2115 1590 2155 quum
1616 2115 1693 2155 per

301 2153 458 2194 circum
480 2153 749 2194 reveheretur
769 2154 823 2194 ad
842 2153 952 2194 foros
977 2154 1179 2209 publicos,
1201 2155 1403 2197 laureatas
1424 2156 1595 2198 tabellas
1615 2172 1724 2213 p0-4

301 2209 401 2265 pulo
423 2210 616 2251 ostendit.
683 2210 849 2258 Quibus
870 2211 1115 2266 conspectiS,
1140 2223 1312 2268 repente
1335 2213 1555 2255 immemor
1574 2229 1692 2270 spec-

1880 1494 1882 1497 ·
1880 1478 1888 1485 ,-
1873 1417 1888 1474 *meai
1874 1371 1875 1377 ⁴

347 2363 359 2384 1
393 2355 549 2391 Quintum
586 2357 756 2393 decimum]
806 2358 972 2394 Quintum,

301 2397 388 2434 quod
421 2396 453 2426 in
485 2397 569 2436 vulg.
600 2408 664 2427 non
702 2402 818 2436 exstat,
848 2399 972 2429 addidit

301 2438 479 2469 BIanutius.
535 2441 688 2470 Decimus
722 2441 807 2470 enim
838 2442 972 2481 quintus

302 2484 380 2517 erat,
400 2484 435 2510 ut
457 2481 638 2511 Crevierius
661 2483 839 2519 annotavit,
860 2483 972 2513 tertius

301 2522 446 2552 decimus
461 2522 528 2553 dies
543 2524 583 2552 ab
596 2533 633 2554 eo
650 2534 713 2563 quo
729 2524 761 2554 in
779 2525 973 2555 Macedonia

301 2568 479 2604 pugnatum
517 2569 574 2596 est.
636 2567 681 2596 At
718 2566 822 2606 pridie
860 2567 973 2597 Nonas

302 2607 507 2645 Septembres
537 2613 714 2647 pugnatum
742 2609 857 2645 fuerat,
883 2618 968 2648 supr.

300 2648 377 2679 xliv.
418 2657 469 2687 37.
514 2649 643 2680 Tertius
679 2654 788 2680 autem
826 2650 970 2681 decimus

301 2690 369 2720 djes
389 2701 409 2720 a
430 2690 531 2729 pridie
547 2691 661 2721 Nonas
677 2692 882 2730 Septembres
903 2697 970 2722 erat

300 2737 378 2762 tunc
399 2742 427 2762 a.
445 2733 474 2762 d.
495 2742 551 2763 xv.
571 2733 647 2763 Kal.
665 2734 831 2764 Octobres.
877 2735 969 2764 Men-

301 2774 342 2804 sis
361 2774 446 2804 enim
462 2775 652 2814 September
668 2775 780 2815 viginti
801 2780 833 2805 et
854 2786 970 2806 novem

301 2816 424 2847 dierum
449 2820 516 2847 erat
540 2827 581 2848 ex
604 2817 804 2847 ordinatione
829 2818 972 2855 Numae,

301 2868 397 2897 quam
415 2861 494 2888 tunc
510 2860 726 2898 sequebantur
742 2859 893 2890 Romani.

345 2910 361 2929 2
379 2901 589 2940 Escendenti]
610 2902 650 2932 In
661 2911 799 2939 currum,
809 2906 844 2931 ut
855 2912 972 2942 nempe

1017 2367 1034 2386 e
1055 2357 1130 2387 foris
1154 2358 1303 2397 publicis,
1318 2358 1373 2389 ubi
1396 2359 1540 2396 sedebat,
1559 2360 1601 2389 ad
1625 2370 1690 2390 car-

1018 2409 1104 2429 ceres
1119 2399 1191 2437 iret,
1206 2404 1303 2439 atque
1321 2400 1397 2431 inde
1419 2401 1545 2440 signum
1562 2402 1689 2441 quadri-

1015 2441 1062 2481 gis
1088 2442 1187 2472 daret.
1233 2444 1387 2474 Ceterum
1417 2443 1550 2473 unicum
1581 2454 1689 2475 exem-

1017 2484 1088 2523 plar
1124 2484 1324 2523 praeferebat
1359 2487 1573 2521 eoescendenti,
1602 2487 1689 2517 unde

1017 2536 1154 2565 pronum
1177 2530 1224 2556 est
1247 2526 1372 2557 efficere
1395 2528 1588 2565 escendenti,
1603 2529 1690 2567 quod

1018 2568 1140 2606 placuit
1155 2568 1308 2598 Turnebo
1324 2573 1356 2599 et
1373 2569 1547 2601 Gronovio.
1571 2570 1678 2602 me.

1057 2618 1074 2648 3
1100 2611 1118 2625 ⁴⁹
1127 2611 1308 2641 Laureatas
1324 2611 1435 2641 literas
1450 2613 1585 2650 dicitur]
1605 2612 1688 2642 Dra-

1014 2651 1211 2681 kenborchio
1222 2651 1350 2687 videtur
1360 2653 1556 2692 negligentia
1568 2653 1688 2684 librarii

1015 2693 1170 2723 excidisse
1188 2703 1298 2724 vocem
1321 2704 1432 2732 unam,
1448 2705 1530 2733 quae
1551 2705 1625 2725 cum
1641 2697 1686 2726 di-

1015 2737 1099 2765 citur
1115 2735 1292 2766 cohaereat.
1337 2737 1524 2767 Reddidisse
1539 2737 1688 2776 Sigonius

1016 2776 1187 2807 desiderari
1203 2777 1349 2808 coniecit.

1059 2829 1078 2855 4
1100 2820 1198 2849 Foros
1219 2821 1380 2859 publicos]
1410 2830 1452 2850 sc.
1478 2820 1576 2857 Loca,
1600 2822 1687 2852 unde

1017 2864 1238 2899 spectarentur
1254 2861 1331 2892 ludi.
1356 2862 1395 2893 cf.
1412 2872 1496 2901 supr.
1515 2863 1603 2894 xxix.
1620 2871 1671 2902 37.
