1888 3194
933 195 951 233 I
979 195 1017 233 ΒΨ
1045 195 1083 232 Ι)
1112 195 1145 233 ΙΞ
1173 194 1221 233 ὶζ.

437 276 469 303 et
483 272 594 303 urbem
611 270 737 303 Volscis
752 270 859 310 tradit,
875 271 951 303 ibid.
968 272 1007 303 cf.
1025 275 1057 303 et

438 322 488 354 27,
500 325 531 356 9.
556 324 606 356 29,
622 322 668 354 15.
692 315 732 345 de
748 314 890 352 Circeiis,
902 315 988 354 quod
1003 325 1055 354 pe-

436 358 564 388 cuniam
600 357 782 396 militesque
815 357 971 388 Romanis
1004 368 1056 388 ne-

435 404 557 440 garant,
572 400 894 437 senatusconsultum,
908 400 984 431 ibid.

394 442 590 474 Circeienses
605 443 781 473 moliuntur
797 443 1010 474 defectionem
1026 442 1056 481 6,

440 494 487 523 12,
504 495 554 517 21.

394 527 544 559 Circense
560 527 719 559 ludicrum
735 540 787 567 44,
802 539 832 569 9.

394 570 591 602 Circensium
635 571 783 601 ludorum
820 570 1057 610 magnificentia

436 614 555 652 44.18.

394 655 644 695 Circumpadani
661 655 766 695 campi
783 665 832 692 21,
850 664 866 694 3
871 663 898 694 5.

394 698 505 729 Circus
526 698 722 737 Apollinaris
748 706 778 736 3,
802 696 851 735 63.
881 696 1059 727 Flaminius

436 749 466 779 3,
483 749 532 778 54.
566 748 615 778 27,
636 749 684 770 21.
717 739 749 769 in
774 750 811 769 eo
835 750 889 770 ara
911 740 1059 779 Neptuni

437 782 488 820 28,
513 792 559 812 11.
590 781 768 812 maritimus
790 782 877 821 apud
902 782 1060 812 Hernicos

435 834 466 865 9,
477 834 526 862 42.
547 824 718 862 maximus,
730 835 749 854 a
761 824 936 863 Tarquinio
951 824 1059 855 Prisco

435 867 621 897 aedificatus
647 876 674 904 1,
691 876 739 906 35.
767 867 849 897 foros
869 867 902 897 in
925 877 962 897 eo
983 867 1060 897 facit

435 909 629 948 Tarquinius
639 909 801 949 Superbus
811 909 860 948 56.
873 909 906 939 in
913 919 950 940 eo
957 909 1060 940 factus

435 952 539 982 fornix
561 952 601 982 de
620 951 789 989 manubiis,
810 955 841 982 et
865 952 976 982 fornici
1001 951 1057 982 im-

435 994 540 1034 posita
555 994 642 1034 signa
657 998 769 1024 aurata
785 1003 835 1033 33,
850 1001 898 1033 27.
922 995 1010 1034 signa
1024 994 1057 1024 in

436 1047 474 1067 eo
495 1047 567 1067 cum
586 1036 753 1074 columnis,
770 1038 884 1076 quibus
902 1040 1056 1077 supersta-

435 1080 525 1117 bant,
541 1079 652 1110 evertit
668 1083 758 1110 atrox
775 1084 948 1119 tempestas
963 1090 1014 1119 40,
1029 1089 1056 1112 2.

435 1132 535 1162 prope
551 1122 669 1153 circum
685 1123 780 1153 aedes
793 1122 929 1153 Veneris
948 1132 995 1160 10,
1006 1131 1055 1161 31.

436 1164 469 1195 111
494 1165 576 1195 circo
602 1175 740 1196 carceres
764 1166 891 1204 quando
917 1165 1056 1205 primum

436 1207 547 1238 statuti
563 1208 593 1245 8,
611 1217 659 1238 2ο.
682 1207 715 1238 in
731 1217 769 1238 eo
785 1207 853 1237 ludi
870 1218 926 1247 per
941 1208 1056 1247 quatri-

436 1251 537 1280 duum
552 1250 629 1280 facti
648 1259 699 1289 30,
717 1257 764 1289 27.
791 1250 873 1280 circo
891 1250 1057 1288 inundato,

436 1293 505 1323 ludi
520 1292 723 1332 Apollinares
738 1297 828 1323 extra
843 1297 968 1332 portam
984 1293 1057 1324 Col-

436 1334 537 1365 linam
553 1335 655 1375 parati
672 1344 723 1374 30,
739 1335 788 1374 38.

395 1377 510 1409 Cirrha
525 1387 577 1417 42,
597 1385 644 1418 15.

395 1421 486 1452 Cirta
512 1430 561 1462 29,
585 1429 634 1459 32.
667 1424 764 1460 caput
790 1421 875 1460 regni
903 1420 1059 1461 Syphacis

437 1472 490 1502 3ο,
508 1472 555 1494 12.
587 1472 620 1493 se
643 1463 731 1493 dedit
757 1463 956 1501 Masinissae,
981 1463 1056 1494 ibid.

437 1515 508 1535 eam
525 1505 711 1536 Masinissae
727 1506 824 1536 donat
840 1505 947 1545 Scipio
964 1516 1013 1544 44.

395 1547 580 1587 Cistophori
595 1547 720 1578 nummi
737 1555 787 1586 37,
803 1547 852 1586 46.
877 1557 928 1589 39,
947 1556 973 1588 7.

394 1590 596 1621 Cithaeronis
611 1590 710 1620 saltus
727 1599 777 1629 31,
794 1589 843 1621 26.

394 1633 528 1670 Citium,
540 1633 753 1663 Macedoniae
768 1633 923 1673 oppidum
942 1643 992 1671 42,
1008 1642 1056 1672 51.

395 1675 509 1713 Citius,
524 1685 616 1705 mons
631 1684 682 1714 43,
700 1685 748 1714 23.

395 1718 490 1749 Cives
504 1717 578 1748 novi
600 1717 684 1748 censi
706 1719 736 1755 8,
756 1725 801 1757 17.
826 1718 943 1749 civium
960 1718 1056 1750 Rom.

435 1759 468 1790 in
491 1760 649 1791 centurias
671 1760 852 1791 distributio
879 1771 906 1797 1,
922 1770 972 1799 43.
1000 1772 1056 1791 nu-

434 1813 541 1833 merus
556 1807 700 1843 tempore
716 1803 815 1834 Servii
832 1803 934 1834 Tullii
951 1815 1001 1842 44.

394 1845 498 1878 Civile
513 1845 573 1882 ius,
588 1846 622 1876 in
637 1846 853 1885 penetralibus
869 1847 1057 1886 pontificum

435 1888 621 1928 repositum,
651 1889 690 1920 C.
713 1888 853 1926 Flavius,
880 1889 941 1920 Cn.
962 1889 1057 1927 filius,

436 1931 549 1969 scriba,
565 1931 692 1970 evulgat
707 1941 738 1972 9,
753 1930 805 1970 46.

394 1973 599 2011 Civismarus,
619 1974 746 2014 regulus
770 1973 952 2012 Gallorum,
972 1973 1057 2004 cadit

436 2016 469 2046 in
486 2016 606 2055 proelio
624 2026 674 2055 24,
691 2026 741 2054 42.

394 2058 516 2090 Civitas
530 2059 563 2089 in
585 2059 663 2089 duas
684 2062 789 2098 partes
807 2058 940 2090 discedit
961 2069 991 2100 9,
1008 2058 1058 2097 46.

437 2101 547 2139 libera,
570 2104 602 2131 et
620 2111 687 2140 rex,
707 2105 822 2131 natura
843 2101 925 2131 inter
946 2112 978 2132 se
1000 2102 1058 2131 ini—

435 2143 520 2174 mica
545 2151 597 2182 37,
621 2151 670 2182 54.
702 2143 839 2174 civitatis
864 2144 965 2174 forma
990 2154 1058 2174 mu-

435 2188 532 2223 tatur,
552 2196 572 2216 a
595 2186 778 2216 consulibus
800 2186 842 2216 ad
865 2186 1060 2216 decemviros

435 2229 589 2258 translato
601 2228 736 2268 imperio
750 2238 779 2267 3,
790 2237 839 2267 33.
860 2228 979 2258 liberae
990 2228 1059 2259 iura

437 2270 584 2300 omnibus
598 2280 701 2309 aequa
716 2282 746 2309 4,
765 2278 812 2308 15.

395 2311 473 2343 Cius
487 2313 572 2349 urbs,
587 2312 731 2342 funditus
747 2321 855 2342 eversa
871 2321 922 2350 32,
940 2321 990 2351 33,
1008 2322 1057 2352 34.

395 2355 527 2386 Clamor
545 2354 578 2384 in
599 2354 720 2394 proelio
740 2354 770 2391 8,
790 2353 838 2391 16,
855 2355 903 2393 38.
934 2362 983 2392 25,
1007 2364 1057 2393 21,

437 2406 487 2434 41.
522 2405 572 2435 3ο,
600 2406 649 2436 34.
682 2395 773 2426 initio
800 2406 936 2435 pugnae,
959 2397 1056 2427 index

437 2442 569 2470 eventus
585 2450 615 2478 4,
632 2446 681 2477 37.
705 2448 756 2477 40,
775 2439 823 2469 28.

396 2481 578 2521 Clampetia
598 2481 631 2511 in
652 2480 786 2511 Bruttiis
805 2480 929 2520 capitur
949 2492 967 2512 a
991 2482 1055 2513 Ro-

437 2524 540 2555 manis
557 2533 607 2565 29,
624 2524 674 2562 38.
699 2533 749 2563 3ο,
769 2533 815 2564 19.

396 2566 568 2606 Clarigatio
584 2567 615 2602 8,
634 2575 683 2603 14.

396 2610 537 2641 Classico
555 2608 673 2639 milites
691 2609 732 2639 ad
753 2608 937 2640 concionem
955 2610 1057 2641 vocati

441 2660 469 2692 7³
486 2650 535 2691 36·
559 2651 589 2689 8,
608 2658 636 2691 7⁹
652 2660 702 2690 3²·

396 2695 515 2727 Classis
531 2694 732 2724 Achaeorum
749 2701 800 2733 35,
818 2693 866 2724 26.
890 2695 992 2725 Attali
1006 2705 1056 2735 32,

442 2736 488 2768 16.
521 2736 729 2773 Graecorum,
755 2737 796 2766 ad
824 2736 939 2768 Italiae
964 2738 1058 2768 litora

438 2779 575 2819 appulsa
594 2789 641 2816 10,
655 2788 682 2809 2.
707 2778 844 2809 Nabidis
861 2787 910 2818 35,
924 2779 972 2811 26.
995 2780 1058 2810 Ρ11-

438 2822 511 2852 nica
535 2831 584 2859 21,
606 2831 654 2851 22.
683 2824 847 2860 quassatur
869 2826 1059 2862 tempestate

440 2873 491 2903 23,
522 2873 570 2904 34.
609 2867 709 2894 vastat
740 2863 918 2895 Sardiniam
950 2875 1000 2904 27,
1030 2865 1059 2896 6.

440 2906 575 2938 vincitur
603 2916 623 2936 a
649 2906 797 2938 Romana
823 2916 872 2947 29.
897 2911 927 2938 et
957 2908 1005 2943 28,
1031 2919 1058 2945 4.

1142 271 1259 302 traiicit
1281 270 1314 302 in
1336 270 1476 302 Africam
1499 280 1550 312 29,
1566 277 1615 310 25.
1642 270 1765 302 Rhodi-

1143 325 1232 345 orum
1258 323 1310 353 32,
1334 313 1380 346 16.
1413 315 1635 345 Romanorum
1658 323 1690 355 9,
1714 314 1765 353 38.

1142 361 1276 397 augetur
1297 367 1348 395 22,
1371 364 1420 397 37.
1444 367 1495 395 24,
1519 366 1565 387 11.
1592 356 1766 396 populatur

1142 400 1285 430 Africam
1310 407 1361 439 27,
1383 407 1413 438 5,
1435 409 1483 440 29.
1510 399 1608 429 vincit
1632 400 1765 430 classem

1143 442 1298 473 Punicam
1322 443 1374 480 28,
1390 453 1418 480 4.
1445 445 1548 472 vastat
1570 451 1680 481 agrum
1703 441 1765 472 Co-

1142 485 1295 515 rinthium
1315 493 1364 524 27,
1383 495 1430 524 31.
1454 484 1506 515 die
1524 483 1765 524 quadragesimo

1142 528 1265 566 quinto,
1302 537 1397 566 quam
1432 537 1472 557 ex
1507 526 1593 557 silvis
1632 526 1766 557 materia

1143 570 1284 599 detracta
1324 572 1402 607 erat,
1438 568 1471 599 in
1507 579 1624 608 aquam
1666 569 1764 599 dedu-

1144 611 1225 641 citur
1258 611 1308 649 28,
1339 619 1388 649 45.
1431 612 1650 650 proficiscitur,
1683 612 1765 642 duce

1144 653 1304 692 Scipione,
1319 653 1352 683 in
1369 653 1510 684 Africam
1533 664 1584 695 29,
1600 662 1638 693 25
1661 657 1692 684 et
1714 652 1764 685 26.

1144 695 1281 726 custodit
1301 695 1429 726 Siciliae
1447 699 1478 726 et
1494 696 1657 727 Sardiniae
1676 706 1765 726 oram

1145 747 1196 777 30,
1214 748 1240 769 2.
1270 741 1484 768 commeatum
1505 749 1545 768 ex
1565 738 1710 768 Sardinia
1731 738 1765 770 in

1145 781 1287 811 Africam
1304 781 1432 818 vehens,
1449 780 1573 820 capitur
1593 790 1612 810 a
1632 780 1765 811 Cartha-

1144 823 1338 862 giniensibus
1355 832 1404 860 24.
1426 827 1514 862 gesta
1530 822 1563 853 in
1580 822 1718 853 Graecia
1733 827 1766 853 et

1146 869 1256 896 contra
1286 866 1438 896 Perseum
1469 875 1520 905 31,
1548 876 1597 905 44.
1636 875 1688 903 42,
1715 872 1765 906 27.

1145 908 1297 938 classibus
1318 912 1494 948 pugnatum
1515 909 1556 939 ad
1577 907 1716 939 Fidenas
1734 919 1765 947 4,

1144 959 1193 989 34.
1218 951 1365 981 classium
1384 961 1403 980 a
1422 951 1530 981 Servio
1546 950 1656 981 Tullio
1676 949 1765 981 insti-

1143 998 1214 1023 tuta
1229 992 1390 1024 distinctio
1410 1003 1437 1031 1,
1453 1003 1503 1033 43.
1526 1004 1556 1032 4,
1573 1004 1602 1032 4.

1101 1036 1304 1074 Clastidium,
1337 1035 1435 1073 vicus,
1468 1036 1612 1075 proditur
1649 1036 1766 1067 Poenis

1143 1089 1194 1117 21,
1215 1079 1262 1117 48.
1290 1079 1350 1109 fuit
1370 1079 1519 1109 horreum
1541 1079 1669 1117 Poenis,
1687 1079 1764 1110 ibid.

1142 1132 1175 1152 se
1199 1122 1287 1152 dedit
1314 1121 1481 1159 Romanis,
1509 1131 1559 1162 32,
1581 1131 1629 1163 29.
1658 1121 1764 1153 incen-

1143 1164 1228 1194 ditur
1244 1174 1293 1204 31.

1102 1205 1239 1237 Claudia
1255 1206 1380 1242 Quinta
1399 1210 1545 1237 matrona
1565 1207 1605 1236 ab
1623 1207 1764 1237 sacerdo-

1143 1249 1227 1279 tibus
1252 1250 1384 1280 Idaeam
1409 1253 1545 1280 matrem
1572 1248 1689 1289 accipit
1713 1259 1764 1291 29,

1148 1301 1194 1330 14.
1217 1292 1284 1322 eius
1300 1291 1466 1332 pudicitia,
1478 1291 1554 1322 ibid.

1102 1334 1240 1366 Claudia
1261 1345 1338 1374 gens
1360 1334 1473 1372 omnis,
1494 1344 1560 1371 cur,
1581 1337 1613 1364 et
1635 1335 1764 1373 quando

1144 1377 1304 1407 sordidata
1319 1376 1350 1413 6.
1368 1387 1416 1408 2ο.
1439 1376 1614 1406 maiestatis
1631 1376 1764 1408 Patrum

1143 1420 1371 1459 propugnatrix
1395 1428 1445 1457 41.
1473 1418 1603 1448 inimica
1624 1418 1711 1458 plebi
1733 1429 1765 1461 9,

1103 1503 1239 1535 Claudia
1253 1504 1354 1535 tribus
1368 1505 1408 1535 ab
1425 1503 1487 1544 Ap.
1501 1503 1640 1536 Claudio
1654 1504 1764 1544 appel-

1143 1547 1209 1577 lata
1226 1557 1255 1583 2,
1275 1546 1321 1578 16.

1102 1589 1281 1621 Claudiana
1301 1592 1403 1620 castra
1423 1599 1474 1629 23,
1498 1599 1548 1630 31,
1567 1599 1618 1631 39,
1634 1589 1685 1628 48.
1713 1597 1764 1629 25,

1144 1641 1193 1663 22.

1102 1674 1267 1713 Claudius,
1286 1674 1454 1706 historicus
1474 1675 1505 1713 8,
1530 1685 1578 1716 19.
1604 1685 1636 1717 9,
1656 1685 1685 1715 5.
1712 1684 1765 1715 33,

1147 1728 1194 1755 10,
1211 1727 1260 1756 3ο.
1284 1718 1416 1748 annales
1431 1717 1594 1748 Acilianos
1608 1728 1648 1748 ex
1665 1717 1764 1749 Grae-

1144 1770 1180 1790 co
1196 1760 1227 1790 in
1245 1759 1397 1791 Latinum
1413 1760 1506 1791 vertit
1519 1770 1535 1790 2
1540 1768 1570 1800 5,
1585 1770 1634 1801 39.
1651 1767 1702 1799 35,
1718 1770 1765 1798 14.

1101 1803 1256 1834 Claudius
1272 1803 1400 1834 Asellus
1420 1806 1541 1843 pugnat
1563 1813 1635 1833 cum
1657 1803 1764 1833 Iubel-

1143 1846 1185 1875 lio
1202 1846 1329 1876 Taurea
1344 1846 1512 1885 Campano
1529 1855 1580 1885 23,
1595 1844 1647 1884 46,
1663 1852 1714 1884 47.

1101 1888 1257 1919 Claudius
1272 1888 1362 1919 Nero
1379 1898 1429 1927 24,
1445 1895 1491 1927 17.
1515 1891 1641 1928 praetor
1653 1898 1669 1918 2
1674 1896 1704 1927 5,
1715 1897 1764 1919 22.

1101 1931 1163 1970 Ap.
1177 1931 1344 1969 Claudius,
1358 1941 1475 1971 magna
1489 1930 1653 1961 clientium
1669 1930 1763 1960 comi-

1142 1977 1228 2003 tatus
1257 1984 1366 2011 manu,
1395 1975 1435 2004 ab
1466 1973 1594 2013 Regillo
1623 1973 1764 2003 Romam

1143 2016 1311 2056 transfugit
1332 2026 1363 2054 2,
1387 2015 1434 2047 16.
1461 2015 1499 2046 iis
1525 2016 1618 2045 datur
1642 2014 1764 2052 civitas,

1144 2062 1176 2088 et
1196 2062 1282 2089 trans
1298 2059 1456 2089 Anienem
1476 2068 1561 2097 ager,
1578 2056 1653 2088 ibid.
1681 2056 1765 2087 inter

1145 2101 1258 2131 Patres
1278 2101 1402 2140 legitur,
1417 2099 1493 2130 ibid.
1521 2099 1632 2130 consul
1653 2109 1703 2130 21.
1730 2099 1764 2130 in

1144 2142 1212 2173 eius
1228 2143 1395 2173 consulatu
1412 2143 1525 2172 turbae
1542 2151 1591 2180 23.
1607 2151 1673 2181 sqq.
1696 2141 1765 2172 eius

1145 2185 1302 2215 sententia
1325 2185 1365 2215 de
1388 2184 1542 2215 dictatore
1564 2185 1700 2214 creando
1723 2194 1763 2226 29

1144 2231 1176 2257 et
1194 2237 1241 2267 3ο.
1265 2231 1376 2257 auctor
1391 2227 1609 2258 dissolvendae
1625 2230 1764 2266 potesta-

1143 2270 1184 2299 tis
1213 2269 1396 2300 tribunitiae
1425 2280 1482 2310 per
1506 2269 1764 2301 intercessionem

1101 2354 1163 2394 Ap.
1180 2354 1346 2393 Claudius,
1371 2365 1433 2386 cos.
1458 2354 1592 2385 infestus
1620 2353 1708 2394 plebi
1733 2364 1763 2393 2,

1144 2396 1192 2435 56.
1221 2401 1312 2427 atrox
1337 2397 1404 2428 eius
1428 2401 1590 2428 certamen
1613 2398 1764 2428 adversus

1141 2439 1284 2470 tribunos
1307 2440 1347 2470 de
1369 2439 1604 2480 magistratibus
1629 2438 1763 2479 plebeiis

1141 2482 1266 2512 tributis
1311 2482 1447 2513 comitiis
1491 2481 1645 2519 creandis,
1686 2481 1762 2513 ibid.

1141 2524 1278 2555 mittitur
1297 2525 1330 2555 in
1354 2525 1489 2555 Volscos
1509 2525 1558 2564 58.
1586 2523 1762 2555 exercitum

1142 2567 1354 2606 nequicquam
1383 2568 1512 2598 domare
1541 2569 1656 2605 tentat,
1685 2566 1762 2598 ibid.

1142 2609 1209 2640 eius
1231 2610 1387 2640 exercitus
1408 2610 1531 2640 mavult
1552 2609 1646 2647 vinci,
1666 2619 1763 2648 quam

1143 2651 1267 2682 vincere
1291 2660 1339 2693 59.
1365 2652 1399 2682 111
1422 2651 1597 2684 exercitum
1619 2651 1762 2682 animad-

1143 2694 1248 2733 venit,
1263 2695 1339 2725 ibid.
1363 2694 1391 2725 ei
1407 2694 1474 2725 dies
1491 2693 1607 2724 dicitur
1621 2692 1672 2726 61.
1695 2704 1762 2725 mo-

1144 2737 1231 2775 ritur,
1247 2737 1322 2767 ibid.

1102 2780 1164 2820 Ap.
1177 2779 1332 2811 Claudius
1352 2783 1475 2810 creatur
1490 2778 1650 2810 decemvir
1665 2789 1695 2820 3,
1712 2788 1761 2819 33.

1145 2822 1211 2852 eius
1237 2821 1367 2852 ambitio
1395 2831 1443 2862 35.
1472 2822 1624 2853 violentia
1647 2821 1698 2861 36.
1726 2822 1761 2852 11-

1145 2865 1219 2894 bido
1238 2875 1287 2902 44.
1315 2865 1382 2895 foro
1405 2864 1536 2904 pellitur
1558 2874 1608 2905 49.
1635 2864 1761 2895 abdicat

1146 2907 1392 2938 decemviratum
1421 2916 1469 2947 54.
1501 2907 1530 2938 ei
1556 2907 1623 2938 dies
1647 2905 1762 2939 dicitur
