1888 3194
427 189 576 232 ΤῙΤΙ
612 187 795 231 LIVII
832 187 1299 230 FRAGMENTA.
1480 191 1564 233 279

635 371 658 394 *
672 372 749 415 Ex
769 373 842 415 lib.
868 371 1095 414 XCVIII.

223 460 370 502 Livius
393 460 464 511 ait,
485 475 705 517 nunquam
727 461 946 502 Romanos
973 459 1093 515 signa
1119 473 1216 501 cum
1244 458 1434 501 hostibus
1461 475 1562 502 con-

165 517 306 561 tulisse
339 527 457 560 tanto
487 533 665 560 numero
696 518 924 559 inferiores.
989 516 1144 572 Neque
1176 517 1288 558 enim
1317 517 1561 573 vigesimam

162 575 471 633 propemodum
490 584 667 632 partem,
690 575 775 616 imo
796 590 875 616 nec
896 575 1117 624 minorem,
1135 583 1371 630 aequarunt
1385 575 1562 617 victores

161 632 380 675 victorum.
453 634 680 675 Plutarch.
718 633 888 674 Lucull.
927 647 1024 688 cap.
1061 635 1128 673 28.
1191 633 1260 688 Qf.
1295 632 1558 675 Freinshem.

162 690 381 746 Supplem.
406 705 504 746 cap.
525 693 595 732 49.

219 746 367 788 Livius
387 756 533 789 auctor
552 755 627 797 est,
644 746 782 804 priore
804 746 965 803 proelio
985 745 1061 802 (ad
1078 745 1402 803 Tigranocerta)
1419 745 1560 802 plures

158 803 299 854 fuisse,
332 805 376 846 in
406 804 487 846 hoc
517 804 592 861 (ad
617 803 844 860 Artaxata)
874 803 1101 846 nobiliores
1131 804 1316 846 hostium
1346 818 1487 845 caesos
1517 813 1561 846 et

160 870 316 919 captOS.
379 863 605 905 Plutarch.
629 863 797 904 Luc-ull.
821 877 918 919 cap.
943 864 1011 904 31.
1079 862 1148 918 Cf.
1167 862 1429 904 Freinshem.
1448 862 1561 918 Sup-

151 920 284 975 plem.
309 935 406 976 cap.
431 922 497 962 73.
1413 927 1421 932 “

649 1053 671 1073 *
689 1054 767 1095 Ex
788 1054 860 1094 lib.
886 1053 1061 1095 XCIX.

219 1142 350 1183 Creta
388 1141 525 1197 primo
565 1140 739 1197 quidem
779 1149 951 1182 centum
991 1140 1139 1182 habuit
1178 1141 1394 1190 civitates;
1442 1140 1557 1182 unde

159 1198 478 1255 Hecatompolis
509 1198 623 1240 dicta
657 1207 745 1239 est:
814 1206 879 1239 ost
914 1198 1065 1254 viginti
1097 1206 1322 1254 quattuor:
1362 1198 1475 1247 inde,
1510 1206 1558 1240 ut

156 1255 324 1306 dicitur,
347 1255 464 1306 duas,
490 1255 688 1297 Gnosson
715 1262 759 1296 et
835 1255 1109 1311 ierapytnam.
1175 1254 1381 1303 Quamvis
1408 1255 1557 1297 Livius

156 1313 298 1370 plures
318 1328 343 1354 a
366 1312 545 1355 Metello
566 1321 828 1369 expugnatas
849 1311 975 1354 dicat.
1039 1313 1160 1354 Serv.
1185 1314 1246 1353 ad
1273 1313 1427 1368 Virgil.
1448 1313 1554 1354 Aen.

155 1371 252 1413 III.
277 1374 370 1413 106.

685 1504 706 1525 ⁴*
720 1504 798 1546 Ex
819 1503 893 1546 lib.
921 1504 1025 1545 CII.

218 1593 349 1643 Quod
369 1609 502 1650 quum
523 1593 725 1635 diluisset.
787 1593 1028 1649 Agroetius
1047 1595 1101 1636 de
1126 1593 1334 1651 Orthogr.
1350 1609 1401 1650 p.
1425 1595 1553 1637 2267.

156 1653 219 1694 ed.
245 1653 422 1694 Putsela.

217 1708 389 1750 Etenim
417 1716 539 1765 capta
570 1708 671 1749 urbe
699 1705 1017 1763 (Hierosolyma
1037 1721 1061 1748 a
1084 1706 1165 1748 Cn.
1184 1706 1410 1764 Pompeio)
1432 1708 1556 1751 tertio

155 1767 328 1809 demum
370 1780 528 1816 mense,
569 1765 638 1806 die
680 1764 840 1814 ieiunii,
885 1763 1142 1821 Olympiade
1187 1765 1418 1807 centesima
1460 1781 1555 1823 sep-

155 1824 388 1881 tuagesima
418 1838 543 1873 nona,
580 1823 627 1864 C.
648 1821 841 1864 Antonio
874 1830 918 1862 et
950 1822 1013 1864 M.
1040 1821 1184 1863 Tullio
1216 1823 1422 1864 Cicerone
1453 1838 1555 1865 con-

154 1882 327 1931 sufibus,
349 1896 482 1938 quum
511 1881 650 1922 hostes
675 1880 716 1921 vi
743 1878 918 1935 ingressi
945 1894 1030 1928 eos,
1052 1879 1126 1935 qui
1157 1889 1276 1921 erant
1306 1881 1350 1921 in
1381 1880 1553 1937 templo,

154 1938 421 1996 iugularent3
466 1950 622 1987 tamen,
660 1937 733 1992 qui
769 1951 884 1977 sacra
918 1937 1212 1992 procurabant,
1249 1937 1383 1979 nihilo
1418 1938 1553 1980 secius

153 2011 243 2038 rem
265 1995 451 2037 divinam
473 1994 607 2036 facere
633 1993 968 2050 perseverabant,
992 2008 1131 2050 neque
1158 2002 1275 2036 metu
1295 1995 1405 2036 vitae
1431 1996 1553 2037 amit-¹

154 2053 321 2104 tendae,
343 2068 483 2109 neque
506 2053 559 2094 ob
582 2051 802 2094 hominum
825 2050 907 2092 iam
928 2066 1142 2092 caesorum
1170 2051 1486 2094 multitudinem
1509 2053 1553 2094 in

153 2112 296 2169 fugam
332 2109 550 2176 compulsi,
588 2118 632 2151 et
665 2108 794 2150 satius
829 2123 917 2149 esse
954 2108 1045 2158 rati,
1080 2107 1285 2164 quicquid
1320 2110 1407 2166 pati
1443 2120 1551 2152 esset

153 2184 337 2218 necesse,
359 2168 414 2209 ad
435 2182 543 2224 ipsas
563 2166 746 2224 perferre
767 2180 870 2216 aras,
894 2181 1021 2222 quam
1043 2165 1205 2222 aliquid
1225 2166 1388 2223 legibus
1409 2168 1552 2223 patriis

153 2235 427 2283 praeceptum
467 2225 691 2282 negligere.
755 2222 876 2265 Haec
917 2231 1060 2265 autem
1100 2238 1187 2264 nou
1227 2238 1316 2266 esse
1352 2224 1552 2275 fabulosa,

154 2284 279 2326 unice
316 2283 370 2324 ad
405 2282 550 2324 falsam
585 2283 787 2339 pietatem
827 2280 1154 2337 praedicandam
1195 2282 1441 2338 spectantia,
1478 2283 1553 2324 scd

153 2356 262 2391 vera,
287 2340 526 2383 testimonio
553 2348 665 2390 sunt,
687 2339 762 2396 qui
788 2353 853 2380 res
879 2354 905 2380 a
929 2338 1134 2396 Pompeio
1160 2348 1298 2396 gestas
1325 2341 1551 2382 memoriae

152 2398 458 2456 prodiderunt;
503 2398 547 2439 in
580 2397 644 2439 his
679 2397 829 2440 Strabo
864 2405 908 2438 et
942 2395 1157 2447 Nicolaus,
1192 2412 1240 2438 ac
1277 2406 1441 2453 praeter
1477 2398 1552 2439 hos

153 2457 204 2500 Τ.
224 2457 385 2506 Livius,
414 2455 610 2498 historiae
635 2456 854 2498 Romanae
886 2454 1076 2511 scriptor.
1139 2455 1314 2511 Ioseph.
1331 2455 1431 2497 Ant.
1454 2457 1549 2497 Iud.

152 2516 280 2559 XIV.
302 2518 342 2556 4.
366 2518 404 2556 3.

685 2605 762 2646 Ex
784 2604 856 2645 lib.
886 2603 1018 2644 CIII.

270 2687 521 2730 Horrendus
542 2687 673 2743 magis
694 2696 768 2737 est,
789 2686 961 2785 perimit
980 2686 1053 2742 qui
1075 2701 1262 2743 corpora,
1285 2688 1421 2730 carbo.

272 2745 370 2787 Urit
390 2746 459 2786 hic
482 2745 678 2795 inclusus,
702 2745 785 2786 vita
805 2745 844 2786 ia
864 2743 1022 2800 rumpit
1042 2754 1235 2800 apertus:

271 2802 400 2844 IIunc
422 2812 583 2845 veteres
603 2801 818 2859 quondam
840 2802 962 2843 variis
984 2801 1183 2858 pepulere
1208 2802 1392 2844 medelis.

270 2859 417 2902 Tertia
437 2875 619 2916 namque
643 2860 731 2902 Titi
752 2859 877 2901 simul
898 2869 941 2901 ct
961 2859 1192 2901 centesima
1215 2859 1307 2900 Livi

273 2916 431 2959 Charta
452 2917 590 2966 docet,
613 2918 721 2960 ferro
743 2917 868 2959 talem
891 2916 1098 2959 candente
1121 2915 1309 2958 dolorem
