1888 3194
500 214 626 256 LIB.
659 213 827 255 XLIII.
873 213 1020 255 CAP.
1054 218 1092 256 3.
1426 218 1502 258 101

92 323 105 344 1
120 305 314 353 haberet3
346 318 451 345 neve
479 312 646 360 cogeret
669 303 885 345 vicesimas
904 303 1086 345 vendere
1110 302 1334 360 Hispanos,
1357 307 1503 361 quanti
1519 318 1562 351 U.
1579 319 1618 351 C.
1639 319 1712 360 581.

119 363 208 420 ipse
228 361 376 410 veliet3
409 369 452 402 et
471 376 524 402 ne
546 361 744 417 praefecti
774 361 818 402 in
846 360 1002 418 oppida
1028 376 1103 402 sua
1131 360 1186 402 ad
1214 363 1413 417 pecunias
1433 379 1503 405 co-
1516 362 1555 393 A.
1579 363 1617 394 C.
1642 370 1678 401 17
1685 371 1710 394 1·

118 419 276 477 gendas
295 419 622 475 imponerentur.

177 476 232 518 Et
253 476 334 518 alia
354 477 451 518 novi
471 477 634 533 generis
655 476 874 518 hominum
895 491 948 517 ex
972 476 1178 532 Hispania
1197 476 1351 534 legatio
1372 478 1499 519 venit.

119 533 187 576 Ex
208 533 408 576 militibus
431 534 633 575 Romanis
654 543 696 575 et
717 549 771 575 ex
793 533 993 590 Hispanis
1014 534 1270 585 mulieribus,
1292 551 1389 578 cum
1409 536 1503 592 qui-

117 592 195 634 bus
210 592 467 634 connubium
489 607 576 633 non
597 603 717 641 esset,
734 601 854 632 natos
874 607 916 633 se
938 601 1229 642 memorantes,
1244 608 1370 650 supra
1382 602 1503 650 quat-

118 658 214 691 tuor
247 649 377 691 millia
413 649 643 699 hominum,
681 650 866 699 orabant,
900 658 947 690 ut
981 650 1059 691 sibi
1094 650 1310 707 oppidum,
1342 651 1386 692 in
1417 666 1502 708 quo

117 706 365 757 habitarent,
402 707 582 749 daretur.
653 706 830 749 Senatus
864 707 1063 757 decrevit,
1099 708 1190 749 ‘uti
1225 709 1395 750 nomina
1429 724 1504 750 sua

88 784 105 805 2
120 760 259 822 ‘apud
281 765 330 806 L.
349 765 601 808 Canuleium
622 765 941 822 profiterentur:
975 780 1204 822 eorumque
1227 767 1260 807 si
1282 782 1387 823 quos
1415 781 1503 808 ma-

120 829 132 848 ‘
147 823 396 873 numisisset,
429 838 500 864 eos
533 823 744 865 Carteiam
780 822 832 864 ad
870 822 1090 865 Oceanum
1131 824 1284 866 deduci
1324 824 1500 881 plaeere.

88 894 106 925 3
121 887 132 905 ‘
151 880 240 930 Qui
262 880 570 922 Carteiensium
600 881 714 922 domi
745 896 913 922 manere
934 880 1102 931 vellent,
1124 891 1374 938 potestatem
1401 882 1501 933 fore,
1517 893 1647 925 Carteia
1661 905 1712 926 co-

87 944 133 986 4‘
149 939 211 980 uti
241 954 415 980 numero
445 939 688 980 colonorum
719 948 868 988 essent,
898 954 996 995 agro
1027 939 1244 994 assignato.
1307 939 1503 982 Latinam
1515 936 1612 968 lonia.

121 1002 133 1021 ‘
148 1011 240 1038 eam
261 996 466 1038 coloniam
488 1012 590 1046 esse,
613 996 985 1052 libertinorumque
1007 997 1231 1053 appellari.'

178 1053 341 1095 Eodem
373 1063 559 1110 tempore
580 1069 634 1095 ex
656 1054 801 1095 Africa
824 1064 866 1095 et
890 1054 1073 1095 Gulussa
1101 1055 1282 1111 regulus,
1305 1055 1503 1098 Masinis·
1517 1067 1658 1098 Gulussa
1673 1069 1706 1097 et

119 1126 187 1153 sae
208 1111 330 1161 filius,
352 1111 512 1166 legatus
533 1111 672 1167 patris,
694 1121 737 1152 et
756 1110 1125 1168 Carthaginienses
1147 1123 1361 1154 venerunt.
1412 1113 1504 1155 Gu-
1517 1109 1613 1158 iegati
1626 1110 1702 1158 Qar-

119 1169 230 1211 lussa
288 1169 371 1210 rior
402 1169 446 1209 in
478 1178 668 1210 senatum
702 1169 977 1219 introductus,
1009 1178 1064 1219 et,
1094 1185 1201 1226 quae
1233 1171 1356 1212 missa
1386 1153 1692 1226 erantssgssgssnssen'

119 1226 172 1268 ad
202 1184 355 1268 belium
387 1225 711 1268 Macedonicum
741 1241 765 1267 a
792 1236 908 1283 patre
930 1242 1018 1276 suo,
1041 1227 1258 1284 exposuit3
1291 1237 1345 1278 et,
1368 1229 1401 1269 si
1422 1244 1506 1285 qua
1518 1248 1600 1269 mae.

89 1297 106 1328 5
149 1294 335 1326 raeterea
373 1283 529 1325 vellent
570 1284 786 1341 imperare,
825 1293 1132 1340 praestaturum
1171 1285 1320 1327 merito
1359 1286 1507 1343 populi

165 1342 303 1384 omani
335 1351 397 1384 est
426 1341 657 1398 pollicitus:
691 1351 734 1384 et
760 1342 925 1383 monuit
949 1342 1094 1384 Patres
1125 1344 1392 1400 conscriptos,
1416 1353 1462 1385 ut
1483 1359 1508 1386 a

120 1400 263 1442 fraude
298 1399 711 1456 Carthaginiensium
742 1409 948 1441 caverent.
1012 1399 1193 1443 ‘Classis
1224 1416 1295 1443 eos
1332 1417 1507 1458 magnae

122 1457 357 1515 ‘parandae
388 1458 607 1500 consilium
638 1458 820 1515 cepisse3
854 1459 992 1514 specie
1023 1473 1098 1515 pro
1128 1459 1344 1510 Romanis,
1367 1470 1410 1501 et
1433 1460 1508 1501 ad-

123 1522 135 1540 ‘
152 1531 293 1558 versus
315 1515 593 1558 Macedonas:
629 1517 702 1557 ubi
732 1532 781 1558 ea
810 1524 953 1572 parata
982 1517 1268 1574 instructaque
1297 1527 1416 1568 esset,
1444 1518 1508 1574 ip-

124 1579 136 1598 ‘
151 1589 290 1615 sorum
311 1573 398 1615 fore
423 1574 649 1630 potestatiS,
671 1589 799 1630 quem
824 1573 986 1615 hostem
1014 1584 1086 1616 aut
1115 1575 1272 1617 socium
1301 1575 1509 1618 habeant.’

125 1630 250 1672 Hanc
280 1631 389 1672 iniec
410 1632 432 1653 *
455 1632 476 1652 *
501 1631 623 1687 [Egit
650 1631 804 1672 deinde
838 1631 1084 1674 Masinissae
1115 1648 1281 1674 causam
1311 1633 1364 1675 de
1395 1649 1508 1691 agro,

123 1688 177 1730 de
208 1688 385 1745 oppidis,
407 1704 514 1745 quae
543 1688 678 1730 ablata
704 1689 781 1730 sibi
807 1689 858 1730 ab
883 1705 933 1731 eo
963 1688 1333 1747 Carthaginienses
1360 1707 1511 1747 quere-

125 1755 281 1796 rentur,
323 1761 556 1803 magnaque
598 1746 866 1788 contentione
903 1747 1013 1788 inter
1047 1748 1239 1803 regulum
1275 1757 1317 1790 et
1352 1748 1510 1805 legatos

128 1804 497 1860 Carthaginienses
517 1804 806 1860 disceptatum.
872 1804 993 1853 Quae
1017 1805 1125 1846 ultro
1146 1805 1334 1862 citroque
1360 1806 1512 1848 iactata

125 1862 222 1912 sint,
244 1861 347 1918 quid
367 1877 392 1903 a
411 1872 558 1903 senatu
579 1876 822 1918 responsum
844 1862 979 1912 fuerit,
1004 1863 1047 1903 in
1069 1863 1227 1904 incerto
1248 1873 1321 1905 est.
1377 1863 1508 1912 Quie-

125 1919 184 1961 vit
206 1928 345 1961 tamen
366 1919 481 1960 velut
501 1919 635 1975 sopita
655 1919 757 1960 haec
779 1921 1059 1961 controversia
1087 1936 1161 1977 per
1185 1920 1345 1977 aliquot
1364 1937 1508 1964 annos,

128 1976 345 2018 Renovata
365 1985 509 2033 postea
529 1977 572 2017 in
593 1991 686 2018 acre
709 1976 863 2018 bellum
886 1978 1051 2027 exarsit,
1070 1978 1184 2034 quod
1205 1978 1401 2020 adversus
1415 1979 1512 2021 Ma-

1592 484 1629 522 3.

124 2129 307 2170 gistratibus
338 2129 493 2161 Romanis
530 2129 725 2160 frumentum
766 2128 795 2159 in

125 2172 337 2204 domesticum
369 2183 460 2203 usum
494 2182 514 2202 a
551 2171 798 2212 provincialibus

125 2225 251 2247 sumere
281 2215 410 2253 licebat,
439 2216 506 2252 sed,
532 2225 631 2254 quurn
662 2226 721 2245 usu
752 2215 796 2245 in-

127 2258 289 2296 valuisset,
314 2262 348 2289 ut
374 2258 542 2299 pecuniam
570 2258 630 2288 sibi
655 2268 712 2297 pro
735 2259 797 2288 fru-

127 2305 236 2332 mento
252 2301 410 2331 numerari
428 2301 584 2338 iuberent,
602 2301 796 2340 praedaban-

127 2347 180 2375 tur
199 2345 231 2375 in
247 2355 285 2374 eo
301 2344 387 2384 quod
411 2344 606 2374 frumentum
633 2343 733 2383 pretio
753 2343 797 2374 ni-

128 2387 189 2418 mis
217 2392 313 2418 aucto
343 2387 557 2418 aestimarent.
601 2387 641 2417 cf.
669 2386 738 2418 Cic.
765 2387 797 2417 in

129 2429 222 2470 Verr.
238 2430 280 2461 iii.
301 2438 347 2469 70.
399 2430 494 2460 Unde
517 2429 662 2460 videntur
681 2430 797 2469 Hispa-

128 2472 161 2504 ni
198 2473 250 2503 hic
284 2472 513 2512 impetravisse,
545 2477 579 2502 ut
616 2472 640 2502 si
681 2473 799 2503 velient

128 2515 331 2555 magistratus
345 2516 484 2547 Romani
500 2515 556 2545 sibi
573 2525 628 2554 pro
640 2516 800 2546 frumento

131 2558 298 2599 pecuniam
319 2559 489 2596 numerari,
505 2558 726 2588 aestimatione
744 2569 799 2598 pu-

131 2602 214 2633 bliea
231 2606 403 2632 uterentur.

177 2654 187 2675 1
216 2645 381 2675 iv'icesimas
398 2645 548 2682 vendere]
575 2644 720 2674 Alterum
738 2643 798 2672 fru-

131 2687 229 2718 menti
253 2697 352 2727 genun
374 2691 453 2721 erat,
469 2687 553 2726 quoii
578 2687 713 2717 vendere
736 2686 799 2716 lto-

131 2730 234 2761 manis
257 2730 467 2770 provinciale«
491 2729 690 2760 iubebantur.
735 2729 799 2759 Sci-

132 2772 206 2804 licet
231 2773 395 2804 vicesimus
417 2772 566 2803 frumenti
593 2772 722 2812 publica
749 2782 801 2811 pe·

132 2815 227 2846 cunia
247 2826 352 2846 emere
375 2816 576 2855 magistratus
596 2814 732 2846 Romani
749 2815 801 2845 de-

132 2858 261 2895 bebant,
276 2859 330 2889 sed
348 2863 382 2889 ut
398 2869 437 2888 ex
455 2869 492 2888 en
514 2858 633 2897 aliquid
657 2858 687 2888 in
708 2868 801 2888 suum

133 2905 299 2939 quaestum
326 2905 518 2937 averterent,
540 2902 734 2931 t'runwntuni
761 2900 801 2929 vi-

137 2941 255 2973 lise-imo
293 2944 394 2983 pretio
430 2944 653 2974 athinmimnt.
717 2943 802 2973 liine

140 2984 301 3023 nis-panon
320 2986 505 3024 impetrasse
528 2991 618 3025 putat
645 2986 803 3021 Donatus,

842 2140 882 2160 ne
904 2129 1034 2160 arbitrio
1051 2129 1191 2160 Romani
1216 2129 1417 2170 magistratus
1434 2130 1513 2161 vice-

842 2172 939 2202 simas
956 2173 1091 2203 vendere
1108 2178 1304 2212 cogerentur.

886 2225 902 2245 2
924 2217 1110 2256 Eorumque
1124 2217 1151 2246 si
1167 2227 1243 2256 quos
1260 2218 1510 2255 manumisisset]

844 2258 894 2288 Ex
919 2258 968 2288 his
993 2259 1104 2295 verbis,
1127 2265 1159 2289 et
1182 2259 1403 2298 appellatione
1429 2260 1512 2290 colo-

842 2301 914 2331 niae
937 2301 1030 2338 infra,
1052 2301 1102 2331 cui
1128 2312 1243 2332 nomen
1270 2302 1446 2342 imponitur
1462 2303 1511 2333 Li-

843 2345 1037 2375 bertinorum
1059 2345 1194 2381 colonia,
1210 2344 1316 2375 inferri
1338 2344 1434 2375 debet
1457 2345 1514 2376 hos

843 2397 949 2417 servos
964 2387 1071 2423 fuisse,
1087 2398 1124 2417 ae
1147 2387 1280 2427 proinde
1297 2392 1389 2418 natos
1404 2397 1445 2424 ex
1459 2399 1512 2419 an-

844 2429 934 2460 cillis.
992 2430 1058 2465 Qui
1091 2430 1175 2460 enim
1208 2441 1270 2460 non
1301 2441 1340 2460 ex
1373 2431 1514 2470 legitimo

844 2472 1048 2502 matrimonio
1062 2472 1211 2509 nascitur,
1224 2478 1355 2504 inatreni
1373 2474 1516 2513 sequitur

844 2526 883 2545 ex
901 2515 1062 2545 communi
1079 2516 1222 2555 gentium
1239 2516 1316 2547 iure.
1340 2518 1445 2548 Crucv.
1474 2518 1513 2547 ef.

850 2558 981 2597 Ulpian.
1001 2569 1027 2589 v.
1045 2560 1061 2594 ἓ
1078 2570 1107 2599 9.

893 2609 910 2639 3
941 2602 1004 2638 Qui
1033 2603 1281 2640 (farteierm'an
1326 2601 1437 2632 Simile
1463 2603 1515 2633 de-

845 2648 966 2673 cretum
993 2644 1180 2674 memoravit
1199 2644 1308 2674 Livius
1323 2645 1363 2675 de
1380 2645 1514 2676 Antiati-

846 2688 914 2720 bus,
931 2697 1015 2726 supr.
1036 2686 1096 2717 viii.
1120 2697 1163 2725 ¹4·
1188 2688 1293 2719 ciucv.

889 2741 907 2767 4
932 2731 1080 2760 Latinum
1097 2741 1165 2761 enm
1181 2731 1352 2769 coloniam]
1385 2731 1424 2761 cf.
1442 2730 1517 2760 Gaii

850 2773 927 2803 lmt.
940 2771 983 2808 i.§
1000 2781 1044 2812 17.
1057 2773 1108 2802 ubi
1121 2772 1319 2803 conditiones
1330 2783 1515 2803 enumeran-

846 2819 909 2851 tur,
926 2815 1010 2845 unde
1023 2815 1234 2846 manumissus
1248 2817 1342 2846 niodo
1355 2816 1425 2855 quin
1441 2815 1517 2846 civis

849 2859 1027 2894 Romanus,
1044 2859 1139 2888 inodo
1159 2858 1291 2888 Latinus
1308 2860 1410 2888 tiu-tus
1424 2859 1472 2888 sit.

890 2909 907 2938 5
925 2902 1046 2931 :Uer-ito
1067 2903 1177 2940 populi
1196 2903 1347 2938 Rotnani}
1366 2912 1406 2930 ue.
1420 2901 1515 2930 Proui

849 2944 960 2973 merita
997 2944 1216 2974 Romanorum
1251 2944 1280 2973 in
1316 2943 1515 2973 Masinissam

850 2986 1056 3025 postularent.
