<?xml version="1.0" encoding="UTF-8"?>
<!DOCTYPE html PUBLIC "-//W3C//DTD XHTML 1.0 Transitional//EN"
    "http://www.w3.org/TR/xhtml1/DTD/xhtml1-transitional.dtd">
<html xmlns="http://www.w3.org/1999/xhtml" xml:lang="en" lang="en">
 <head>
  <title>
</title>
<meta http-equiv="Content-Type" content="text/html;charset=utf-8" />
  <meta name='ocr-system' content='tesseract 3.04.00' />
  <meta name='ocr-capabilities' content='ocr_page ocr_carea ocr_par ocr_line ocrx_word'/>
</head>
<body>
  <div class='ocr_page' id='page_1' title='image "./historiarumli04livyuoft/historiarumli04livyuoft_0402.png"; bbox 0 0 1888 3194; ppageno 0'>
   <div class='ocr_carea' id='block_1_1' title="bbox 333 166 1241 209">
    <p class='ocr_par' dir='ltr' id='par_1_1' title="bbox 333 166 1241 209">
     <span class='ocr_line' id='line_1_1' title="bbox 333 166 1241 209; baseline 0.004 -4"><span class='ocrx_word' id='word_1_1' title='bbox 333 167 419 206; x_wconf 85' lang='lat'>394</span> <span class='ocrx_word' id='word_1_2' title='bbox 832 166 1241 209; x_wconf 90' lang='lat' dir='ltr'><strong>PRAEFATIO</strong></span> 
     </span>
    </p>
   </div>
   <div class='ocr_carea' id='block_1_2' title="bbox 322 271 1733 2900">
    <p class='ocr_par' dir='ltr' id='par_1_2' title="bbox 327 271 1733 1076">
     <span class='ocr_line' id='line_1_2' title="bbox 333 271 1733 331; baseline 0.004 -19"><span class='ocrx_word' id='word_1_3' title='bbox 333 279 464 312; x_wconf 85' lang='lat' dir='ltr'>ratam</span> <span class='ocrx_word' id='word_1_4' title='bbox 500 271 713 313; x_wconf 88' lang='lat' dir='ltr'>interdum</span> <span class='ocrx_word' id='word_1_5' title='bbox 747 273 950 315; x_wconf 89' lang='lat' dir='ltr'>consului.</span> <span class='ocrx_word' id='word_1_6' title='bbox 1016 273 1115 322; x_wconf 81' lang='lat' dir='ltr'>Quo</span> <span class='ocrx_word' id='word_1_7' title='bbox 1145 273 1404 315; x_wconf 89' lang='lat' dir='ltr'>luculentius</span> <span class='ocrx_word' id='word_1_8' title='bbox 1435 281 1574 315; x_wconf 89' lang='lat' dir='ltr'>autem</span> <span class='ocrx_word' id='word_1_9' title='bbox 1605 289 1733 331; x_wconf 85' lang='lat' dir='ltr'>appa-</span> 
     </span>
     <span class='ocr_line' id='line_1_3' title="bbox 332 341 1731 400; baseline 0.004 -20"><span class='ocrx_word' id='word_1_10' title='bbox 332 348 455 390; x_wconf 87' lang='lat' dir='ltr'><strong>reret,</strong></span> <span class='ocrx_word' id='word_1_11' title='bbox 478 349 637 396; x_wconf 85' lang='lat' dir='ltr'>quanta</span> <span class='ocrx_word' id='word_1_12' title='bbox 660 341 787 383; x_wconf 87' lang='lat' dir='ltr'>fuerit</span> <span class='ocrx_word' id='word_1_13' title='bbox 814 341 1154 383; x_wconf 84' lang='lat' dir='ltr'>Drakenborchii</span> <span class='ocrx_word' id='word_1_14' title='bbox 1185 343 1230 383; x_wconf 87' lang='lat' dir='ltr'>in</span> <span class='ocrx_word' id='word_1_15' title='bbox 1260 342 1516 384; x_wconf 79' lang='lat' dir='ltr'>editionibus</span> <span class='ocrx_word' id='word_1_16' title='bbox 1547 343 1731 400; x_wconf 86' lang='lat' dir='ltr'><strong>antiquis</strong></span> 
     </span>
     <span class='ocr_line' id='line_1_4' title="bbox 332 408 1732 467; baseline 0.002 -18"><span class='ocrx_word' id='word_1_17' title='bbox 332 408 597 449; x_wconf 88' lang='lat' dir='ltr'>conferendis</span> <span class='ocrx_word' id='word_1_18' title='bbox 641 409 910 465; x_wconf 82' lang='lat' dir='ltr'>negligentia,</span> <span class='ocrx_word' id='word_1_19' title='bbox 953 409 1161 466; x_wconf 87' lang='lat' dir='ltr'>simulque</span> <span class='ocrx_word' id='word_1_20' title='bbox 1211 410 1528 467; x_wconf 82' lang='lat' dir='ltr'>intelligeretur,</span> <span class='ocrx_word' id='word_1_21' title='bbox 1572 419 1732 467; x_wconf 85' lang='lat' dir='ltr'>quanta</span> 
     </span>
     <span class='ocr_line' id='line_1_5' title="bbox 330 476 1732 534; baseline 0.002 -17"><span class='ocrx_word' id='word_1_22' title='bbox 330 476 385 517; x_wconf 86' lang='lat' dir='ltr'>sit</span> <span class='ocrx_word' id='word_1_23' title='bbox 420 477 576 518; x_wconf 87' lang='lat' dir='ltr'>codicis</span> <span class='ocrx_word' id='word_1_24' title='bbox 608 476 932 533; x_wconf 82' lang='lat' dir='ltr'>Bambergensis</span> <span class='ocrx_word' id='word_1_25' title='bbox 967 477 1124 518; x_wconf 86' lang='lat' dir='ltr'>utilitas</span> <span class='ocrx_word' id='word_1_26' title='bbox 1159 492 1207 518; x_wconf 88' lang='lat' dir='ltr'>ac</span> <span class='ocrx_word' id='word_1_27' title='bbox 1242 479 1508 534; x_wconf 80' lang='lat' dir='ltr'>praestantia,</span> <span class='ocrx_word' id='word_1_28' title='bbox 1544 479 1732 520; x_wconf 87' lang='lat' dir='ltr'>indicem</span> 
     </span>
     <span class='ocr_line' id='line_1_6' title="bbox 331 544 1727 603; baseline 0.003 -19"><span class='ocrx_word' id='word_1_29' title='bbox 331 544 561 586; x_wconf 87' lang='lat' dir='ltr'>lectionum</span> <span class='ocrx_word' id='word_1_30' title='bbox 583 544 878 586; x_wconf 86' lang='lat' dir='ltr'>notabiliorum</span> <span class='ocrx_word' id='word_1_31' title='bbox 905 544 950 584; x_wconf 87' lang='lat' dir='ltr'>in</span> <span class='ocrx_word' id='word_1_32' title='bbox 972 544 1227 586; x_wconf 84' lang='lat' dir='ltr'>editionibus</span> <span class='ocrx_word' id='word_1_33' title='bbox 1249 546 1432 601; x_wconf 68' lang='lat' dir='ltr'>antiquis</span> <span class='ocrx_word' id='word_1_34' title='bbox 1453 555 1727 603; x_wconf 73' lang='lat' dir='ltr'>repertarum,</span> 
     </span>
     <span class='ocr_line' id='line_1_7' title="bbox 329 612 1730 670; baseline 0.002 -17"><span class='ocrx_word' id='word_1_35' title='bbox 329 612 492 653; x_wconf 86' lang='lat' dir='ltr'>omissis</span> <span class='ocrx_word' id='word_1_36' title='bbox 529 621 670 653; x_wconf 87' lang='lat' dir='ltr'>tamen</span> <span class='ocrx_word' id='word_1_37' title='bbox 707 613 768 662; x_wconf 90' lang='lat' dir='ltr'>iis,</span> <span class='ocrx_word' id='word_1_38' title='bbox 791 627 899 668; x_wconf 88' lang='lat' dir='ltr'>quae</span> <span class='ocrx_word' id='word_1_39' title='bbox 935 612 980 652; x_wconf 87' lang='lat' dir='ltr'>in</span> <span class='ocrx_word' id='word_1_40' title='bbox 1015 612 1222 653; x_wconf 87' lang='lat' dir='ltr'>editiones</span> <span class='ocrx_word' id='word_1_41' title='bbox 1259 613 1572 670; x_wconf 81' lang='lat' dir='ltr'>Moguntinam,</span> <span class='ocrx_word' id='word_1_42' title='bbox 1605 614 1730 656; x_wconf 87' lang='lat' dir='ltr'>Aldi-</span> 
     </span>
     <span class='ocr_line' id='line_1_8' title="bbox 330 679 1730 737; baseline 0.003 -17"><span class='ocrx_word' id='word_1_43' title='bbox 330 694 428 720; x_wconf 86' lang='lat' dir='ltr'>nam</span> <span class='ocrx_word' id='word_1_44' title='bbox 449 688 492 721; x_wconf 85' lang='lat' dir='ltr'>et</span> <span class='ocrx_word' id='word_1_45' title='bbox 512 679 819 720; x_wconf 87' lang='lat' dir='ltr'>Frobenianam</span> <span class='ocrx_word' id='word_1_46' title='bbox 848 688 1068 734; x_wconf 84' lang='lat' dir='ltr'>utramque</span> <span class='ocrx_word' id='word_1_47' title='bbox 1098 694 1151 720; x_wconf 86' lang='lat' dir='ltr'>ex</span> <span class='ocrx_word' id='word_1_48' title='bbox 1176 680 1321 722; x_wconf 86' lang='lat' dir='ltr'>codice</span> <span class='ocrx_word' id='word_1_49' title='bbox 1345 681 1603 737; x_wconf 83' lang='lat' dir='ltr'>Moguntino</span> <span class='ocrx_word' id='word_1_50' title='bbox 1630 690 1730 724; x_wconf 87' lang='lat' dir='ltr'>sunt</span> 
     </span>
     <span class='ocr_line' id='line_1_9' title="bbox 329 747 1731 803; baseline 0.002 -14"><span class='ocrx_word' id='word_1_51' title='bbox 329 756 536 803; x_wconf 83' lang='lat' dir='ltr'>receptae,</span> <span class='ocrx_word' id='word_1_52' title='bbox 577 748 646 788; x_wconf 86' lang='lat' dir='ltr'>hie</span> <span class='ocrx_word' id='word_1_53' title='bbox 688 748 747 788; x_wconf 81' lang='lat' dir='ltr'>ita</span> <span class='ocrx_word' id='word_1_54' title='bbox 788 748 1055 803; x_wconf 88' lang='lat' dir='ltr'>interponere</span> <span class='ocrx_word' id='word_1_55' title='bbox 1095 747 1266 803; x_wconf 85' lang='lat' dir='ltr'>placuit,</span> <span class='ocrx_word' id='word_1_56' title='bbox 1310 758 1356 789; x_wconf 85' lang='lat' dir='ltr'>ut</span> <span class='ocrx_word' id='word_1_57' title='bbox 1395 748 1646 791; x_wconf 90' lang='lat' dir='ltr'>lectionibus</span> <span class='ocrx_word' id='word_1_58' title='bbox 1684 751 1731 792; x_wconf 89' lang='lat' dir='ltr'>in</span> 
     </span>
     <span class='ocr_line' id='line_1_10' title="bbox 329 814 1728 871; baseline 0.002 -15"><span class='ocrx_word' id='word_1_59' title='bbox 329 815 473 856; x_wconf 86' lang='lat' dir='ltr'>codice</span> <span class='ocrx_word' id='word_1_60' title='bbox 497 814 799 870; x_wconf 83' lang='lat' dir='ltr'>Bambergensi</span> <span class='ocrx_word' id='word_1_61' title='bbox 817 830 986 870; x_wconf 90' lang='lat' dir='ltr'>quoque</span> <span class='ocrx_word' id='word_1_62' title='bbox 1008 815 1184 871; x_wconf 85' lang='lat' dir='ltr'>repertis</span> <span class='ocrx_word' id='word_1_63' title='bbox 1206 815 1370 856; x_wconf 86' lang='lat' dir='ltr'>literam</span> <span class='ocrx_word' id='word_1_64' title='bbox 1392 817 1446 857; x_wconf 85' lang='lat' dir='ltr'>B.</span> <span class='ocrx_word' id='word_1_65' title='bbox 1465 817 1728 868; x_wconf 87' lang='lat' dir='ltr'>subiicerem,</span> 
     </span>
     <span class='ocr_line' id='line_1_11' title="bbox 329 883 1731 940; baseline 0.002 -17"><span class='ocrx_word' id='word_1_66' title='bbox 329 883 530 924; x_wconf 86' lang='lat' dir='ltr'>lectiones</span> <span class='ocrx_word' id='word_1_67' title='bbox 554 899 578 924; x_wconf 87' lang='lat' dir='ltr'>a</span> <span class='ocrx_word' id='word_1_68' title='bbox 599 883 950 925; x_wconf 88' lang='lat' dir='ltr'>Drakenborchio</span> <span class='ocrx_word' id='word_1_69' title='bbox 980 884 1290 940; x_wconf 84' lang='lat' dir='ltr'>praetermissas</span> <span class='ocrx_word' id='word_1_70' title='bbox 1315 884 1511 926; x_wconf 86' lang='lat' dir='ltr'>asterisco</span> <span class='ocrx_word' id='word_1_71' title='bbox 1538 893 1731 926; x_wconf 87' lang='lat' dir='ltr'>notarem</span> 
     </span>
     <span class='ocr_line' id='line_1_12' title="bbox 327 950 1730 1009; baseline 0.002 -17"><span class='ocrx_word' id='word_1_72' title='bbox 327 959 372 992; x_wconf 91' lang='lat' dir='ltr'>et</span> <span class='ocrx_word' id='word_1_73' title='bbox 399 950 649 992; x_wconf 87' lang='lat' dir='ltr'>lectionibus</span> <span class='ocrx_word' id='word_1_74' title='bbox 677 960 819 1008; x_wconf 91' lang='lat' dir='ltr'>aperte</span> <span class='ocrx_word' id='word_1_75' title='bbox 840 952 953 993; x_wconf 81' lang='lat' dir='ltr'>falsis</span> <span class='ocrx_word' id='word_1_76' title='bbox 975 951 1042 993; x_wconf 86' lang='lat' dir='ltr'>vel</span> <span class='ocrx_word' id='word_1_77' title='bbox 1063 952 1203 994; x_wconf 88' lang='lat' dir='ltr'>dubiis</span> <span class='ocrx_word' id='word_1_78' title='bbox 1231 952 1379 994; x_wconf 87' lang='lat' dir='ltr'>saltem</span> <span class='ocrx_word' id='word_1_79' title='bbox 1407 960 1534 1009; x_wconf 88' lang='lat' dir='ltr'>atque</span> <span class='ocrx_word' id='word_1_80' title='bbox 1559 952 1730 995; x_wconf 88' lang='lat' dir='ltr'>incertis</span> 
     </span>
     <span class='ocr_line' id='line_1_13' title="bbox 329 1019 943 1076; baseline 0.003 -17"><span class='ocrx_word' id='word_1_81' title='bbox 329 1019 496 1075; x_wconf 83' lang='lat' dir='ltr'>signum</span> <span class='ocrx_word' id='word_1_82' title='bbox 518 1020 654 1061; x_wconf 89' lang='lat' dir='ltr'>crucis</span> <span class='ocrx_word' id='word_1_83' title='bbox 674 1035 943 1076; x_wconf 85' lang='lat' dir='ltr'>apponerem.</span> 
     </span>
    </p>

    <p class='ocr_par' dir='ltr' id='par_1_3' title="bbox 322 1088 1730 2900">
     <span class='ocr_line' id='line_1_14' title="bbox 387 1088 1730 1144; baseline 0.003 -16"><span class='ocrx_word' id='word_1_84' title='bbox 387 1088 486 1129; x_wconf 87' lang='lat' dir='ltr'>Lib.</span> <span class='ocrx_word' id='word_1_85' title='bbox 525 1088 703 1130; x_wconf 84' lang='lat' dir='ltr'>XXXI.</span> <span class='ocrx_word' id='word_1_86' title='bbox 741 1088 847 1143; x_wconf 88' lang='lat' dir='ltr'>Cap.</span> <span class='ocrx_word' id='word_1_87' title='bbox 882 1090 921 1130; x_wconf 82' lang='grc'>3.</span> <span class='ocrx_word' id='word_1_88' title='bbox 960 1090 1067 1130; x_wconf 78' lang='lat' dir='ltr'>haec</span> <span class='ocrx_word' id='word_1_89' title='bbox 1102 1090 1248 1130; x_wconf 82' lang='lat' dir='ltr'>eadem</span> <span class='ocrx_word' id='word_1_90' title='bbox 1284 1090 1475 1131; x_wconf 77' lang='lat' dir='ltr'>seribere</span> <span class='ocrx_word' id='word_1_91' title='bbox 1507 1105 1587 1144; x_wconf 89' lang='lat' dir='ltr'>pro</span> <span class='ocrx_word' id='word_1_92' title='bbox 1621 1090 1730 1132; x_wconf 78' lang='lat' dir='ltr'>haee</span> 
     </span>
     <span class='ocr_line' id='line_1_15' title="bbox 327 1156 1728 1212; baseline 0.002 -16"><span class='ocrx_word' id='word_1_93' title='bbox 327 1156 518 1198; x_wconf 74' lang='lat' dir='ltr'>seribere</span> <span class='ocrx_word' id='word_1_94' title='bbox 545 1157 693 1198; x_wconf 83' lang='lat' dir='ltr'>eadem</span> <span class='ocrx_word' id='word_1_95' title='bbox 726 1156 1053 1211; x_wconf 73' lang='lat' dir='ltr'>Ald.—†Cap.</span> <span class='ocrx_word' id='word_1_96' title='bbox 1081 1158 1120 1197; x_wconf 88' lang='grc'>5.</span> <span class='ocrx_word' id='word_1_97' title='bbox 1159 1156 1298 1202; x_wconf 73' lang='lat' dir='ltr'>Quam</span> <span class='ocrx_word' id='word_1_98' title='bbox 1328 1172 1414 1197; x_wconf 83' lang='lat' dir='ltr'>rem</span> <span class='ocrx_word' id='word_1_99' title='bbox 1444 1163 1618 1198; x_wconf 77' lang='lat' dir='ltr'>senatus</span> <span class='ocrx_word' id='word_1_100' title='bbox 1647 1173 1728 1212; x_wconf 92' lang='lat' dir='ltr'>pro</span> 
     </span>
     <span class='ocr_line' id='line_1_16' title="bbox 331 1222 1729 1279; baseline 0.001 -16"><span class='ocrx_word' id='word_1_101' title='bbox 331 1223 461 1269; x_wconf 73' lang='lat' dir='ltr'><em>Quod</em></span> <span class='ocrx_word' id='word_1_102' title='bbox 489 1231 663 1264; x_wconf 74' lang='lat' dir='ltr'>senatus</span> <span class='ocrx_word' id='word_1_103' title='bbox 695 1222 1105 1278; x_wconf 44' lang='lat' dir='ltr'>moena—*Cap</span> <span class='ocrx_word' id='word_1_104' title='bbox 1144 1224 1182 1264; x_wconf 80' lang='lat'>7.</span> <span class='ocrx_word' id='word_1_105' title='bbox 1221 1224 1277 1264; x_wconf 85' lang='lat' dir='ltr'>ab</span> <span class='ocrx_word' id='word_1_106' title='bbox 1318 1223 1438 1264; x_wconf 75' lang='lat' dir='ltr'>nobis</span> <span class='ocrx_word' id='word_1_107' title='bbox 1478 1224 1729 1279; x_wconf 76' lang='lat' dir='ltr'>defecerant</span> 
     </span>
     <span class='ocr_line' id='line_1_17' title="bbox 327 1290 1728 1346; baseline 0.001 -15"><span class='ocrx_word' id='word_1_108' title='bbox 327 1306 407 1345; x_wconf 90' lang='lat' dir='ltr'>pro</span> <span class='ocrx_word' id='word_1_109' title='bbox 431 1306 456 1331; x_wconf 86' lang='lat' dir='ltr'>a</span> <span class='ocrx_word' id='word_1_110' title='bbox 479 1292 601 1332; x_wconf 77' lang='lat' dir='ltr'>nobis</span> <span class='ocrx_word' id='word_1_111' title='bbox 623 1291 870 1346; x_wconf 72' lang='lat' dir='ltr'>defecerant</span> <span class='ocrx_word' id='word_1_112' title='bbox 899 1291 1021 1346; x_wconf 81' lang='lat' dir='ltr'>Mog.</span> <span class='ocrx_word' id='word_1_113' title='bbox 1046 1299 1087 1331; x_wconf 88' lang='lat' dir='ltr'>et</span> <span class='ocrx_word' id='word_1_114' title='bbox 1112 1290 1162 1331; x_wconf 88' lang='lat' dir='ltr'>B.</span> <span class='ocrx_word' id='word_1_115' title='bbox 1180 1315 1237 1319; x_wconf 88' lang='lat'>—</span> <span class='ocrx_word' id='word_1_116' title='bbox 1254 1290 1394 1332; x_wconf 67' lang='lat' dir='ltr'>*Ibid.</span> <span class='ocrx_word' id='word_1_117' title='bbox 1419 1291 1475 1332; x_wconf 83' lang='lat' dir='ltr'>ab</span> <span class='ocrx_word' id='word_1_118' title='bbox 1495 1292 1619 1332; x_wconf 78' lang='lat' dir='ltr'>nobis</span> <span class='ocrx_word' id='word_1_119' title='bbox 1644 1307 1728 1333; x_wconf 79' lang='lat' dir='ltr'>non</span> 
     </span>
     <span class='ocr_line' id='line_1_18' title="bbox 327 1358 1724 1415; baseline 0.001 -16"><span class='ocrx_word' id='word_1_120' title='bbox 327 1359 524 1415; x_wconf 74' lang='lat' dir='ltr'>deficient</span> <span class='ocrx_word' id='word_1_121' title='bbox 555 1375 633 1414; x_wconf 84' lang='lat' dir='ltr'>pro</span> <span class='ocrx_word' id='word_1_122' title='bbox 664 1375 691 1400; x_wconf 90' lang='lat' dir='ltr'>a</span> <span class='ocrx_word' id='word_1_123' title='bbox 725 1360 847 1400; x_wconf 72' lang='lat' dir='ltr'>nobis</span> <span class='ocrx_word' id='word_1_124' title='bbox 876 1374 956 1399; x_wconf 77' lang='lat' dir='ltr'>non</span> <span class='ocrx_word' id='word_1_125' title='bbox 990 1359 1189 1413; x_wconf 81' lang='lat' dir='ltr'>deficient</span> <span class='ocrx_word' id='word_1_126' title='bbox 1221 1358 1403 1400; x_wconf 84' lang='lat' dir='ltr'>Ascens.</span> <span class='ocrx_word' id='word_1_127' title='bbox 1440 1359 1564 1414; x_wconf 83' lang='lat' dir='ltr'>Mog.</span> <span class='ocrx_word' id='word_1_128' title='bbox 1597 1367 1641 1401; x_wconf 90' lang='lat' dir='ltr'>et</span> <span class='ocrx_word' id='word_1_129' title='bbox 1673 1360 1724 1401; x_wconf 87' lang='lat' dir='ltr'>B.</span> 
     </span>
     <span class='ocr_line' id='line_1_19' title="bbox 326 1427 1727 1482; baseline 0.001 -14"><span class='ocrx_word' id='word_1_130' title='bbox 326 1427 503 1482; x_wconf 85' lang='lat' dir='ltr'>—Cap.</span> <span class='ocrx_word' id='word_1_131' title='bbox 540 1429 603 1468; x_wconf 86' lang='lat' dir='ltr'>ll.</span> <span class='ocrx_word' id='word_1_132' title='bbox 637 1429 803 1469; x_wconf 74' lang='lat' dir='ltr'>eosdem</span> <span class='ocrx_word' id='word_1_133' title='bbox 842 1428 1167 1482; x_wconf 77' lang='lat' dir='ltr'>Carthaginem,</span> <span class='ocrx_word' id='word_1_134' title='bbox 1201 1428 1368 1468; x_wconf 78' lang='lat' dir='ltr'>eosdem</span> <span class='ocrx_word' id='word_1_135' title='bbox 1401 1428 1445 1468; x_wconf 82' lang='lat' dir='ltr'>in</span> <span class='ocrx_word' id='word_1_136' title='bbox 1475 1427 1727 1470; x_wconf 75' lang='lat' dir='ltr'>Numidiam</span> 
     </span>
     <span class='ocr_line' id='line_1_20' title="bbox 327 1495 1726 1549; baseline 0.001 -14"><span class='ocrx_word' id='word_1_137' title='bbox 327 1496 388 1536; x_wconf 79' lang='lat' dir='ltr'>acl</span> <span class='ocrx_word' id='word_1_138' title='bbox 406 1496 705 1536; x_wconf 71' lang='lat' dir='ltr'>llIasinissam.</span> <span class='ocrx_word' id='word_1_139' title='bbox 774 1495 1095 1549; x_wconf 73' lang='lat' dir='ltr'>Carthaginem,</span> <span class='ocrx_word' id='word_1_140' title='bbox 1118 1500 1163 1534; x_wconf 79' lang='lat' dir='ltr'>at</span> <span class='ocrx_word' id='word_1_141' title='bbox 1188 1495 1431 1536; x_wconf 74' lang='lat' dir='ltr'>nuntiarent</span> <span class='ocrx_word' id='word_1_142' title='bbox 1459 1510 1537 1549; x_wconf 88' lang='lat' dir='ltr'>pro</span> <span class='ocrx_word' id='word_1_143' title='bbox 1560 1497 1726 1537; x_wconf 75' lang='lat' dir='ltr'>eosdem</span> 
     </span>
     <span class='ocr_line' id='line_1_21' title="bbox 332 1561 1724 1617; baseline 0.001 -14"><span class='ocrx_word' id='word_1_144' title='bbox 332 1563 655 1617; x_wconf 73' lang='lat' dir='ltr'>Carthaginem,</span> <span class='ocrx_word' id='word_1_145' title='bbox 689 1568 733 1603; x_wconf 76' lang='lat' dir='ltr'>at</span> <span class='ocrx_word' id='word_1_146' title='bbox 764 1563 1010 1602; x_wconf 72' lang='lat' dir='ltr'>nuntiarent</span> <span class='ocrx_word' id='word_1_147' title='bbox 1042 1561 1172 1602; x_wconf 85' lang='lat' dir='ltr'>Frob.</span> <span class='ocrx_word' id='word_1_148' title='bbox 1205 1563 1244 1602; x_wconf 71' lang='grc'>2.</span> <span class='ocrx_word' id='word_1_149' title='bbox 1275 1570 1319 1603; x_wconf 85' lang='lat' dir='ltr'>et</span> <span class='ocrx_word' id='word_1_150' title='bbox 1350 1561 1402 1603; x_wconf 87' lang='grc' dir='ltr'>Β.</span> <span class='ocrx_word' id='word_1_151' title='bbox 1421 1562 1631 1617; x_wconf 69' lang='lat' dir='ltr'>-—*Cap.</span> <span class='ocrx_word' id='word_1_152' title='bbox 1661 1564 1724 1605; x_wconf 82' lang='lat'>14.</span> 
     </span>
     <span class='ocr_line' id='line_1_22' title="bbox 327 1629 1726 1685; baseline 0.001 -14"><span class='ocrx_word' id='word_1_153' title='bbox 327 1636 367 1671; x_wconf 88' lang='lat' dir='ltr'>et</span> <span class='ocrx_word' id='word_1_154' title='bbox 399 1631 605 1671; x_wconf 76' lang='lat' dir='ltr'>militibus</span> <span class='ocrx_word' id='word_1_155' title='bbox 638 1645 718 1684; x_wconf 91' lang='lat' dir='ltr'>pro</span> <span class='ocrx_word' id='word_1_156' title='bbox 751 1636 791 1670; x_wconf 85' lang='lat' dir='ltr'>et</span> <span class='ocrx_word' id='word_1_157' title='bbox 822 1630 1000 1670; x_wconf 77' lang='lat' dir='ltr'>militam</span> <span class='ocrx_word' id='word_1_158' title='bbox 1029 1630 1168 1684; x_wconf 76' lang='lat' dir='ltr'>copiis</span> <span class='ocrx_word' id='word_1_159' title='bbox 1191 1629 1374 1670; x_wconf 85' lang='lat' dir='ltr'>Ascens.</span> <span class='ocrx_word' id='word_1_160' title='bbox 1403 1636 1447 1671; x_wconf 86' lang='lat' dir='ltr'>et</span> <span class='ocrx_word' id='word_1_161' title='bbox 1475 1630 1596 1685; x_wconf 85' lang='lat' dir='ltr'>Mog.</span> <span class='ocrx_word' id='word_1_162' title='bbox 1625 1630 1726 1672; x_wconf 84' lang='lat' dir='ltr'>Hoc</span> 
     </span>
     <span class='ocr_line' id='line_1_23' title="bbox 326 1696 1727 1753; baseline 0.001 -15"><span class='ocrx_word' id='word_1_163' title='bbox 326 1697 384 1738; x_wconf 89' lang='lat' dir='ltr'>illi</span> <span class='ocrx_word' id='word_1_164' title='bbox 405 1696 546 1738; x_wconf 80' lang='lat' dir='ltr'>Aldus</span> <span class='ocrx_word' id='word_1_165' title='bbox 570 1698 806 1739; x_wconf 82' lang='lat' dir='ltr'>substituit.</span> <span class='ocrx_word' id='word_1_166' title='bbox 823 1722 880 1726; x_wconf 82' lang='lat'>—</span> <span class='ocrx_word' id='word_1_167' title='bbox 899 1697 1005 1752; x_wconf 86' lang='lat' dir='ltr'>Cap.</span> <span class='ocrx_word' id='word_1_168' title='bbox 1034 1698 1097 1738; x_wconf 82' lang='lat'>15.</span> <span class='ocrx_word' id='word_1_169' title='bbox 1122 1697 1295 1738; x_wconf 78' lang='lat' dir='ltr'>virtutis</span> <span class='ocrx_word' id='word_1_170' title='bbox 1320 1712 1426 1753; x_wconf 83' lang='lat' dir='ltr'>ergo</span> <span class='ocrx_word' id='word_1_171' title='bbox 1450 1712 1530 1753; x_wconf 86' lang='lat' dir='ltr'>pro</span> <span class='ocrx_word' id='word_1_172' title='bbox 1553 1698 1727 1745; x_wconf 72' lang='lat' dir='ltr'>virtutis</span> 
     </span>
     <span class='ocr_line' id='line_1_24' title="bbox 322 1765 1726 1821; baseline 0.001 -15"><span class='ocrx_word' id='word_1_173' title='bbox 322 1766 474 1821; x_wconf 81' lang='lat' dir='ltr'>gratia</span> <span class='ocrx_word' id='word_1_174' title='bbox 511 1765 643 1806; x_wconf 87' lang='lat' dir='ltr'>Frob.</span> <span class='ocrx_word' id='word_1_175' title='bbox 679 1768 718 1806; x_wconf 72' lang='grc' dir='ltr'>Ω.</span> <span class='ocrx_word' id='word_1_176' title='bbox 757 1773 799 1806; x_wconf 92' lang='lat' dir='ltr'>et</span> <span class='ocrx_word' id='word_1_177' title='bbox 836 1765 1119 1820; x_wconf 57' lang='lat' dir='ltr'>ss.—÷÷Cap.</span> <span class='ocrx_word' id='word_1_178' title='bbox 1163 1766 1225 1805; x_wconf 87' lang='lat'>17.</span> <span class='ocrx_word' id='word_1_179' title='bbox 1265 1780 1355 1805; x_wconf 78' lang='lat' dir='ltr'>cum</span> <span class='ocrx_word' id='word_1_180' title='bbox 1388 1766 1604 1821; x_wconf 77' lang='lat' dir='ltr'>proelium</span> <span class='ocrx_word' id='word_1_181' title='bbox 1639 1780 1726 1807; x_wconf 80' lang='lat' dir='ltr'>nox</span> 
     </span>
     <span class='ocr_line' id='line_1_25' title="bbox 325 1833 1725 1888; baseline 0.001 -15"><span class='ocrx_word' id='word_1_182' title='bbox 325 1834 591 1888; x_wconf 71' lang='lat' dir='ltr'>diremptura</span> <span class='ocrx_word' id='word_1_183' title='bbox 635 1839 745 1874; x_wconf 73' lang='lat' dir='ltr'>esset</span> <span class='ocrx_word' id='word_1_184' title='bbox 791 1848 870 1887; x_wconf 86' lang='lat' dir='ltr'>pro</span> <span class='ocrx_word' id='word_1_185' title='bbox 915 1848 1040 1888; x_wconf 78' lang='lat' dir='ltr'>quum</span> <span class='ocrx_word' id='word_1_186' title='bbox 1081 1847 1165 1873; x_wconf 73' lang='lat' dir='ltr'>nox</span> <span class='ocrx_word' id='word_1_187' title='bbox 1199 1833 1415 1888; x_wconf 78' lang='lat' dir='ltr'>proelium</span> <span class='ocrx_word' id='word_1_188' title='bbox 1456 1833 1725 1888; x_wconf 79' lang='lat' dir='ltr'>diremptura</span> 
     </span>
     <span class='ocr_line' id='line_1_26' title="bbox 324 1898 1725 1954; baseline -0.001 -13"><span class='ocrx_word' id='word_1_189' title='bbox 324 1907 435 1941; x_wconf 78' lang='lat' dir='ltr'>esset</span> <span class='ocrx_word' id='word_1_190' title='bbox 476 1899 661 1942; x_wconf 77' lang='lat' dir='ltr'>Ascens.</span> <span class='ocrx_word' id='word_1_191' title='bbox 704 1900 824 1954; x_wconf 85' lang='lat' dir='ltr'>Mog.</span> <span class='ocrx_word' id='word_1_192' title='bbox 874 1908 916 1941; x_wconf 87' lang='lat' dir='ltr'>et</span> <span class='ocrx_word' id='word_1_193' title='bbox 969 1900 1017 1940; x_wconf 81' lang='lat' dir='ltr'>B.</span> <span class='ocrx_word' id='word_1_194' title='bbox 1061 1898 1205 1941; x_wconf 86' lang='lat' dir='ltr'>Aldus</span> <span class='ocrx_word' id='word_1_195' title='bbox 1251 1901 1481 1941; x_wconf 89' lang='lat' dir='ltr'>verborum</span> <span class='ocrx_word' id='word_1_196' title='bbox 1531 1901 1725 1941; x_wconf 82' lang='lat' dir='ltr'>ordinem</span> 
     </span>
     <span class='ocr_line' id='line_1_27' title="bbox 324 1967 1721 2023; baseline 0.001 -15"><span class='ocrx_word' id='word_1_197' title='bbox 324 1967 742 2022; x_wconf 78' lang='lat' dir='ltr'>mutavit.-—†Cap.</span> <span class='ocrx_word' id='word_1_198' title='bbox 782 1969 844 2008; x_wconf 88' lang='grc'>19.</span> <span class='ocrx_word' id='word_1_199' title='bbox 879 1969 940 2008; x_wconf 76' lang='lat' dir='ltr'>acl</span> <span class='ocrx_word' id='word_1_200' title='bbox 970 1983 1097 2023; x_wconf 75' lang='lat' dir='ltr'>reges</span> <span class='ocrx_word' id='word_1_201' title='bbox 1128 1983 1206 2021; x_wconf 91' lang='lat' dir='ltr'>pro</span> <span class='ocrx_word' id='word_1_202' title='bbox 1240 1969 1300 2008; x_wconf 85' lang='lat' dir='ltr'>ad</span> <span class='ocrx_word' id='word_1_203' title='bbox 1332 1983 1479 2022; x_wconf 77' lang='lat' dir='ltr'>regem</span> <span class='ocrx_word' id='word_1_204' title='bbox 1512 1967 1642 2008; x_wconf 87' lang='lat' dir='ltr'>Frob.</span> <span class='ocrx_word' id='word_1_205' title='bbox 1680 1970 1721 2009; x_wconf 72' lang='lat'>2.</span> 
     </span>
     <span class='ocr_line' id='line_1_28' title="bbox 324 2034 1723 2089; baseline 0 -13"><span class='ocrx_word' id='word_1_206' title='bbox 324 2042 367 2076; x_wconf 86' lang='lat' dir='ltr'>et</span> <span class='ocrx_word' id='word_1_207' title='bbox 401 2034 676 2088; x_wconf 73' lang='lat' dir='ltr'>B.-—*Cap.</span> <span class='ocrx_word' id='word_1_208' title='bbox 714 2037 783 2076; x_wconf 70' lang='lat'>526.</span> <span class='ocrx_word' id='word_1_209' title='bbox 818 2036 879 2075; x_wconf 76' lang='lat' dir='ltr'>acl</span> <span class='ocrx_word' id='word_1_210' title='bbox 907 2050 1041 2089; x_wconf 72' lang='lat' dir='ltr'>agros</span> <span class='ocrx_word' id='word_1_211' title='bbox 1072 2035 1305 2075; x_wconf 73' lang='lat' dir='ltr'>vastandos</span> <span class='ocrx_word' id='word_1_212' title='bbox 1339 2050 1418 2089; x_wconf 92' lang='lat' dir='ltr'>pro</span> <span class='ocrx_word' id='word_1_213' title='bbox 1457 2035 1517 2075; x_wconf 78' lang='lat' dir='ltr'>acl</span> <span class='ocrx_word' id='word_1_214' title='bbox 1550 2041 1723 2076; x_wconf 76' lang='lat' dir='ltr'>vastan-</span> 
     </span>
     <span class='ocr_line' id='line_1_29' title="bbox 324 2100 1724 2156; baseline 0.001 -14"><span class='ocrx_word' id='word_1_215' title='bbox 324 2103 401 2142; x_wconf 75' lang='lat' dir='ltr'>dos</span> <span class='ocrx_word' id='word_1_216' title='bbox 435 2117 569 2156; x_wconf 76' lang='lat' dir='ltr'>agros</span> <span class='ocrx_word' id='word_1_217' title='bbox 599 2101 782 2143; x_wconf 81' lang='lat' dir='ltr'>Ascens.</span> <span class='ocrx_word' id='word_1_218' title='bbox 819 2102 937 2156; x_wconf 83' lang='lat' dir='ltr'>Mog.</span> <span class='ocrx_word' id='word_1_219' title='bbox 969 2109 1012 2142; x_wconf 91' lang='lat' dir='ltr'>et</span> <span class='ocrx_word' id='word_1_220' title='bbox 1046 2101 1096 2142; x_wconf 89' lang='lat' dir='ltr'>B.</span> <span class='ocrx_word' id='word_1_221' title='bbox 1158 2100 1301 2142; x_wconf 87' lang='lat' dir='ltr'>Aldus</span> <span class='ocrx_word' id='word_1_222' title='bbox 1340 2101 1548 2142; x_wconf 84' lang='lat' dir='ltr'>vocabula</span> <span class='ocrx_word' id='word_1_223' title='bbox 1584 2109 1724 2143; x_wconf 88' lang='lat' dir='ltr'>trans-</span> 
     </span>
     <span class='ocr_line' id='line_1_30' title="bbox 323 2169 1719 2225; baseline 0.001 -16"><span class='ocrx_word' id='word_1_224' title='bbox 323 2169 481 2223; x_wconf 84' lang='lat' dir='ltr'>posuit.</span> <span class='ocrx_word' id='word_1_225' title='bbox 499 2193 556 2197; x_wconf 80' lang='lat'>——</span> <span class='ocrx_word' id='word_1_226' title='bbox 572 2169 708 2223; x_wconf 79' lang='lat' dir='ltr'>†Cap.</span> <span class='ocrx_word' id='word_1_227' title='bbox 732 2170 801 2210; x_wconf 81' lang='lat'>31.</span> <span class='ocrx_word' id='word_1_228' title='bbox 828 2170 923 2225; x_wconf 78' lang='lat' dir='ltr'>quis</span> <span class='ocrx_word' id='word_1_229' title='bbox 952 2169 1100 2210; x_wconf 78' lang='lat' dir='ltr'>darius</span> <span class='ocrx_word' id='word_1_230' title='bbox 1129 2183 1207 2223; x_wconf 86' lang='lat' dir='ltr'>pro</span> <span class='ocrx_word' id='word_1_231' title='bbox 1231 2169 1326 2224; x_wconf 77' lang='lat' dir='ltr'>quis</span> <span class='ocrx_word' id='word_1_232' title='bbox 1353 2169 1401 2210; x_wconf 82' lang='lat' dir='ltr'>id</span> <span class='ocrx_word' id='word_1_233' title='bbox 1419 2170 1566 2211; x_wconf 79' lang='lat' dir='ltr'>durias</span> <span class='ocrx_word' id='word_1_234' title='bbox 1587 2169 1719 2212; x_wconf 85' lang='lat' dir='ltr'>Frob.</span> 
     </span>
     <span class='ocr_line' id='line_1_31' title="bbox 323 2235 1722 2293; baseline 0.003 -17"><span class='ocrx_word' id='word_1_235' title='bbox 323 2235 588 2290; x_wconf 73' lang='lat' dir='ltr'>2.—†Cap.</span> <span class='ocrx_word' id='word_1_236' title='bbox 622 2236 688 2276; x_wconf 74' lang='lat'>34«.</span> <span class='ocrx_word' id='word_1_237' title='bbox 724 2237 767 2277; x_wconf 80' lang='lat' dir='ltr'>in</span> <span class='ocrx_word' id='word_1_238' title='bbox 798 2236 1070 2292; x_wconf 79' lang='lat' dir='ltr'>Pelagoniae</span> <span class='ocrx_word' id='word_1_239' title='bbox 1087 2236 1301 2291; x_wconf 79' lang='lat' dir='ltr'>faucibus</span> <span class='ocrx_word' id='word_1_240' title='bbox 1332 2252 1412 2291; x_wconf 90' lang='lat' dir='ltr'>pro</span> <span class='ocrx_word' id='word_1_241' title='bbox 1444 2237 1489 2278; x_wconf 83' lang='lat' dir='ltr'>in</span> <span class='ocrx_word' id='word_1_242' title='bbox 1509 2238 1722 2293; x_wconf 74' lang='lat' dir='ltr'>faucibus</span> 
     </span>
     <span class='ocr_line' id='line_1_32' title="bbox 324 2303 1722 2360; baseline 0.002 -17"><span class='ocrx_word' id='word_1_243' title='bbox 324 2303 594 2358; x_wconf 82' lang='lat' dir='ltr'>Pelagoniae</span> <span class='ocrx_word' id='word_1_244' title='bbox 631 2303 935 2358; x_wconf 71' lang='lat' dir='ltr'>Ald.-Cap.</span> <span class='ocrx_word' id='word_1_245' title='bbox 974 2304 1042 2344; x_wconf 74' lang='lat'>40.</span> <span class='ocrx_word' id='word_1_246' title='bbox 1081 2304 1125 2344; x_wconf 88' lang='lat' dir='ltr'>in</span> <span class='ocrx_word' id='word_1_247' title='bbox 1162 2304 1258 2344; x_wconf 80' lang='lat' dir='ltr'>loca</span> <span class='ocrx_word' id='word_1_248' title='bbox 1285 2310 1457 2359; x_wconf 76' lang='lat' dir='ltr'>pacata</span> <span class='ocrx_word' id='word_1_249' title='bbox 1491 2306 1552 2346; x_wconf 84' lang='lat' dir='ltr'>ad</span> <span class='ocrx_word' id='word_1_250' title='bbox 1585 2304 1722 2360; x_wconf 79' lang='lat' dir='ltr'>Apol-</span> 
     </span>
     <span class='ocr_line' id='line_1_33' title="bbox 324 2371 1720 2427; baseline 0.001 -15"><span class='ocrx_word' id='word_1_251' title='bbox 324 2371 493 2421; x_wconf 82' lang='lat' dir='ltr'>loniam,</span> <span class='ocrx_word' id='word_1_252' title='bbox 528 2372 637 2411; x_wconf 72' lang='lat' dir='ltr'>uncle</span> <span class='ocrx_word' id='word_1_253' title='bbox 668 2385 790 2411; x_wconf 75' lang='lat' dir='ltr'>orsus</span> <span class='ocrx_word' id='word_1_254' title='bbox 821 2372 971 2412; x_wconf 75' lang='lat' dir='ltr'>bellum</span> <span class='ocrx_word' id='word_1_255' title='bbox 1002 2376 1097 2412; x_wconf 81' lang='lat' dir='ltr'>erat</span> <span class='ocrx_word' id='word_1_256' title='bbox 1127 2386 1205 2426; x_wconf 88' lang='lat' dir='ltr'>pro</span> <span class='ocrx_word' id='word_1_257' title='bbox 1238 2372 1282 2412; x_wconf 84' lang='lat' dir='ltr'>in</span> <span class='ocrx_word' id='word_1_258' title='bbox 1313 2373 1409 2413; x_wconf 84' lang='lat' dir='ltr'>loea</span> <span class='ocrx_word' id='word_1_259' title='bbox 1440 2372 1527 2413; x_wconf 86' lang='lat' dir='ltr'>iam</span> <span class='ocrx_word' id='word_1_260' title='bbox 1550 2379 1720 2427; x_wconf 78' lang='lat' dir='ltr'>pacata-</span> 
     </span>
     <span class='ocr_line' id='line_1_34' title="bbox 324 2438 1716 2493; baseline 0 -13"><span class='ocrx_word' id='word_1_261' title='bbox 324 2439 384 2480; x_wconf 84' lang='lat' dir='ltr'>ad</span> <span class='ocrx_word' id='word_1_262' title='bbox 414 2438 704 2493; x_wconf 73' lang='lat' dir='ltr'>Apolloniam,</span> <span class='ocrx_word' id='word_1_263' title='bbox 738 2439 845 2479; x_wconf 78' lang='lat' dir='ltr'>unde</span> <span class='ocrx_word' id='word_1_264' title='bbox 877 2445 1011 2480; x_wconf 79' lang='lat' dir='ltr'>ortam</span> <span class='ocrx_word' id='word_1_265' title='bbox 1045 2439 1197 2479; x_wconf 76' lang='lat' dir='ltr'>bellum</span> <span class='ocrx_word' id='word_1_266' title='bbox 1230 2445 1324 2480; x_wconf 81' lang='lat' dir='ltr'>erat</span> <span class='ocrx_word' id='word_1_267' title='bbox 1355 2438 1486 2480; x_wconf 87' lang='lat' dir='ltr'>Frob.</span> <span class='ocrx_word' id='word_1_268' title='bbox 1516 2441 1554 2480; x_wconf 70' lang='lat'>2.</span> <span class='ocrx_word' id='word_1_269' title='bbox 1589 2447 1632 2480; x_wconf 83' lang='lat' dir='ltr'>et</span> <span class='ocrx_word' id='word_1_270' title='bbox 1665 2439 1716 2480; x_wconf 90' lang='lat' dir='ltr'>B.</span> 
     </span>
     <span class='ocr_line' id='line_1_35' title="bbox 322 2505 1714 2561; baseline 0.002 -16"><span class='ocrx_word' id='word_1_271' title='bbox 322 2530 379 2535; x_wconf 90' lang='lat'>—</span> <span class='ocrx_word' id='word_1_272' title='bbox 394 2505 530 2560; x_wconf 73' lang='lat' dir='ltr'>†Cap.</span> <span class='ocrx_word' id='word_1_273' title='bbox 554 2506 620 2546; x_wconf 79' lang='lat'>41.</span> <span class='ocrx_word' id='word_1_274' title='bbox 644 2506 830 2547; x_wconf 74' lang='lat' dir='ltr'>universi</span> <span class='ocrx_word' id='word_1_275' title='bbox 851 2511 1147 2547; x_wconf 72' lang='lat' dir='ltr'>sexcentorum</span> <span class='ocrx_word' id='word_1_276' title='bbox 1169 2521 1248 2561; x_wconf 89' lang='lat' dir='ltr'>pro</span> <span class='ocrx_word' id='word_1_277' title='bbox 1269 2512 1562 2547; x_wconf 69' lang='lat' dir='ltr'>sexcentorum</span> <span class='ocrx_word' id='word_1_278' title='bbox 1583 2505 1620 2546; x_wconf 93' lang='lat' dir='ltr'><strong>F</strong></span> <span class='ocrx_word' id='word_1_279' title='bbox 1622 2507 1714 2550; x_wconf 88' lang='lat' dir='ltr'>rob.</span> 
     </span>
     <span class='ocr_line' id='line_1_36' title="bbox 323 2574 1719 2629; baseline -0.001 -13"><span class='ocrx_word' id='word_1_280' title='bbox 323 2578 362 2616; x_wconf 68' lang='lat' dir='ltr'>Q.</span> <span class='ocrx_word' id='word_1_281' title='bbox 381 2599 437 2604; x_wconf 89' lang='lat'>—-</span> <span class='ocrx_word' id='word_1_282' title='bbox 455 2574 552 2616; x_wconf 91' lang='lat' dir='ltr'>Lib.</span> <span class='ocrx_word' id='word_1_283' title='bbox 598 2574 799 2616; x_wconf 87' lang='lat' dir='ltr'>XXXII.</span> <span class='ocrx_word' id='word_1_284' title='bbox 848 2575 953 2629; x_wconf 84' lang='lat' dir='ltr'>Cap.</span> <span class='ocrx_word' id='word_1_285' title='bbox 996 2577 1033 2614; x_wconf 68' lang='lat' dir='ltr'>Q,</span> <span class='ocrx_word' id='word_1_286' title='bbox 1082 2579 1316 2629; x_wconf 77' lang='lat' dir='ltr'>augeretur</span> <span class='ocrx_word' id='word_1_287' title='bbox 1364 2589 1444 2628; x_wconf 91' lang='lat' dir='ltr'>pro</span> <span class='ocrx_word' id='word_1_288' title='bbox 1494 2581 1719 2629; x_wconf 80' lang='lat' dir='ltr'>cogeretur</span> 
     </span>
     <span class='ocr_line' id='line_1_37' title="bbox 324 2641 1718 2696; baseline 0 -13"><span class='ocrx_word' id='word_1_289' title='bbox 324 2643 453 2684; x_wconf 85' lang='lat' dir='ltr'>Frob.</span> <span class='ocrx_word' id='word_1_290' title='bbox 490 2643 522 2682; x_wconf 92' lang='grc'>1.</span> <span class='ocrx_word' id='word_1_291' title='bbox 556 2649 599 2683; x_wconf 90' lang='lat' dir='ltr'>et</span> <span class='ocrx_word' id='word_1_292' title='bbox 632 2642 878 2696; x_wconf 79' lang='lat' dir='ltr'>B.—Cap.</span> <span class='ocrx_word' id='word_1_293' title='bbox 911 2644 951 2683; x_wconf 86' lang='lat'>5.</span> <span class='ocrx_word' id='word_1_294' title='bbox 987 2642 1275 2682; x_wconf 77' lang='lat' dir='ltr'>Macedonum</span> <span class='ocrx_word' id='word_1_295' title='bbox 1308 2641 1473 2682; x_wconf 71' lang='lat' dir='ltr'>animo-s·</span> <span class='ocrx_word' id='word_1_296' title='bbox 1503 2642 1587 2682; x_wconf 79' lang='lat' dir='ltr'>Sibi</span> <span class='ocrx_word' id='word_1_297' title='bbox 1619 2657 1718 2683; x_wconf 79' lang='lat' dir='ltr'>con-</span> 
     </span>
     <span class='ocr_line' id='line_1_38' title="bbox 323 2707 1716 2764; baseline 0 -13"><span class='ocrx_word' id='word_1_298' title='bbox 323 2710 491 2752; x_wconf 78' lang='lat' dir='ltr'>ciliavit</span> <span class='ocrx_word' id='word_1_299' title='bbox 512 2725 591 2764; x_wconf 89' lang='lat' dir='ltr'>pro</span> <span class='ocrx_word' id='word_1_300' title='bbox 612 2709 898 2750; x_wconf 71' lang='lat' dir='ltr'>llIaeetlonum</span> <span class='ocrx_word' id='word_1_301' title='bbox 919 2709 1082 2750; x_wconf 78' lang='lat' dir='ltr'>animos</span> <span class='ocrx_word' id='word_1_302' title='bbox 1101 2707 1283 2749; x_wconf 81' lang='lat' dir='ltr'>Ascens.</span> <span class='ocrx_word' id='word_1_303' title='bbox 1299 2708 1509 2749; x_wconf 73' lang='lat' dir='ltr'>—*1bid.</span> <span class='ocrx_word' id='word_1_304' title='bbox 1534 2710 1716 2751; x_wconf 75' lang='lat' dir='ltr'>maxime</span> 
     </span>
     <span class='ocr_line' id='line_1_39' title="bbox 323 2776 1714 2832; baseline 0 -14"><span class='ocrx_word' id='word_1_305' title='bbox 323 2793 402 2832; x_wconf 91' lang='lat' dir='ltr'>pro</span> <span class='ocrx_word' id='word_1_306' title='bbox 430 2778 645 2819; x_wconf 78' lang='lat' dir='ltr'>maximae</span> <span class='ocrx_word' id='word_1_307' title='bbox 665 2776 846 2819; x_wconf 80' lang='lat' dir='ltr'>Ascens.</span> <span class='ocrx_word' id='word_1_308' title='bbox 873 2784 915 2817; x_wconf 90' lang='lat' dir='ltr'>et</span> <span class='ocrx_word' id='word_1_309' title='bbox 946 2776 996 2817; x_wconf 80' lang='lat' dir='ltr'>B.</span> <span class='ocrx_word' id='word_1_310' title='bbox 1014 2800 1071 2804; x_wconf 84' lang='lat'>—-—</span> <span class='ocrx_word' id='word_1_311' title='bbox 1088 2776 1226 2817; x_wconf 61' lang='lat' dir='ltr'>*Ibich</span> <span class='ocrx_word' id='word_1_312' title='bbox 1260 2776 1402 2817; x_wconf 86' lang='lat' dir='ltr'>vincla</span> <span class='ocrx_word' id='word_1_313' title='bbox 1433 2791 1511 2831; x_wconf 90' lang='lat' dir='ltr'>pro</span> <span class='ocrx_word' id='word_1_314' title='bbox 1543 2777 1714 2818; x_wconf 75' lang='lat' dir='ltr'>vincula</span> 
     </span>
     <span class='ocr_line' id='line_1_40' title="bbox 324 2843 1714 2900; baseline -0.001 -13"><span class='ocrx_word' id='word_1_315' title='bbox 324 2845 443 2900; x_wconf 87' lang='lat' dir='ltr'>Mog.</span> <span class='ocrx_word' id='word_1_316' title='bbox 468 2844 568 2886; x_wconf 87' lang='lat' dir='ltr'>Ald.</span> <span class='ocrx_word' id='word_1_317' title='bbox 600 2845 729 2888; x_wconf 90' lang='lat' dir='ltr'>Frob.</span> <span class='ocrx_word' id='word_1_318' title='bbox 762 2846 794 2886; x_wconf 94' lang='lat' dir='ltr'>l.</span> <span class='ocrx_word' id='word_1_319' title='bbox 826 2847 866 2886; x_wconf 69' lang='lat'>2.</span> <span class='ocrx_word' id='word_1_320' title='bbox 900 2851 942 2885; x_wconf 87' lang='lat' dir='ltr'>et</span> <span class='ocrx_word' id='word_1_321' title='bbox 974 2843 1024 2884; x_wconf 86' lang='lat' dir='ltr'>B.</span> <span class='ocrx_word' id='word_1_322' title='bbox 1043 2843 1254 2885; x_wconf 72' lang='lat' dir='ltr'>—*Ibid.</span> <span class='ocrx_word' id='word_1_323' title='bbox 1289 2849 1430 2885; x_wconf 82' lang='lat' dir='ltr'>tenere</span> <span class='ocrx_word' id='word_1_324' title='bbox 1461 2850 1504 2886; x_wconf 86' lang='lat' dir='ltr'>et</span> <span class='ocrx_word' id='word_1_325' title='bbox 1536 2859 1714 2886; x_wconf 80' lang='lat' dir='ltr'>eommu-</span> 
     </span>
    </p>
   </div>
  </div>
 </body>
</html>
