1888 3194
402 170 484 209 516
683 166 1035 210 VARIETAS
1080 166 1516 210 LECTIONUM

401 259 510 298 dam.
534 281 589 287 —
610 257 721 299 Ibid.
745 256 930 311 maiora]
953 257 1106 313 magis.
1127 281 1184 286 —-
1205 257 1314 298 Ibid.
1348 257 1431 298 Ubi
1454 270 1579 311 quum
1600 255 1792 311 vidisset]

403 315 465 355 ibi
485 330 608 370 quum
637 315 824 355 vidisset.
848 339 905 343 ——
925 313 1035 354 Ibid.
1060 313 1399 369 Hercynaeque]
1427 314 1791 368 Hercynnaeque.

400 395 458 400 —-
478 371 588 412 Ibid.
620 371 783 426 Euripi
818 371 1109 426 Euboeaeque
1144 370 1325 425 insulae]
1359 369 1523 426 Euripi
1553 369 1575 391 ³¹⁶
1607 384 1796 425 aevoque

401 434 501 469 ante
521 427 698 468 insulae.
720 452 778 456 —-
798 427 908 468 Ibid.
932 434 1027 468 rate
1048 427 1234 480 traiicit]
1267 427 1443 468 traiicit.
1464 449 1521 456 ——-
1542 427 1655 468 Ibid.
1679 426 1796 467 Dia-

402 499 566 540 naeque
597 483 770 540 templo]
803 484 1067 538 Dianaeque
1097 485 1306 538 templum.
1325 484 1509 525 —lbicL
1537 490 1655 525 vates
1685 483 1795 523 anti-

404 541 529 596 quus]
553 548 669 582 vates
690 541 1010 596 Amphilochus.
1026 564 1083 568 —
1098 540 1202 593 Cap.
1227 541 1295 582 28.
1324 541 1439 580 intra
1468 539 1652 593 moenia]
1684 540 1796 580 inter

404 599 558 639 omnia.
577 622 633 626 —
650 598 761 637 Ibid.
805 597 1125 644 memorabilem,
1168 611 1220 636 ac
1261 596 1545 651 Pallantium]
1591 611 1797 637 memora-

403 655 537 695 bilem.
564 678 620 682 ——
645 654 754 694 Ibid.
799 653 1006 705 escendit]
1050 653 1285 693 adscendit.
1312 677 1364 681 —
1394 652 1506 692 Ibid.
1543 651 1793 706 revertitur]

402 711 593 751 revertit.
612 733 668 738 —-—
686 709 796 749 Ibid.
820 724 846 748 a
868 709 1039 749 Baebio
1054 710 1282 763 praesecto
1296 707 1537 763 praesidii]
1570 724 1598 749 a
1624 709 1796 750 Baebio

397 767 617 821 praeside.
641 789 698 794 ——
719 765 831 806 Ibid.
854 765 1106 819 Amphipoli
1127 765 1293 818 adesse]
1317 764 1609 819 Amphipolim
1630 767 1794 806 adesse.

400 847 458 852 —
473 823 577 876 Cap.
600 822 669 862 529.
692 828 893 862 summoto
915 820 1076 875 aditus]
1111 821 1328 863 submotor
1350 822 1507 862 aditus.
1527 846 1584 850 —
1600 821 1707 876 Cap.
1725 822 1794 862 30.

402 878 673 931 commercia]
716 877 1192 919 commerciis—Ibid.
1230 885 1270 919 et
1304 884 1348 918 ut
1388 893 1433 918 se
1468 879 1567 933 ipsa
1604 893 1798 934 quaeque

401 942 611 976 contemta
629 950 740 989 pars
761 935 888 988 esset]
914 941 955 975 et
983 949 1010 975 a
1038 949 1084 975 se
1111 935 1209 990 ipsa
1238 949 1430 990 quaeque
1458 940 1665 976 contemta
1687 949 1799 990 pars

400 997 524 1033 esset.
539 992 721 1032 —lbid.
751 991 1082 1044 Cassandream]
1112 992 1433 1032 Cassandriam.
1449 991 1624 1045 ——Cap.
1648 993 1716 1032 31.
1740 992 1802 1033 ad

400 1048 616 1103 externos]
641 1050 760 1103 apud
777 1054 991 1089 externos.
1010 1072 1066 1076 —
1082 1048 1192 1089 Ibid.
1215 1048 1469 1103 deprensas]
1494 1048 1795 1102 deprehensas.

399 1129 456 1134 —
472 1106 585 1146 Ibid.
623 1104 855 1158 Antissam]
900 1104 1120 1145 Antissan.
1139 1128 1195 1134 —-
1212 1105 1316 1159 Cap.
1356 1106 1424 1146 33.
1468 1105 1795 1160 Alexandreae]

399 1162 711 1204 Alexandriae.
730 1186 787 1190 ———
806 1161 913 1215 Cap.
938 1162 1006 1202 35.
1041 1176 1131 1201 cum
1162 1162 1344 1202 tribunis
1367 1162 1514 1216 plebis
1545 1167 1713 1217 ageret,
1742 1177 1797 1203 ex

400 1219 662 1260 auctoritate
691 1219 871 1259 Patrum
902 1218 1169 1273 rogationem
1200 1220 1260 1259 ad
1289 1219 1454 1273 plebem
1476 1218 1671 1272 ferrent]
1706 1233 1798 1259 cum

399 1276 583 1317 tribunis
600 1276 742 1330 plebis
772 1290 826 1315 eas
855 1275 1115 1315 auctoritate
1138 1275 1323 1316 Patrum
1345 1281 1508 1330 ageret,
1531 1275 1797 1330 rogationem

400 1333 462 1373 ad
482 1332 652 1387 plebem
674 1332 861 1386 ferrent.
880 1356 937 1360 —
955 1331 1059 1385 Cap.
1083 1333 1151 1372 36.
1183 1333 1235 1372 de
1266 1333 1362 1387 lege
1392 1331 1575 1385 dicendi]
1609 1332 1704 1386 lege
1734 1332 1798 1373 di-

400 1390 536 1430 cendi.
555 1412 612 1417 -«
629 1389 739 1429 Ibid.
763 1390 842 1429 sed
869 1389 929 1429 ad
954 1387 1231 1441 suadendum]
1263 1403 1337 1428 nec
1365 1389 1426 1428 ad
1448 1389 1721 1428 suadendum.
1740 1412 1800 1417 —-

400 1445 512 1486 Ibid.
546 1446 665 1485 haud
699 1444 939 1499 quisquam]
979 1445 1216 1499 quisquam.
1240 1469 1297 1472 —
1318 1444 1430 1485 Ibid.
1466 1459 1493 1485 a
1529 1443 1729 1498 tribunis]
1769 1460 1798 1486 a

401 1503 582 1543 tribuno.
604 1526 661 1531 --
682 1501 792 1542 Ibid.
845 1502 1103 1555 despoliari]
1162 1501 1406 1556 dispoliari.
1427 1525 1484 1530 —
1505 1501 1616 1542 Ibid.
1667 1501 1798 1542 Nunc

400 1559 524 1599 nimis
544 1572 674 1612 saepe
691 1572 778 1612 per
807 1558 1077 1598 ambitionem
1101 1556 1302 1613 peccari]
1334 1558 1377 1598 in
1402 1572 1482 1598 uno
1509 1557 1633 1599 nimis
1651 1572 1698 1599 se
1710 1572 1798 1613 per

400 1615 669 1655 ambitionem
704 1629 902 1670 peccare.
920 1638 977 1642 —
1000 1614 1104 1668 Cap.
1147 1615 1329 1669 antiqua
1369 1614 1601 1669 disciplina
1642 1615 1796 1664 habiti,

397 1670 420 1692 ⁴¹*
433 1686 570 1726 neque
571 1671 797 1726 fecerunt]
817 1672 998 1726 antiqua
1015 1671 1248 1726 disciplina
1268 1671 1422 1721 habiti,
1439 1686 1573 1725 neque
1577 1671 1794 1725 fecerunt.

397 1751 454 1757 ———
470 1728 581 1769 Ibid.
601 1728 862 1782 circumiret]
887 1728 1144 1768 circumires.
1160 1753 1216 1757 —
1231 1727 1341 1768 Ibid.
1361 1729 1513 1768 ductus
1533 1727 1596 1781 es]
1616 1728 1796 1770 duxisti.

398 1784 579 1838 —Cap.
615 1785 683 1825 38.
726 1785 827 1825 Non
862 1784 985 1825 maius
1020 1785 1064 1825 in
1105 1785 1184 1825 hoc
1220 1784 1385 1838 Paulli]
1418 1784 1520 1825 Non
1560 1785 1683 1825 unius
1717 1785 1798 1826 hoc
1826 1819 1829 1822 .

399 1841 560 1882 Paulli.
578 1865 635 1870 —
652 1840 760 1882 Ibid.
792 1856 869 1882 nec
898 1842 950 1881 de
969 1841 1239 1890 Hannibale,
1271 1840 1365 1894 [nec
1390 1842 1441 1881 de
1463 1841 1692 1896 Philippo]
1721 1856 1798 1882 nec

399 1898 452 1939 de
487 1897 956 1939 Hannibale.—Ibid.
998 1897 1528 1953 Carthaginiensibusque,
1570 1904 1611 1939 et
1645 1898 1798 1939 Mace-

399 1954 598 2009 donibus]
622 1954 1362 2010 Karthaginiensibusque.-—Ibid.
1387 1969 1462 1995 nec
1484 1954 1535 1994 P.
1560 1954 1794 2004 Cornelius,

402 2010 498 2064 [nec
534 2012 580 2052 T.
604 2010 850 2064 Quinctius]
880 2025 956 2052 nec
985 2011 1037 2052 P.
1064 2011 1298 2052 Cornelius.
1318 2035 1374 2040 —
1391 2011 1497 2064 Cap.
1521 2011 1590 2051 39.
1623 2011 1722 2051 duci
1752 2011 1796 2051 in

399 2067 631 2122 triumpho]
656 2068 753 2108 duci
775 2068 817 2108 in
839 2068 1110 2122 triumphum.
1133 2092 1190 2096 —
1210 2067 1322 2108 Ibid.
1347 2068 1520 2108 debetur
1541 2067 1789 2121 triumphus.

399 2124 599 2165 Maiores
620 2124 768 2178 vestri]
792 2125 982 2165 debetur.
1055 2125 1204 2164 Utrum
1230 2123 1416 2165 maiores
1435 2124 1579 2164 vestri.
1601 2147 1658 2152 -—
1678 2123 1792 2165 Ibid.

399 2186 441 2220 et
445 2180 582 2234 finem
604 2180 861 2233 statuerunt]
894 2186 933 2220 et
946 2181 1084 2234 finem
1112 2194 1203 2220 eum
1224 2185 1479 2220 statuerunt.
1502 2203 1559 2209 ——
1582 2179 1694 2220 Ibid.
1708 2195 1795 2236 pa-

399 2236 572 2276 ludatus
589 2251 679 2276 cum
701 2236 942 2287 lictoribus]
958 2236 1185 2290 paludatis
1201 2236 1435 2276 lictoribus.
1451 2260 1508 2265 ——
1521 2236 1631 2277 Ibid.
1655 2242 1793 2277 trans-

399 2291 531 2344 vehit]
556 2293 754 2332 traducit.
779 2315 835 2320 ———
857 2291 970 2332 Ibid.
995 2292 1240 2332 mactabitis
1257 2294 1276 2332 ?
1341 2291 1491 2338 Quid?
1522 2293 1623 2334 illas
1644 2294 1794 2348 epulas

398 2348 591 2402 senatus]
624 2353 823 2388 mactate.
847 2347 949 2388 illas
971 2348 1139 2402 quidem
1160 2349 1310 2404 epulas
1331 2355 1515 2390 senatus.
1538 2373 1595 2378 -—
1616 2349 1729 2390 Ibid.
1751 2356 1794 2391 et

399 2404 448 2445 id
475 2404 630 2458 ipsum]
663 2410 703 2444 et
734 2404 884 2458 ipsum.
907 2428 964 2433 —-
985 2404 1090 2458 Cap.
1113 2405 1183 2445 40.
1204 2405 1372 2446 denarii
1399 2405 1581 2459 centeni]
1613 2407 1790 2448 centeni.

397 2484 456 2490 —
476 2461 589 2501 Ibid.
618 2458 925 2515 pronuntiata]
962 2461 1377 2516 nunciata—Cap.
1401 2462 1470 2502 41.
1508 2468 1548 2503 et
1583 2462 1794 2504 classibus

400 2517 635 2558 lustrandis
665 2516 929 2571 sacrificavi]
963 2523 1004 2558 et
1037 2518 1247 2559 classibus
1282 2519 1421 2559 lustra
1452 2518 1714 2570 sacrificavi.
1735 2543 1793 2548 ——

398 2573 511 2614 Ibid.
566 2587 829 2628 progressus
889 2573 1005 2627 inde]
1060 2589 1337 2628 progressus.
1363 2598 1422 2604 —-
1446 2573 1556 2615 Ibid.
1615 2581 1793 2628 praeter

397 2643 552 2679 senem,
593 2644 709 2670 nemo
758 2629 973 2684 superest]
1016 2636 1199 2685 praeter
1244 2645 1305 2680 se,
1344 2644 1461 2672 nemo
1509 2637 1716 2685 superest.
1734 2655 1792 2660 ——

399 2685 504 2740 Cap.
556 2687 626 2726 42.
679 2686 859 2740 Bithys]
911 2686 1041 2726 Bitis.
1068 2710 1126 2715 -
1149 2686 1260 2727 Ibid.
1312 2686 1476 2742 Legati
1527 2692 1614 2728 tres
1662 2688 1792 2729 nomi-

401 2741 512 2793 nati]
539 2742 703 2797 Legati
732 2742 1143 2784 nominati.—Ibid.
1167 2743 1350 2798 Bithys]
1378 2742 1706 2784 Bais-Ibid.
1734 2744 1790 2785 ab

404 2798 642 2853 Carseolis]
683 2814 711 2840 a
754 2799 984 2840 Carseolis.
1002 2823 1059 2827 —-
1079 2798 1192 2840 Ibid.
1233 2798 1502 2853 invisitatae]
1544 2799 1787 2842 inusitatae.

397 2879 455 2884 ——
472 2854 576 2910 Cap.
601 2855 667 2896 43.
691 2856 797 2897 locis
825 2855 1172 2910 munimentisque
1183 2855 1371 2910 fretam]
1403 2856 1593 2911 locisque
1620 2856 1790 2897 munitis
