1888 3194
903 174 1193 211 INDEX.

406 253 526 284 ditione
549 262 594 291 13.
620 251 717 283 Vibio
735 250 841 281 Virrio
862 250 1028 287 suadente,

407 300 531 336 septem
558 299 590 326 et
617 294 724 334 viginti
753 296 912 323 senatores
937 302 1028 323 vene-

409 349 487 370 num
507 342 650 376 sumunt,
666 337 740 367 ibid.
758 339 790 367 et
811 346 857 374 14.
880 337 958 366 urbe
978 336 1030 365 de-

409 382 488 420 dita,
508 384 636 412 senatus
656 378 816 419 Campani
837 377 1031 418 supplicium

414 432 449 464 15
474 427 506 455 et
532 423 579 455 16.
612 422 786 453 multitudo
810 421 1033 456 venumdatur,

410 467 488 498 ibid.
533 467 773 506 Campanorum
810 464 958 504 querelae
995 463 1035 492 de

412 509 541 547 Fulvio,
556 513 588 540 et
609 519 704 548 super
724 518 762 538 ea
782 518 814 537 re
830 510 1034 537 senatuscon-

413 553 499 583 sulta
519 561 557 591 33
575 555 606 582 et
623 561 672 590 34.
701 551 942 590 Campanorum
964 558 1036 578 con-

413 595 528 626 iuratio
552 594 694 625 indicata
719 601 769 631 27,
794 601 822 631 3.
854 591 918 631 agri
943 591 1037 621 Cam-

415 638 490 678 pani
527 648 600 677 pars
636 635 731 666 vendi
766 645 785 664 a
822 633 1041 673 quaestoribus

415 681 544 710 iubetur
564 679 614 716 28,
630 677 680 716 46.
705 687 816 717 agrum
835 677 1042 715 Campanum

416 732 562 753 censores
583 721 754 750 fruendum
783 719 892 749 locant
917 727 968 756 42,
995 726 1041 758 19.

417 763 577 803 Campani
599 766 725 802 petunt,
741 765 777 791 ut
797 761 855 791 sibi
877 760 961 791 cives
976 760 1039 790 Ro-

417 816 529 837 manas
544 807 659 836 ducere
675 814 790 835 uxores
812 803 907 834 liceat
924 804 975 842 38,
992 801 1041 841 36.

418 850 658 888 Campanorum
692 847 898 879 Calaviorum
936 855 1043 875 servus

418 891 540 922 indicat
554 890 739 922 incendium
757 890 882 920 Romae
900 887 950 926 26,
968 895 1017 927 27.

377 934 496 974 Campi
512 933 702 973 Argivorum
724 941 776 971 34,
793 940 841 971 25.
867 929 1042 962 Fenectani

422 978 452 1013 8,
472 986 518 1009 12.
545 976 649 1007 Macri
666 986 716 1014 41,
734 985 782 1007 22.
812 973 924 1014 Magni
946 983 996 1012 3ο,
1013 974 1042 1003 8.

422 1020 574 1051 Stellates
594 1030 624 1059 9,
641 1030 691 1056 44.
717 1017 905 1049 Thessaliae
926 1025 978 1056 31,
993 1025 1043 1054 41.

423 1072 475 1101 42,
500 1070 549 1102 54.
583 1062 717 1092 Veteres
744 1068 793 1100 25,
822 1059 868 1092 16.
901 1060 1045 1098 Campus

422 1108 618 1144 Aegestaeus
642 1112 692 1143 27,
715 1112 764 1142 33.
794 1102 963 1135 Diomedis
987 1102 1044 1131 Ar-

421 1148 484 1188 givi
500 1156 549 1187 25,
565 1157 611 1178 12.
637 1147 811 1187 Hyrcanus
823 1153 874 1185 37,
887 1148 937 1183 38.
960 1145 1045 1175 Mar-

421 1191 485 1221 tius
501 1199 531 1229 3,
549 1198 597 1230 27.
620 1190 654 1220 in
675 1200 713 1220 eo
735 1189 907 1219 instructus
929 1187 1047 1218 exerci-

422 1238 474 1263 tus
499 1237 531 1263 et
557 1233 710 1263 lustratus
740 1241 766 1270 1,
791 1242 840 1270 44.
873 1241 947 1270 ager
970 1230 1047 1261 Tar-

423 1275 617 1315 quiniomm,
627 1278 828 1305 consecratus
841 1273 951 1311 Marti,
962 1273 1047 1303 Mar-

424 1319 487 1349 tius
512 1318 628 1349 deinde
655 1327 788 1356 campus
812 1316 873 1346 fuit
902 1325 930 1353 2,
956 1324 983 1355 5.
1015 1315 1049 1345 in

423 1371 498 1392 eum
514 1361 654 1400 populus
670 1359 872 1390 centuriatim
888 1358 1003 1389 citatus
1018 1356 1048 1395 6,

426 1414 475 1435 20.
498 1403 531 1433 in
553 1413 591 1434 eo
612 1402 742 1433 comitia
762 1401 873 1432 habita
894 1410 944 1439 31,
963 1408 989 1440 7.
1017 1400 1050 1430 in

425 1455 501 1476 eum
526 1449 656 1476 senatus
680 1448 831 1475 evocatus
856 1453 886 1481 3,
904 1443 954 1481 63.
980 1444 1050 1473 Me-

424 1488 638 1528 tropolitanus
662 1488 713 1527 38,
739 1495 784 1526 15.
818 1485 976 1517 Priaticus
999 1486 1050 1523 38,

426 1541 476 1569 41.
511 1532 702 1565 Sceleratus,
732 1530 818 1560 unde
848 1538 965 1559 nomen
996 1528 1050 1558 ha-

426 1575 525 1604 beat?
552 1574 582 1611 8,
611 1581 656 1611 15.
690 1572 818 1603 Thebes
841 1581 974 1610 campus
1001 1578 1050 1610 37,

431 1626 476 1657 19.
502 1615 642 1646 Vulcani
661 1625 711 1653 24,
730 1625 775 1646 10.

384 1660 505 1696 Canae,
521 1658 677 1698 oppidum
695 1657 746 1697 36,
762 1666 811 1696 45.
837 1664 888 1696 37,
904 1657 933 1688 8.

384 1703 627 1739 Canastraeum,
658 1700 912 1740 promontorium
944 1699 1049 1730 Palle-

426 1755 483 1775 nes
499 1753 549 1783 31,
565 1751 615 1783 45.
639 1754 690 1782 44,
710 1754 756 1775 11.

385 1788 562 1819 Caniculae
577 1790 664 1817 ortus
680 1796 730 1824 40,
749 1796 797 1817 22.

385 1831 423 1862 C.
437 1830 593 1861 Caninius
614 1829 760 1866 Rebilus,
779 1831 904 1859 creatur
926 1832 1052 1868 praetor

429 1883 480 1911 42,
498 1873 546 1904 28.
571 1872 698 1903 sortitur
714 1871 856 1902 Siciliam
874 1880 924 1909 31.

387 1915 435 1947 Μ.
449 1915 604 1946 Caninius
626 1914 773 1951 Rebilus,
790 1915 913 1953 legatus
932 1913 965 1943 in
982 1913 1052 1943 Ma-

430 1958 597 1988 cedoniam
624 1966 676 1996 43,
705 1966 750 1996 13.
783 1956 906 1987 reducit
930 1956 1054 1986 obsides

429 2000 461 2030 111
478 2000 650 2031 Thraciam
666 2008 718 2039 45,
735 2010 785 2037 42.

387 2043 486 2074 031115
505 2043 604 2074 sectio
628 2043 660 2073 in
684 2042 873 2073 lustratione
896 2041 1055 2074 exercitus

430 2085 635 2117 Macedonici
651 2095 703 2123 40,
719 2084 748 2116 6.

388 2129 513 2165 Canna,
530 2129 651 2159 flumen
669 2136 718 2166 25,
739 2137 784 2159 12.

389 2172 533 2209 Cannae,
561 2171 648 2201 vicus
674 2180 724 2207 22,
749 2179 798 2209 43.
831 2169 987 2209 proelium
1014 2169 1055 2199 ad

432 2214 572 2251 Cannas,
591 2218 622 2244 et
644 2213 865 2243 Romanorum
886 2212 994 2243 clades
1015 2218 1053 2250 47

432 2260 464 2285 et
480 2266 547 2294 sqq.

389 2297 567 2329 Cannensis
583 2297 682 2328 cladis
694 2296 859 2327 occasione
873 2295 966 2325 multi
978 2295 1054 2325 socii

431 2351 451 2370 a
474 2340 632 2371 Romanis
656 2339 809 2369 deficiunt
834 2348 883 2375 22,
903 2337 954 2369 61.
984 2337 1053 2367 reli-

431 2382 525 2422 quiae
540 2382 573 2412 in
588 2382 730 2412 Siciliam
747 2381 927 2419 relegantur
941 2390 955 2409 2
961 2389 990 2418 3,
1003 2389 1052 2418 31.

432 2424 544 2464 legatis
567 2425 608 2454 ad
633 2424 827 2455 Marcellum
854 2433 915 2454 cos.
940 2423 1053 2460 missis,

432 2468 570 2498 offerunt
596 2476 725 2506 operam
752 2475 843 2496 suam
867 2466 907 2495 ad
932 2466 1052 2495 bellum

433 2518 484 2549 25,
505 2509 533 2541 6.
561 2513 709 2540 constans
730 2508 763 2538 in
787 2519 841 2539 eos
861 2512 989 2538 senatus
1009 2518 1053 2538 50-

432 2553 548 2583 veritas
575 2559 601 2592 7.
633 2562 687 2582 eos
710 2551 842 2581 mininie
868 2555 1055 2590 aspernatus

432 2595 552 2635 Scipio,
576 2604 685 2625 secum
709 2593 827 2624 traiicit
853 2594 885 2623 in
911 2593 1054 2624 Africam

434 2647 484 2678 29,
513 2648 561 2677 24.
596 2638 780 2669 Cannenses
807 2636 929 2676 equites
955 2636 1055 2666 notati

434 2688 484 2719 27,
503 2690 549 2711 11.

389 2723 602 2755 Cantherium
619 2722 651 2752 in
666 2722 784 2752 fossam
803 2731 817 2751 2
823 2731 851 2761 3,
869 2731 917 2760 47.

391 2766 428 2797 L.
449 2765 619 2801 Cantilius,
655 2764 758 2795 scriba
794 2764 965 2803 pontificis,
1003 2765 1055 2803 qui

431 2819 505 2839 cum
536 2808 655 2847 virgine
683 2807 805 2837 Vestali
837 2812 981 2846 stuprum
1014 2808 1054 2837 fc-

432 2854 528 2888 cerat,
542 2850 635 2889 virgis
650 2850 681 2880 in
698 2849 827 2880 comitio
841 2860 961 2881 caesus.
975 2849 1056 2880 inter

431 2895 559 2925 verbera
575 2893 715 2933 exspirat
734 2902 784 2927 22,
801 2900 849 2932 57.

1074 249 1120 280 M.
1138 247 1284 284 Cautius,
1307 246 1379 278 trib.
1405 247 1448 286 pl.
1476 246 1512 277 L.
1536 243 1739 276 Postumium

1117 294 1245 322 accusat
1266 300 1312 327 10,
1330 290 1379 328 46.

1076 335 1114 366 C.
1136 333 1323 370 Canuleius,
1356 331 1428 363 trib.
1465 331 1510 370 pl.
1544 329 1742 370 rogationem

1120 377 1300 417 promulgat
1315 376 1356 406 de
1371 374 1503 404 Pati-um
1519 383 1593 404 cum
1609 371 1743 412 plebeiis

1120 420 1279 450 connubio
1306 429 1336 457 4,
1366 427 1391 449 1.
1424 416 1586 448 invehitur
1610 416 1643 446 in
1669 424 1742 446 con-

1122 463 1206 492 sules
1221 471 1250 500 3.

1081 505 1118 536 L.
1135 504 1322 541 Canuleius,
1341 504 1465 543 legatus
1486 502 1601 533 missus
1621 501 1663 532 ad
1683 500 1744 532 Ae-

1123 548 1206 577 tolos
1221 557 1272 584 41,
1288 556 1337 585 3ο.

1084 590 1121 621 L.
1138 589 1314 620 Canuleius
1338 587 1450 625 Dives,
1473 591 1597 618 creatur
1619 589 1747 627 praetor

1127 641 1178 670 42,
1196 632 1245 661 28.
1268 630 1396 661 sortitur
1412 630 1606 670 Hispaniam
1628 639 1677 668 31.
1699 638 1746 659 re-

1128 677 1330 713 cuperatores
1357 673 1433 703 dare
1464 672 1591 703 iubetur
1619 672 1654 703 in
1683 681 1748 710 eos,

1129 727 1208 756 quos
1223 715 1364 755 Hispani
1379 718 1565 746 accusarent
1580 724 1632 754 43,
1648 723 1677 746 2.

1087 760 1134 790 Μ.
1151 758 1337 793 Canuleius,
1352 757 1423 789 trib.
1440 758 1485 797 pl.
1502 767 1531 795 4,
1547 767 1597 796 44.

1086 801 1251 839 Canusini,
1275 800 1399 840 populi,
1420 799 1553 831 veniunt
1574 799 1608 830 in
1630 799 1750 831 Roma-

1129 854 1242 875 norum
1258 844 1412 875 ditionem
1429 853 1460 884 9,
1477 852 1526 874 20.

1087 887 1264 920 Canusium
1299 886 1424 926 fugiunt
1460 884 1644 925 superstites
1680 887 1752 924 post

1130 930 1287 971 proelium
1313 930 1355 959 ad
1380 929 1510 961 Cannas
1534 927 1674 959 Romani
1701 936 1752 965 22,

1132 983 1172 1012 5ο
1191 976 1223 1003 et
1245 981 1293 1012 52.
1322 972 1363 1002 ad
1379 971 1556 1003 Canusium
1576 969 1753 1001 Marcellus

1132 1014 1311 1047 Hannibali
1333 1014 1480 1052 occurrit,
1494 1013 1570 1045 ibid.
1587 1013 1626 1044 cf.
1646 1016 1678 1044 et
1702 1019 1753 1052 27,

1132 1069 1182 1097 42.

1089 1103 1235 1141 Capena,
1250 1101 1324 1131 urbs
1340 1109 1370 1140 5,
1389 1110 1435 1132 10.
1460 1109 1510 1138 22,
1529 1108 1555 1132 1.

1090 1146 1224 1184 Capena
1246 1147 1338 1183 porta
1365 1153 1393 1181 1,
1419 1141 1467 1175 26.
1499 1150 1528 1182 7,
1549 1150 1598 1181 23.
1630 1151 1679 1180 10,
1703 1149 1753 1180 23.

1136 1195 1249 1226 23,32.
1274 1194 1386 1225 25,40.
1411 1184 1461 1224 26,
1478 1194 1524 1216 10.
1548 1193 1600 1223 33,
1613 1183 1662 1216 26.
1692 1183 1755 1215 Ca-

1134 1239 1237 1269 penae
1263 1233 1374 1268 portae
1397 1227 1449 1259 via
1472 1228 1513 1258 ad
1537 1227 1652 1258 Martis
1677 1235 1754 1257 saxo

1134 1272 1289 1312 quadrato
1310 1274 1408 1302 strata
1433 1281 1473 1301 ex
1497 1269 1678 1300 multaticia
1701 1278 1755 1308 pe-

1135 1314 1230 1345 cunia
1259 1324 1307 1351 1ο,
1329 1323 1376 1353 23.
1410 1313 1555 1343 0011511105
1578 1312 1757 1349 edixerunt,

1135 1357 1259 1398 quoties
1286 1356 1320 1386 in
1346 1360 1493 1386 senatum
1520 1357 1696 1392 vocassent,
1719 1356 1757 1384 ut

1135 1403 1306 1437 senatores,
1347 1398 1527 1437 quibusque
1567 1397 1601 1427 in
1643 1399 1757 1427 senatu

1136 1441 1328 1473 sententiam
1353 1441 1458 1471 dicere
1482 1440 1604 1478 liceret,
1621 1440 1664 1470 ad
1686 1449 1757 1479 por-

1136 1489 1203 1515 tam
1220 1485 1387 1523 Capenam
1404 1482 1610 1514 convenirent
1626 1491 1677 1521 23,
1693 1491 1744 1520 32.

1095 1528 1277 1567 Capenates
1292 1525 1412 1557 auxilio
1424 1526 1555 1557 veniunt
1568 1524 1760 1556 Veientibus

1138 1579 1168 1609 5,
1184 1571 1212 1601 8.
1239 1580 1349 1600 eorum
1368 1579 1442 1609 ager
1462 1571 1603 1599 vastatur
1621 1577 1669 1599 12.
1695 1566 1758 1598 vin-

1138 1617 1254 1646 cuntur
1273 1612 1394 1652 proelio
1412 1623 1431 1643 a
1446 1611 1603 1643 Romanis
1621 1619 1667 1649 13.
1693 1609 1760 1640 bel-

1138 1656 1205 1687 lum
1217 1656 1396 1686 instaurant
1411 1659 1444 1686 et
1459 1654 1646 1694 subiguntur
1659 1663 1709 1691 24.

1095 1699 1238 1739 Capetus
1254 1698 1384 1735 Silvius,
1400 1697 1503 1728 Albae
1517 1707 1573 1727 rex
1592 1706 1619 1734 Ι,
1636 1705 1664 1735 3.

1095 1742 1261 1815 03ὲ111111111
1288 1740 1474 1782 promittere
1500 1739 1577 1780 quid
1603 1740 1759 1770 denotet?

1160 1809 1169 1823 ,
1187 1784 1234 1816 16.

1097 1827 1296 1867 Capitolium
1312 1825 1478 1857 adscendit
1493 1825 1666 1863 Romulus,
1681 1827 1760 1855 tem-

1140 1871 1295 1910 plumque
1311 1870 1449 1909 primum
1466 1868 1537 1898 Iovi
1550 1867 1692 1898 Feretrio
1707 1867 1760 1898 de-

1140 1913 1226 1943 dicat
1242 1923 1269 1950 1,
1286 1922 1331 1943 10.
1355 1912 1446 1943 sedes
1461 1911 1554 1941 datur
1569 1909 1695 1942 Sabinis
1709 1918 1726 1948 3
1731 1918 1760 1948 3.

1140 1957 1180 1986 ab
1194 1955 1361 1986 Herdonio
1377 1953 1495 1985 Sabino
1510 1963 1583 1984 cum
1599 1952 1762 1983 exsulibus

1141 2003 1172 2029 et
1188 1998 1284 2028 servis
1299 2001 1473 2037 occupatur
1484 2005 1514 2035 3,
1530 2003 1577 2035 15.
1595 2004 1761 2033 recupera-

1141 2046 1193 2072 tur
1215 2045 1247 2071 et
1268 2041 1419 2070 lustratur
1436 2039 1483 2069 18.
1510 2037 1606 2068 etiam
1626 2036 1761 2076 prodigii

1142 2094 1238 2114 causa
1254 2084 1406 2113 lustratur
1422 2090 1470 2121 29.
1493 2079 1638 2110 militaris
1651 2079 1761 2110 iuven-

1142 2130 1193 2156 tus
1214 2129 1350 2164 occupat
1366 2122 1575 2162 Capitolium,
1589 2122 1672 2152 illud
1688 2132 1762 2152 con-

1141 2173 1190 2198 tra
1217 2168 1331 2198 Gallos
1357 2166 1525 2197 defensura
1550 2174 1580 2204 5,
1601 2174 1650 2206 39.
1681 2164 1761 2195 obsi-

1141 2211 1234 2241 detur
1253 2220 1272 2240 a
1288 2209 1393 2240 Gallis
1409 2217 1458 2247 43.
1485 2211 1627 2239 servatur
1645 2208 1686 2238 ab
1706 2218 1761 2238 an-

1140 2253 1259 2284 seribus
1281 2260 1330 2292 47.
1360 2251 1512 2281 liberatur
1534 2252 1575 2281 ab
1599 2250 1764 2281 obsidione

1141 2306 1191 2337 49.
1212 2295 1313 2325 latum
1329 2295 1369 2325 ad
1385 2294 1554 2333 populum,
1566 2303 1606 2323 ne
1622 2292 1693 2332 quis
1707 2303 1762 2333 pa-

1140 2337 1249 2368 tricius
1264 2337 1296 2368 in
1313 2336 1477 2377 Capitolio
1492 2336 1650 2367 habitaret
1665 2334 1696 2373 6,
1713 2345 1762 2367 20.

1138 2381 1206 2411 auri
1214 2392 1252 2411 ex
1262 2380 1396 2411 Gallicis
1406 2378 1515 2419 spoliis
1523 2388 1674 2419 magnum
1685 2388 1762 2417 pon-

1139 2424 1198 2454 dus
1207 2434 1282 2454 saxo
1293 2423 1447 2462 quadrato
1457 2425 1584 2461 septum
1592 2421 1626 2451 in
1632 2420 1763 2460 Capito-

1140 2466 1182 2496 lio
1198 2470 1299 2497 sacrat
1315 2466 1352 2497 C.
1361 2464 1512 2496 Servilius
1523 2463 1660 2494 dictator
1673 2469 1701 2502 7,
1715 2470 1762 2502 15.

1140 2513 1269 2540 senatus
1291 2508 1324 2539 in
1347 2507 1508 2548 Capitolio
1532 2505 1660 2536 habitus
1683 2506 1714 2544 8,
1732 2513 1762 2545 5.

1143 2561 1193 2590 24,
1212 2562 1258 2583 10.
1282 2552 1393 2582 foedus
1413 2550 1513 2580 ictum
1535 2556 1585 2588 37,
1602 2555 1651 2587 55.
1674 2547 1708 2578 in
1724 2558 1763 2579 eo

1142 2595 1287 2625 consules
1298 2597 1371 2624 vota
1380 2595 1579 2631 nuncupant,
1588 2595 1762 2630 antequam

1142 2637 1175 2667 in
1193 2636 1370 2677 provincias
1388 2634 1630 2675 proficiscantur
1645 2643 1696 2671 21,
1711 2632 1762 2672 63.

1142 2690 1194 2718 41,
1210 2689 1259 2718 32.
1283 2688 1335 2717 42,
1351 2688 1401 2719 49.
1423 2677 1456 2707 111
1472 2675 1634 2716 Capitolio
1655 2686 1763 2706 aream

1141 2723 1213 2753 aedi
1235 2721 1320 2753 Iovis
1340 2720 1551 2751 exstruendae
1569 2718 1764 2758 Tarquinius

1143 2765 1271 2795 Priscus
1286 2767 1422 2803 occupat
1437 2761 1654 2793 fundamentis
1672 2771 1700 2799 1,
1712 2762 1763 2800 38.

1141 2808 1255 2838 aedem
1278 2806 1412 2837 exstruit
1434 2804 1627 2844 Tarquinius
1648 2804 1764 2843 Super-

1142 2852 1201 2881 bus
1222 2858 1272 2889 53,
1289 2858 1338 2889 55.
1362 2848 1489 2880 dedicat
1511 2847 1666 2878 Horatius
1686 2846 1764 2878 Pu]-

1144 2893 1238 2924 villus
1256 2893 1326 2930 2‚8.
1350 2893 1564 2924 substructum
1587 2899 1664 2922 saxo
1686 2898 1762 2930 qua-
