1888 3194
356 186 441 224 350
852 180 1263 223 PRAEFATIO

358 295 510 348 ‘felzler
531 295 652 335 Buclz
681 297 748 335 38.
772 301 870 334 statt
891 294 973 343 37„
996 289 1160 334 ‘welcher
1182 293 1328 333 Felzler
1356 292 1459 331 auch
1483 292 1535 330 im
1564 289 1753 329 nticlzsten

358 367 371 385 ‘
385 363 528 402 Buclze
545 363 785 417 fortyesetzt
813 362 983 402 warde&
1046 362 1142 401 Das
1166 364 1233 401 38.
1268 361 1389 400 Buclz
1418 359 1552 413 endiyt
1575 357 1658 397 sich
1683 358 1756 396 mit

358 434 371 454 ‘
386 431 461 471 den
482 437 609 470 ersten
631 433 655 470 2
681 430 818 470 Zeilen
840 431 906 470 des
926 431 995 470 46.
1019 428 1234 483 Kapitels.’

418 497 591 554 Septem
639 497 781 552 igitur,
824 496 898 552 qui
948 495 1267 545 interciderunt,
1311 495 1466 536 codicis
1511 491 1755 535 recentioris

357 566 634 614 oeterniones,
665 580 770 620 quos
800 573 965 614 vocant,
997 564 1092 605 Lib.
1128 564 1255 606 XXI.
1289 571 1333 604 et
1364 570 1590 618 sequentes
1620 574 1754 616 usque

357 633 412 675 ad
450 634 577 674 verba
609 632 705 673 Lib.
746 632 921 673 XXIV.
955 635 995 680 7,
1028 635 1066 671 8.
1110 632 1251 671 bellum
1292 633 1420 671 oriens
1455 647 1500 671 ez·
1527 632 1756 685 propinquo

358 717 479 756 quum
509 707 693 748 cerneret,
720 705 901 739 senatum
929 697 1344 753 complectebantur:
1379 698 1453 753 qui
1480 705 1639 738 restant
1662 710 1756 737 sex-

358 767 497 809 decim
530 782 554 807 a
583 766 720 807 verbis
754 768 879 806 literis
911 768 1114 806 certiorem
1134 767 1242 819 feeit
1273 765 1485 820 incipiunt
1516 772 1559 805 et
1586 764 1632 804 in
1659 763 1754 805 Lib.

358 836 513 877 XXX.
536 834 620 875 fine
643 833 854 874 desinunt.
921 832 1009 881 Qui
1037 833 1151 874 hunc
1178 832 1369 874 codicem
1390 831 1609 887 exscripsit
1631 830 1758 872 libra-

358 902 444 943 rius
479 901 524 942 in
560 915 702 942 aversa
736 900 806 941 fol.
849 902 942 941 126.
980 900 1134 956 pagina
1165 915 1270 941 vers.
1306 903 1374 941 20.
1409 900 1453 940 in
1487 899 1625 941 verbis
1659 897 1754 940 Lib.

359 970 512 1012 XXX.
546 972 616 1010 42.
649 972 717 1010 21.
779 969 863 1009 Per
895 983 992 1024 quos
1024 970 1114 1009 deos
1133 969 1285 1022 foedus
1317 971 1440 1009 icturi
1467 974 1604 1017 essent,
1635 981 1759 1022 quum

357 1053 431 1087 eos,
449 1053 524 1092 per
542 1053 639 1093 quos
666 1037 910 1087 substitisse,
934 1045 976 1078 et
1002 1037 1195 1093 proxima
1222 1045 1314 1078 ante
1340 1040 1463 1078 ictum
1491 1043 1601 1086 esset,
1622 1049 1757 1091 usque

358 1105 413 1147 ad
439 1106 566 1147 verba
595 1121 684 1161 cap.
712 1108 780 1146 43.
809 1108 872 1146 13.
904 1108 1073 1146 nominis
1093 1106 1241 1146 Latini
1266 1108 1337 1161 qui
1362 1112 1490 1155 erant,
1512 1107 1643 1146 securi
1661 1120 1760 1159 per-

360 1176 477 1224 cassi,
495 1173 648 1230 quibus
669 1172 799 1214 altera
819 1173 944 1214 huius
965 1174 1142 1229 paginae
1160 1173 1358 1215 columna
1378 1173 1551 1229 triginta
1567 1172 1756 1228 quinque

359 1242 545 1283 versibus
575 1248 769 1282 constans
802 1241 959 1290 finitur,
987 1241 1038 1282 ab
1066 1241 1148 1282 alio
1178 1240 1347 1282 librario
1377 1248 1547 1282 exarata
1577 1254 1666 1281 esse
1698 1239 1758 1280 vi-

359 1309 524 1351 dentur.
588 1308 786 1365 Namque
832 1308 1048 1350 literarum
1094 1309 1246 1350 ductus
1290 1308 1433 1365 paullo
1483 1309 1666 1350 minores
1715 1315 1759 1349 et

360 1376 650 1434 elegantiores,
693 1377 738 1417 id
778 1376 893 1433 quod
937 1376 1159 1418 Goellerus
1199 1392 1239 1432 p.
1285 1380 1382 1417 348.
1425 1384 1537 1418 reete
1580 1374 1758 1425 monuit,

360 1453 486 1501 atque
520 1444 818 1500 orthographia
849 1444 936 1485 sive
969 1443 1268 1485 vocabulorum
1304 1443 1623 1484 scribendorum
1651 1442 1758 1484 ratio

360 1512 413 1554 ad
457 1512 613 1554 codicis
659 1511 909 1567 antiquioris
952 1511 1273 1552 similitudinem
1314 1511 1488 1567 propius
1534 1510 1756 1552 accedunt.

359 1580 584 1622 Praeterea
603 1580 718 1621 idem
739 1580 932 1621 librarius
960 1580 1006 1620 in
1031 1579 1203 1621 adversa
1222 1579 1291 1620 fol.
1320 1580 1412 1622 127.
1436 1579 1603 1635 pagina,
1626 1592 1759 1634 quum

360 1663 513 1689 novem
552 1647 701 1704 prioris
741 1647 960 1689 columnae
1001 1662 1144 1689 versus
1185 1655 1323 1688 essent
1368 1647 1522 1698 omissi,
1565 1646 1759 1688 lacunam

360 1716 496 1758 verbis
524 1717 703 1757 Romani
733 1719 775 1757 z'n
807 1732 962 1757 erucem
992 1717 1152 1766 sublati,
1181 1724 1223 1756 et
1253 1730 1343 1771 cap.
1369 1719 1439 1756 44.
1501 1715 1636 1756 Annis
1667 1721 1761 1755 ante

360 1784 635 1839 quadrayz'nta
655 1810 713 1815 —
732 1810 790 1815 -—
810 1787 926 1825 escitio
966 1785 1228 1840 Carthayinz‘s
1253 1786 1415 1838 finiret,
1458 1784 1518 1825 ita
1560 1782 1759 1840 explevit,

361 1860 409 1894 ut
438 1852 542 1894 haec
572 1867 670 1894 cum
701 1852 976 1908 sequentibus
1008 1853 1115 1894 male
1150 1860 1463 1909 coagmentaret
1493 1851 1575 1893 hoc
1605 1850 1757 1893 modo:

346 1921 528 1973 finiret&
563 1912 794 1966 θαΤΐῘῑίῑθὶηῖ
822 1918 899 1952 etc·
973 1920 1211 1977 Scripturae
1248 1921 1465 1962 diversitas
1500 1936 1525 1961 a
1562 1918 1760 1961 Goellero

361 2005 401 2046 p.
426 1992 521 2031 354.
545 2005 633 2031 non
653 1989 751 2031 satis
772 1996 964 2030 accurate
986 1997 1155 2030 enotata
1175 1988 1278 2030 haec
1300 1996 1387 2029 est:

420 2056 515 2097 Lib.
548 2057 701 2098 XXX.
741 2055 846 2112 Cap.
878 2059 947 2097 42.
992 2055 1150 2111 inquit]
1183 2055 1494 2111 inquid—qui
1524 2053 1631 2111 tam]
1664 2070 1761 2110 quo-

362 2127 472 2166 niam
493 2132 586 2165 tam.
652 2124 816 2165 Erroris
838 2124 1044 2180 originem
1067 2123 1441 2165 Drakenborchius
1463 2123 1762 2179 explicavit.—

367 2191 472 2248 Cap.
502 2195 571 2233 43.
601 2191 836 2248 provincia]
873 2194 1091 2247 provintia.
1109 2217 1167 2222 —
1184 2190 1567 2247 senatusconsulto]
1605 2193 1764 2232 senatui

365 2261 550 2300 consulto.
569 2259 716 2300 —M'.
752 2259 915 2300 Acilius
960 2268 1003 2300 et
1051 2259 1104 2307 Q.
1148 2258 1366 2301 Minucius
1407 2259 1565 2300 tribuni
1605 2258 1759 2315 plebis]

366 2328 430 2368 M.
456 2328 610 2367 Atilius
650 2334 688 2367 et
734 2327 784 2377 Q.
818 2328 1024 2367 Minatius
1064 2334 1113 2367 tr.
1150 2328 1209 2381 pl.
1233 2352 1291 2358 ——
1312 2325 1758 2383 Karthaginiensibus]

373 2395 778 2450 Carthaqz‘m'ensz‘bus.
845 2394 914 2436 Sic
935 2394 1015 2436 hoc
1036 2410 1192 2437 nomen
1214 2395 1370 2452 ubique
1392 2395 1594 2451 scriptum
1614 2402 1688 2436 est.
1703 2419 1762 2425 —

366 2472 409 2505 et
429 2478 556 2520 quem
577 2478 669 2504 earn
685 2478 832 2519 pacem
855 2463 974 2520 dare]
999 2479 1111 2519 quem
1138 2480 1225 2505 eam
1245 2481 1386 2519 pacem
1407 2466 1516 2513 dare,
1539 2463 1690 2504 omisso
1711 2472 1760 2514 et,

365 2531 483 2588 quod
512 2530 768 2587 praecedens
785 2532 913 2583 fleret
940 2531 1174 2587 intercepit.
1193 2547 1322 2573 —ex
1353 2531 1499 2572 Africa
1528 2531 1758 2589 exercitus]

367 2615 413 2640 ez
432 2599 597 2654 Affrz’ca
619 2601 840 2640 exereitum.
888 2598 1038 2640 Paullo
1058 2606 1153 2654 post
1175 2606 1318 2640 tamen
1338 2601 1529 2639 exercitus
1549 2598 1593 2639 in
1615 2598 1759 2641 codice

412 2754 432 2782 4
455 2743 553 2775 Libro
587 2743 769 2775 XXXVI.
800 2748 847 2775 est
884 2744 1041 2784 subscrip·
1089 2744 1313 2776 XXXVIII.
1344 2743 1490 2784 explicit,
1519 2742 1634 2783 incipit
1664 2743 1762 2775 Liber

369 2789 461 2817 tum:
487 2787 507 2802 ‘⁶
522 2785 619 2817 Liber
636 2786 817 2817 XXXVI.
834 2787 980 2826 explicit,
996 2787 1042 2817 in·
1089 2787 1359 2818 XXXVIIII.”
1405 2786 1538 2826 Ubique
1559 2790 1669 2817 tamen
1684 2789 1762 2818 nota

370 2828 450 2868 cipit
486 2828 584 2859 Liber
615 2829 864 2860 XXXVIII.”
897 2833 929 2859 et
962 2829 1043 2859 libro
1087 2831 1116 2861 I.
1132 2833 1168 2860 ut
1184 2829 1310 2860 numeri
1327 2832 1548 2869 congruerent,
1563 2839 1653 2860 erasa
1667 2832 1725 2861 est.

371 2871 573 2903 XXXVII.
632 2871 811 2902 subiectum
830 2883 836 2902 :
908 2872 929 2888 “
948 2871 1044 2902 Liber
