1888 3194
547 157 675 198 LIB.
709 155 874 198 XLIV.
922 155 1069 209 CAP.
1103 159 1172 198 45.
1480 159 1560 199 169

162 248 326 299 servati,
354 263 408 290 ex
438 246 598 303 proelio
625 245 790 288 Pellam
819 253 1035 296 venerant,
1058 260 1191 301 quum
1222 259 1346 301 saepe
1376 246 1561 287 arcessiti
1576 254 1622 286 U.
1637 254 1677 286 c.
1698 254 1772 294 584.

164 316 317 356 essent,
338 319 465 346 nemo
497 303 551 345 ad
583 318 682 345 eum
713 303 842 345 venit.
905 303 1012 345 Tres
1042 310 1162 344 erant
1193 311 1356 343 tantum
1387 317 1484 344 cum
1509 318 1561 345 eo
1575 297 1615 328 Α·
1638 297 1677 329 C.
1703 295 1772 328 ¹⁶8·

163 364 287 420 fugae
307 362 494 411 comites,
518 360 720 402 Euander
742 360 971 410 Cretensis,
991 359 1088 401 Neo
1110 359 1325 409 Boeotius,
1343 368 1387 401 et
1407 359 1562 400 Archi-

163 421 313 463 damus
336 418 523 460 Aetolus.
590 417 702 460 Cum
731 418 795 468 iis,
818 418 900 459 iam
929 426 1135 467 metuens,
1157 432 1226 467 ne,
1249 416 1323 473 qui
1343 416 1486 458 venire
1508 417 1563 458 ad

163 493 208 520 se
237 477 484 525 abnuerent,
514 475 648 517 maius
678 475 839 531 aliquid
868 490 968 516 mox
998 474 1218 524 auderent,
1245 482 1394 530 quarta
1420 473 1563 529 vigilia

193 533 360 590 rofugit.
419 532 562 575 Secuti
583 548 682 574 eum
702 542 802 574 sunt
821 532 1051 574 admodum
1073 532 1297 588 quingenti
1321 530 1559 573 Cretenses.

163 550 344 634 Petebat
365 589 683 646 Amphipolim:
714 590 790 631 sed
811 599 934 632 nocte
956 605 981 631 a
1002 589 1120 631 Pella
1140 589 1312 639 exierat,
1334 603 1563 645 properans

163 657 262 691 ante
283 648 422 690 lucem
445 647 605 688 Axium
633 662 802 689 amnem
831 648 1035 697 traiicere,
1057 662 1155 688 eum
1183 646 1313 687 finem
1341 645 1561 703 sequendi,

165 721 242 763 pro
275 714 338 748 ter
358 705 650 746 difficultatem
670 705 881 755 transitus,
902 704 990 746 fore
1013 714 1126 746 ratus
1149 703 1364 745 Romanis.

225 721 471 812 gonsulem,
489 777 622 818 quum
643 777 686 804 se
707 762 752 803 in
769 771 902 804 castra
918 762 1050 804 victor
1070 761 1308 818 recepisset,
1325 776 1380 802 ne
1397 761 1561 803 sincero
1638 762 1707 800 44.

163 820 319 878 gaudio
338 820 558 870 frueretur,
576 835 677 862 cura
692 819 745 862 de
766 820 929 861 minore
950 819 1038 861 filio
1059 819 1309 860 stimulabat.
1353 818 1401 860 P.
1420 818 1561 876 Scipio
1575 817 1752 872 anxietas·

164 879 199 920 is
219 886 320 928 erat,
345 877 571 920 Africanus
599 886 643 919 et
667 877 754 934 ipse
780 886 939 933 postea,
961 876 1101 918 deleta
1124 876 1395 933 Carthagine,
1418 875 1560 933 appel·
1575 859 1775 933 glossdceifiho

136 935 286 986 7latus,
315 935 516 977 naturalis
551 935 733 976 consulis
764 934 916 984 Paulli,
946 934 1173 991 adoptione
1197 934 1384 975 Africani
1416 944 1685 990 nepos.pione.

165 993 222 1044 Is,
254 993 481 1049 septimum
513 991 727 1034 decimum
762 1001 864 1033 tunc
899 1007 1060 1033 annum
1095 1006 1236 1047 Qens,
1273 991 1390 1047 quod
1425 991 1564 1047 ipsum

165 1065 310 1092 curam
330 1050 522 1105 augebat,
541 1049 642 1090 dum
664 1049 794 1090 effuse
815 1049 1006 1105 sequitur
1026 1049 1178 1098 hostes,
1196 1048 1241 1089 in
1261 1057 1424 1104 partem
1441 1048 1566 1090 aliam

166 1108 290 1150 turba
315 1106 478 1148 ablatus
499 1114 612 1147 erat:
646 1114 702 1156 et,
724 1106 855 1148 serius
876 1121 1009 1161 quum
1037 1105 1224 1154 redisset,
1247 1114 1349 1146 tune
1378 1105 1564 1155 demum,

164 1172 338 1230 recepto
388 1163 542 1220 sospite
583 1162 684 1213 filio,
732 1163 930 1205 victoriae
983 1171 1121 1204 tantae
1172 1162 1375 1219 gaudium
1421 1162 1569 1204 consul

165 1231 309 1265 sensu.

225 1278 521 1335 Amphipolim
548 1293 682 1335 quum
714 1278 797 1319 iam
825 1278 936 1319 fama
964 1293 1132 1334 pugnae
1162 1278 1434 1334 pervenisset,
1465 1292 1568 1318 con-

135 1351 396 1392 gcursusque
427 1345 713 1378 matronarum
741 1336 786 1376 in
815 1335 1021 1392 templum
1047 1335 1228 1385 Dianae,
1251 1350 1379 1391 quam
1405 1334 1568 1376 Tauro-

166 1394 295 1452 polon
315 1402 480 1443 vocant,
503 1394 557 1435 ad
577 1408 703 1450 opem
727 1393 1040 1450 exposcendam
1061 1393 1208 1441 fieret3
1242 1392 1470 1440 Diodorus,
1493 1392 1567 1448 qui

166 1459 358 1509 praeerat
386 1451 492 1501 urbi,
515 1460 721 1501 metuens,
743 1466 798 1492 ne
820 1451 1019 1500 Thraces,
1042 1465 1223 1507 quorum
1251 1450 1337 1491 duo
1365 1449 1496 1490 millia
1522 1449 1567 1490 in

168 1508 377 1567 praesidio
398 1517 532 1558 erant,
554 1509 703 1550 urbem
724 1509 768 1549 in
790 1508 976 1550 tumultu
996 1508 1240 1564 diriperent,
1264 1508 1316 1549 ab
1340 1508 1568 1549 subornato

167 1567 220 1609 ab
257 1581 301 1608 se
336 1581 412 1622 per
441 1565 647 1608 fallaciam
682 1566 728 1606 in
763 1565 968 1607 tabellarii
1003 1565 1187 1622 speciem
1223 1565 1364 1607 literas
1399 1565 1444 1606 in
1478 1564 1568 1606 foro

169 1624 312 1666 medio
352 1624 524 1680 accepit.
601 1623 815 1679 Scriptum
856 1623 900 1664 in
940 1623 991 1664 iis
1030 1631 1133 1672 erat,
1187 1622 1286 1663 ‘Ad
1327 1621 1570 1663 Emathiam

171 1688 183 1707 ‘
198 1681 372 1724 classem
395 1679 634 1722 Romanam
664 1680 883 1736 appulsam
910 1695 1012 1730 esse,
1035 1695 1239 1736 agrosque
1268 1679 1379 1720 eirca
1398 1678 1567 1720 vexari:

171 1745 183 1764 ‘
198 1754 316 1781 orare
338 1738 568 1794 praefectos
591 1737 827 1787 Emathiae,
850 1746 898 1779 ut
922 1737 1177 1794 praesidium
1207 1736 1405 1778 adversus
1435 1751 1571 1792 popu-

172 1796 350 1838 ‘latores
393 1796 558 1837 mittat)
630 1794 711 1836 His
750 1794 882 1845 lectis,
924 1795 1114 1836 hortatur
1154 1794 1353 1843 Thracas,
1398 1798 1410 1817 ‘
1431 1802 1478 1834 ut
1517 1792 1571 1834 ad

172 1853 403 1896 ‘tuendam
446 1853 667 1894 Emathiae
708 1867 824 1893 oram
864 1852 1212 1909 proficiscantur:
1265 1865 1461 1907 magnam
1501 1865 1573 1892 eos

172 1910 373 1953 ‘caedem
404 1910 702 1967 praedamque,
729 1909 877 1965 palatis
910 1909 1063 1966 passim
1096 1924 1172 1965 per
1202 1924 1321 1964 agros
1353 1908 1572 1957 Romanis,

172 1969 407 2011 ‘facturos’
468 1967 603 2009 Simul
635 1966 770 2008 elevat
797 1967 950 2008 famam
979 1966 1175 2008 adversae
1206 1980 1400 2022 pugnae:
1436 1970 1572 2021 ‘quae

173 2033 185 2051 ‘
200 2027 234 2068 si
256 2041 354 2067 vera
374 2026 493 2075 foret,
515 2025 645 2067 alium
666 2039 792 2081 super
811 2024 940 2065 alium
968 2032 1159 2065 recentes
1180 2038 1233 2064 ex
1253 2023 1353 2079 fuga
1373 2031 1572 2064 venturos

173 2090 186 2110 ‘
201 2084 351 2126 fuisse?
411 2083 496 2124 Per
539 2083 648 2123 hanc
693 2097 860 2123 causam
907 2081 1143 2122 Thracibus
1191 2080 1405 2136 ablegatis,
1447 2079 1572 2121 simul

173 2150 446 2196 transgressos
479 2155 550 2182 eos
586 2139 856 2196 Strymonem
884 2139 1002 2190 vidit,
1031 2148 1172 2195 portas
1202 2138 1361 2180 clausit.
1425 2137 1571 2179 Tertio
1648 2137 1717 2176 45.

172 2199 242 2241 die
283 2199 475 2248 Perseus,
516 2212 644 2253 quam
685 2207 920 2253 pugnatum
959 2205 1062 2246 erat,
1105 2195 1400 2253 Amphipolim
1440 2195 1567 2237 venit.
1588 2193 1783 2253 Peffi}'¹¹⁸⁰²¹·

174 2256 281 2298 Inde
317 2265 499 2298 oratores
534 2270 631 2296 cum
666 2255 851 2296 caduceo
884 2253 938 2296 ad
973 2253 1170 2295 Paullum
1206 2253 1330 2295 misit.
1394 2252 1568 2294 Interim
1584 2236 1772 2310 {imp-stupam

176 2314 370 2370 Hippias,
402 2322 445 2355 et
481 2312 658 2362 Medon,
695 2321 737 2354 et
772 2312 1057 2361 Pantauchus,
1092 2312 1305 2368 principes
1340 2311 1568 2352 amicorum
1583 2322 1657 2353 Cos.

173 2372 295 2427 regis,
326 2371 500 2419 Beroea,
526 2376 611 2426 quo
642 2385 696 2411 ex
727 2370 814 2411 acie
846 2370 1135 2426 confugerant,
1162 2369 1239 2425 ipsi
1271 2368 1324 2409 ad
1354 2367 1571 2409 consulem

175 2429 366 2486 profecti,
403 2428 606 2469 Romanis
637 2443 680 2469 se
711 2427 900 2469 dedunt:
940 2427 1020 2468 hoc
1052 2426 1165 2468 idem
1197 2436 1239 2468 et
1270 2426 1339 2467 alii
1371 2426 1573 2482 deinceps

176 2495 293 2529 metu
326 2485 505 2543 perculsi
539 2485 741 2542 parabant
773 2485 921 2526 facere.
987 2484 1163 2534 Consul,
1191 2484 1351 2525 nuntiis
1376 2484 1573 2526 victoriae

211 2622 227 2653 7
244 2615 418 2645 Naturalis
428 2614 567 2644 consulis
580 2614 709 2650 ΙάιιΙΙὶ]
731 2612 852 2643 Εῐυίοκ
901 2614 1024 2647 volunt.
1051 2614 1098 2643 vel
1124 2613 1209 2652 qnod
1235 2614 1324 2652 apud
1349 2613 1474 2643 Tauros
1499 2613 1574 2652 Scy-

179 2655 852 2696 praecedcntibiwintclfigituneunrtilium
900 2656 988 2686 thiae
1011 2657 1167 2695 populum
1187 2656 1323 2691 colatur,
1342 2656 1388 2685 vel
1408 2656 1493 2694 quod
1509 2665 1574 2692 gre-

182 2699 288 2730 Paulli
316 2699 422 2735 fuisse,
440 2703 549 2728 tamen
577 2698 653 2727 mihi
681 2708 739 2727 vox
758 2699 854 2737 filius
897 2699 989 2736 gibus
1007 2698 1134 2737 praesit,
1149 2699 1196 2728 wi
1212 2699 1296 2737 quod
1314 2699 1426 2728 caulem
1445 2697 1482 2726 sit
1501 2708 1573 2726 cuni

180 2741 253 2772 hinc
268 2741 318 2771 vix
335 2742 446 2771 abesse
465 2752 555 2780 posue
574 2740 707 2770 videtur.
742 2741 853 2770 l'otuit
900 2741 988 2777 luna,
1001 2751 1097 2780 ιμιειηι
1112 2741 1211 2771 tauris
1225 2741 1295 2770 vehi
1310 2741 1433 2778 fingunt
1451 2743 1572 2779 pot-'tue

179 2783 334 2814 excidia-»c
353 2789 422 2822 post
441 2785 564 2817 ΙίιυΙΙὲ,
581 2793 679 2822 quum
698 2783 854 2823 scriptum
899 2784 1007 2814 Cum.
1046 2784 1085 2814 cf.
1111 2784 1210 2823 soph.
1243 2783 1290 2814 Αἰ.
1328 2792 1394 2822 ¹7²-
1427 2780 1446 2817 ἦ
1472 2781 1508 2819 ῥά
1539 2793 1572 2809 σε

181 2825 289 2856 suisset
306 2827 418 2856 l’aulln'
436 2827 472 2857 F.
492 2826 538 2856 vel
558 2827 619 2856 1³51.
649 2826 785 2857 Πυκκιι.
898 2825 1082 2864 Ταυροπόλα
1095 2826 1167 2856 Διὸς
1180 2825 1326 2864 ‘Ap-rum
1338 2850 1344 2857 .
1358 2850 1364 2857 .
1376 2849 1384 2857 .
1398 2826 1574 2856 Burnmnn.

223 2868 243 2895 8
268 2869 408 2903 manac.
438 2880 532 2908 quam
568 2870 771 2907 'I'unropolnn
806 2880 854 2899 vo·
901 2870 940 2900 ud
960 2869 1055 2901 Ovid.
1074 2870 1156 2901 Met.
1173 2879 1225 2900 xv.
1243 2878 1315 2908 511.

181 2911 274 2948 cant]
295 2909 422 2941 Dianae
439 2910 499 2941 hoc
516 2921 692 2950 cognomen
707 2911 854 2941 additum
