1888 3194
417 182 500 220 462
631 179 998 222 SYLLABUS
1041 179 1624 221 PRAECIPUARUM

556 269 695 310 ‘Lilio
746 284 872 310 aureo
922 269 975 310 ad
1027 269 1186 310 D1vum
1237 269 1447 310 Iacobum.
1503 269 1818 310 M.D.XLIII.'

553 341 699 367 verum
753 326 1032 382 privilegium,
1085 335 1132 366 ut
1182 325 1329 367 Livius
1373 327 1453 367 hoc
1501 326 1625 367 modo
1675 326 1819 381 impri-

555 392 751 432 meretur,
774 393 941 424 senatus
963 383 1210 424 Parisiensis
1241 399 1351 424 anno
1382 383 1675 424 M.D.XLII.
1705 398 1819 423 nono

557 440 722 481 Calend
771 440 979 481 Novemb.
1027 440 1231 481 concessit
1295 446 1305 463 ⁶
1323 440 1526 481 Michaeli
1577 438 1817 480 Vascosano

556 503 627 538 ‘et
668 497 882 538 Audoe'no
922 497 1086 537 Parvo.'
1156 497 1325 537 Titulus
1371 497 1509 546 etiam,
1552 497 1625 552 qui
1670 496 1819 537 Anno-

555 554 783 594 tationibus
805 554 1013 594 adiunctis
1034 553 1327 608 praemittitur,
1346 554 1504 594 desinit
1524 554 1601 594 hac.
1617 553 1816 594 formula:

556 610 752 651 ‘Parisiis
798 610 1064 665 imprimebat
1112 609 1301 650 Michael
1343 610 1607 651 Vascosanus
1653 610 1731 651 sibi
1777 619 1820 651 et

556 673 568 690 ‘
587 667 755 708 Odoino
801 666 965 707 Parvo?
1040 665 1169 706 Unde
1220 666 1383 720 colligo,
1431 667 1660 708 editionem
1710 667 1819 708 hanc

554 738 750 764 excusam
777 737 865 763 esse
895 723 1006 778 typis
1027 722 1272 770 Vascosani‚
1296 723 1509 763 venditam
1531 733 1671 764 autem
1693 723 1818 765 fuisse

554 780 705 836 partim
728 780 779 820 ab
802 794 864 828 eo,
887 779 1037 834 partim
1068 779 1119 818 ab
1144 778 1314 819 Odoi'no
1337 779 1485 820 Parvo.
1531 779 1650 820 Haec
1679 789 1819 821 autem

554 837 684 877 editio
720 851 806 877 non
842 836 969 877 modo
1005 835 1195 876 continet
1231 836 1384 884 omnia,
1422 851 1529 891 quae
1565 837 1820 892 praecedens

555 893 854 949 Lugdunensis
890 892 1139 949 Gryphiana
1175 893 1274 932 anni
1313 893 1594 935 M.D.XLlI.
1656 894 1820 936 Verum

555 950 684 991 etiam
710 950 903 991 Sabellici
925 949 1124 1005 pauculas
1151 949 1470 991 Annotationes.

428 1005 551 1050 1543.
586 1007 775 1048 Basileae
797 1007 910 1063 apud
927 1006 1130 1048 Ioannem
1149 1006 1422 1062 Hervagium,
1441 1007 1485 1047 in
1500 1007 1633 1048 forma
1649 1007 1818 1048 maiore.

613 1064 737 1105 Hanc
779 1065 1008 1105 editionem
1055 1064 1273 1104 adiunctas
1314 1064 1466 1106 habere
1511 1064 1821 1105 Annotationes

557 1121 768 1170 Rhenani‚
810 1121 993 1170 Gelenii,
1036 1130 1078 1161 et
1123 1120 1335 1169 Glareani‚
1373 1121 1582 1177 huiusque
1626 1120 1822 1162 Chrono—

555 1178 721 1234 logiam,
752 1188 896 1219 auctor
929 1187 989 1219 est
1019 1177 1180 1218 Fabric.
1208 1178 1252 1217 in
1275 1177 1384 1219 Bibl.
1411 1177 1549 1218 Latin.
1614 1177 1820 1219 Eamdem

556 1244 790 1276 memorant
826 1235 951 1276 etiam
990 1234 1203 1275 Hearnius
1238 1243 1280 1275 et
1317 1234 1522 1284 Clericus,
1557 1236 1696 1276 testati
1727 1250 1820 1276 eam

554 1293 754 1348 prodiisse
786 1298 798 1316 ⁶
814 1308 867 1333 ex
888 1292 1131 1333 recensione
1155 1291 1384 1347 Hervagii‚’
1404 1292 1648 1348 nullamque
1672 1292 1821 1333 Anno-

556 1350 761 1390 tationum
788 1349 986 1390 Glareani
1009 1348 1265 1389 mentionem
1289 1349 1458 1389 faciunt.

429 1410 549 1447 1544.
586 1407 870 1462 Argentorati,
893 1407 936 1446 in
957 1406 1089 1446 forma
1118 1405 1339 1460 octuplice,
1362 1405 1610 1461 prodierunt
1637 1405 1697 1447 Io.
1717 1406 1822 1448 Vel-

482 1464 665 1504 curionis
688 1463 826 1504 Notae
854 1464 897 1503 in
921 1463 1031 1503 Livii
1052 1462 1121 1502 lib.
1146 1461 1178 1502 Ι.
1204 1471 1246 1503 et
1268 1461 1324 1502 II.
1350 1477 1456 1517 quae
1482 1470 1628 1517 postea
1655 1463 1821 1518 saepius

482 1521 572 1561 aliis
599 1521 855 1561 editionibus
884 1520 1062 1560 insertae
1091 1527 1198 1559 sunt.
1265 1518 1519 1560 Memoravit
1539 1519 1649 1560 hanc
1670 1519 1821 1561 editio-

483 1593 580 1618 nem
604 1577 817 1618 Fabricius
840 1577 883 1617 in
907 1576 1107 1617 Biblioth.
1132 1575 1272 1617 Latin.

429 1638 550 1676 1545.
586 1634 776 1683 Lovanii,
804 1634 847 1674 in
874 1633 1007 1674 forma
1029 1632 1316 1689 quadruphce,
1346 1633 1481 1674 lucem
1511 1633 1662 1674 vidisse
1686 1632 1821 1674 Notas

483 1691 600 1732 Petri
639 1691 800 1732 Nannii
837 1691 880 1731 in
919 1690 1029 1731 Livii
1066 1690 1155 1730 libr.
1196 1690 1276 1730 III.
1318 1699 1493 1731 testatur
1527 1690 1741 1732 Fabricius
1776 1690 1822 1731 in

485 1748 593 1789 Bibl.
619 1748 756 1789 Latin.
822 1748 979 1789 Utrum
1000 1762 1097 1788 vero
1119 1747 1292 1788 eaedem
1318 1748 1413 1797 sint,
1437 1756 1564 1803 atque
1586 1747 1693 1796 illae,
1717 1762 1821 1803 quas

483 1806 663 1846 ineditas
696 1805 852 1861 putavi,
887 1813 929 1846 et
961 1804 1060 1845 huic
1097 1804 1273 1845 editioni
1309 1805 1393 1845 suis
1429 1804 1530 1845 locis
1562 1804 1733 1854 inserui,
1767 1819 1821 1845 an

482 1863 683 1912 diversae,
707 1878 837 1918 quum
859 1861 1012 1903 librum
1035 1876 1120 1902 non
1142 1861 1332 1910 viderim,
1355 1861 1494 1902 dicere
1517 1876 1696 1916 nequeo.

429 1924 551 1961 1548.
588 1919 791 1974 Lugduni
841 1919 954 1975 apud
1003 1918 1293 1959 Sebastianum
1337 1918 1578 1975 Gryphium
1622 1926 1821 1973 quattuor

484 1977 783 2025 voluminibus,
807 1976 850 2016 in
871 1976 1003 2017 forma
1025 1975 1286 2015 duodecima.

614 2033 858 2074 Editionem
883 2032 1216 2087 Lugdunensem
1241 2031 1532 2086 Gryphianam
1560 2030 1686 2071 huius
1710 2031 1819 2072 eius-

554 2090 651 2131 dem
686 2090 798 2138 anni,
828 2089 901 2130 sed
934 2090 977 2129 in
1009 2089 1142 2129 forma
1175 2088 1396 2143 octuplice,
1419 2096 1654 2128 memorant
1683 2087 1820 2129 Hear-

555 2147 650 2187 nius
680 2156 722 2187 et
756 2146 947 2187 Clericus
980 2146 1021 2185 in
1057 2144 1204 2184 Indice
1240 2144 1370 2185 Editt.
1407 2144 1569 2185 Livian.
1594 2160 1721 2200 quam
1752 2159 1819 2186 me

556 2218 757 2258 umquam
778 2203 928 2243 vidisse
951 2216 1033 2242 non
1058 2201 1242 2241 memini.

429 2263 550 2301 1549.
586 2259 773 2300 Basileae
825 2258 937 2314 apud
988 2257 1220 2298 Iohannem
1274 2257 1546 2312 Hervagium,
1593 2258 1638 2298 in
1686 2258 1820 2299 forma

484 2317 651 2357 maiore.

612 2373 651 2413 T
654 2373 757 2414 itulo
774 2372 897 2413 huius
915 2372 1110 2412 editionis
1124 2371 1195 2412 illa
1207 2372 1386 2427 ascripta
1401 2381 1463 2413 est
1480 2371 1659 2413 formula
1674 2387 1683 2412 ε
1709 2377 1722 2395 ‘
1736 2371 1819 2412 Ba-

558 2435 569 2453 ‘
586 2430 710 2471 sileae
741 2445 817 2485 per
844 2428 1047 2469 Ioannem
1079 2428 1353 2484 Hervagium,
1376 2444 1487 2469 anno
1510 2429 1815 2470 M.D.XLIX.

557 2492 568 2510 ‘
585 2502 726 2527 mense
749 2486 931 2526 Martio.’
958 2501 1065 2540 quae
1098 2485 1245 2526 eadem
1277 2485 1407 2526 ferme
1438 2485 1483 2525 in
1512 2485 1596 2525 fine
1624 2484 1720 2525 libri
1748 2500 1819 2526 oc-

555 2543 694 2584 currit.
759 2543 989 2583 Recensuit
1014 2543 1122 2582 hanc
1148 2542 1378 2582 editionem
1403 2540 1574 2582 Caelius
1598 2540 1818 2582 Secundus

557 2605 568 2622 ‘
587 2600 728 2648 Curio,
759 2600 831 2654 qui
863 2600 904 2639 in
934 2599 1212 2647 Praefaffione,
1242 2598 1340 2638 data
1371 2603 1383 2621 ‘
1399 2597 1587 2639 Basileae
1612 2597 1699 2638 Cal.
1724 2597 1814 2639 Ian.

557 2662 568 2679 ‘
588 2656 983 2697 M.D.XLV1111.’
1005 2664 1191 2704 testatur,
1219 2669 1262 2695 se
1289 2654 1458 2695 Livium
1487 2669 1584 2694 cum
1608 2654 1818 2695 veteribus

554 2721 598 2754 et
636 2712 755 2753 novis
790 2712 948 2768 aliquot
984 2711 1291 2768 exemplaribus
1331 2726 1384 2751 ex
1424 2710 1487 2760 iis,
1524 2725 1632 2766 quae
1674 2725 1818 2752 emen·-

555 2770 716 2810 datiora
743 2777 867 2824 atque
896 2768 1068 2810 meliora
1094 2769 1313 2817 habentur,
1336 2767 1586 2808 contulisse:
1618 2775 1661 2808 et
1687 2782 1742 2808 ex
1766 2782 1816 2808 eo

553 2826 693 2867 labore
723 2825 836 2866 hunc
865 2841 906 2866 se
939 2825 1120 2866 fructum
1149 2824 1337 2866 retulisse
1365 2824 1596 2873 affirmavit,
1626 2832 1672 2865 ut
1705 2823 1816 2864 Livii

555 2883 607 2923 ad
643 2882 824 2923 ducenta
854 2881 945 2923 loca
975 2881 1221 2930 emendarit,
1256 2890 1299 2922 et
1333 2881 1507 2937 pristino
1540 2880 1666 2922 nitori
1697 2880 1816 2920 resti-
