1888 3194
573 208 698 250 LIB.
737 208 856 249 XLI.
899 207 1043 250 CAP.
1080 212 1143 250 19.
1499 213 1552 251 23

172 303 294 359 cipua
323 308 428 342 esset
468 300 685 356 legationis
721 300 781 341 vis
816 309 858 341 et
893 300 1125 341 auctoritas.
1188 299 1293 340 Inde
1327 308 1465 341 actum
1495 300 1547 341 de
1564 312 1607 344 U.
1624 313 1661 344 c.
1684 311 1757 352 576.

140 358 347 413 geomitiis
373 358 686 414 magistratuum
715 358 759 398 in
787 357 1077 413 insequentem
1105 372 1288 398 annum:
1321 372 1405 413 qua
1430 357 1482 398 de
1503 373 1546 398 re
1561 357 1600 388 A.
1624 356 1662 387 C.
1687 354 1755 394 17⁶·

139 431 255 473 9non
283 415 501 457 mediocris
525 415 770 472 disceptatio
798 415 958 465 incidit,
985 414 1119 471 quod]
1149 415 1272 470 periti
1300 414 1547 471 religionum

168 474 352 530 iurisque
381 472 550 529 publici,
573 473 742 529 quando
763 472 847 514 duo
873 472 1071 513 ordinarii
1098 472 1288 514 consules
1318 472 1406 513 eius
1434 473 1546 521 anni,

169 531 273 573 alter
293 532 449 580 morbo,
472 530 576 572 alter
595 531 704 572 ferro
724 530 924 587 periisset,
947 531 1166 571 suffectum
1188 529 1400 571 consulem
1422 544 1548 585 nega-

170 589 271 631 bant
305 597 415 630 recte
449 589 616 630 comitia
646 588 797 630 habere
833 603 963 644 posse.
1028 587 1137 644 [Res
1176 587 1229 628 ad
1261 587 1547 643 interregnum

142 633 155 655 ¹
168 646 304 688 rediit.
369 646 512 687 Creati
525 645 715 687 consules
731 661 806 702 per
821 645 1072 702 interregem
1089 645 1136 687 P.
1149 645 1318 686 Mucius
1338 644 1546 694 Scaevola,

170 703 233 746 M.
251 703 457 746 Aemilius
478 703 665 760 Lepidus
685 704 849 745 iterum.
901 703 1119 745 Praetores
1138 703 1237 744 inde
1258 702 1355 744 facti
1376 712 1472 744 sunt
1495 701 1545 744 C.

170 761 374 819 Popillius
402 761 577 812 Laenas,
600 761 650 802 T.
669 761 836 802 Annius
865 760 1038 811 Luscus,
1064 759 1114 802 C.
1131 760 1361 802 Memmius
1388 759 1547 810 Gallus,

173 819 223 861 C.
250 819 426 861 Cluvius
469 819 633 869 Saxula,
685 818 770 860 Ser.
797 818 1019 861 Cornelius
1069 817 1194 868 Sulla,
1237 818 1320 874 Ap.
1346 817 1549 860 Claudius

173 877 354 920 Centho.
418 876 672 919 Consulibus
687 877 921 933 provinciae
943 877 1126 933 obtigere
1143 875 1282 918 Gallia
1297 885 1339 917 et
1359 875 1547 932 Ligures.

170 935 417 987 Praetorum
450 934 672 977 Cornelius
709 934 824 976 Sulla
857 934 1088 976 Sardiniam
1119 934 1312 984 obtinuit,
1347 932 1550 975 Claudius

174 992 343 1035 Centho
373 993 605 1034 citeriorem
639 992 898 1049 Hispaniam.
962 992 1166 1048 Reliquae
1197 991 1425 1048 praetoriae
1455 1006 1551 1048 pro-

169 1051 330 1092 vinciae
352 1051 503 1106 quibus
524 1051 751 1099 evenerint,
775 1065 860 1091 non
881 1058 1016 1091 exstat
1039 1050 1247 1091 memoria.
1311 1051 1462 1091 Annus
1483 1049 1550 1090 hic

167 1107 408 1165 pestilentia
427 1107 604 1157 infamis,
627 1123 733 1164 quae
756 1116 896 1148 tamen
916 1107 960 1147 in
981 1117 1168 1148 armenta
1188 1116 1349 1148 tantum
1370 1119 1552 1163 grassata

170 1174 244 1208 est.
306 1165 495 1222 Ligures,
517 1180 618 1221 gens
639 1180 803 1222 semper
821 1165 942 1214 victa,
964 1179 1126 1221 semper
1146 1164 1362 1213 rebellans,
1385 1164 1551 1205 Lunam

169 1223 370 1280 Pisasque
393 1223 635 1280 depopulati
663 1222 838 1264 fuerant.
903 1221 1037 1264 Simul
1067 1231 1109 1263 et
1132 1221 1319 1264 Gallicus
1349 1221 1552 1263 tumultus

171 1282 443 1338 increpuerat.
507 1280 707 1337 LepiduS,
743 1280 962 1322 Gallorum
997 1289 1115 1321 motu
1148 1279 1267 1321 facile
1303 1295 1551 1336 compresso,

171 1340 217 1381 in
244 1339 421 1396 Ligures
446 1338 711 1380 transcendit.
773 1338 953 1395 Aliquot
979 1338 1124 1395 populi
1151 1353 1238 1379 sese
1267 1338 1356 1379 eius
1384 1337 1552 1378 arbitrio

170 1397 471 1455 permiserunt:
505 1412 621 1453 quOS,
644 1406 691 1438 ut
717 1405 812 1438 sunt
839 1396 924 1438 fere
953 1395 1104 1437 similia
1128 1395 1229 1437 locis
1255 1395 1462 1437 cultorum
1489 1396 1553 1436 in-

171 1455 308 1513 genia,
325 1455 479 1512 asperis
499 1454 705 1496 montium
721 1455 841 1511 iugis,
859 1469 966 1510 quae
982 1453 1232 1504 incolebant,
1250 1453 1411 1495 efferari
1427 1462 1552 1503 ratus,

173 1513 435 1570 quorundam
465 1521 560 1554 ante
589 1528 631 1554 se
660 1512 876 1554 consulum
899 1511 1105 1568 exemplo,
1129 1512 1171 1552 in
1193 1511 1338 1568 plana]
1361 1511 1551 1553 deduxit.

176 1571 250 1614 Cis
280 1571 555 1627 Apenninum
589 1570 750 1620 Garuli,
781 1579 823 1612 et
855 1570 1060 1627 Lapicini,
1092 1578 1135 1611 et
1171 1569 1400 1619 Hercates3
1443 1579 1555 1610 trans

177 1628 217 1669 A
249 1629 452 1670 enninum
475 1627 681 1670 Briniates
700 1628 877 1669 fuerant.
939 1627 1055 1669 Intra
1072 1627 1296 1669 Audenam
1319 1643 1484 1669 amnem
1505 1627 1553 1668 P.

178 1643 347 1727 Mliicms
382 1700 478 1727 cum
513 1686 574 1735 iis,
607 1686 679 1742 qui
715 1685 882 1727 Lunam
914 1685 1115 1741 Pisasque
1147 1685 1388 1742 depopulati
1425 1694 1555 1736 erant,

176 1743 333 1785 bellum
379 1743 529 1800 gessit:
582 1743 858 1799 omnibusque
900 1743 944 1783 in
983 1743 1186 1784 ditionem
1225 1743 1404 1784 redactis
1444 1758 1558 1784 arma

177 1801 345 1844 ademit.
409 1801 477 1842 Ob
499 1816 566 1842 eas
587 1815 662 1850 res,
681 1801 723 1841 in
743 1800 882 1841 Gallia
902 1800 1211 1857 Liguribusque
1228 1810 1363 1857 gestas
1378 1800 1557 1842 duorum

177 1859 394 1901 consulum
416 1858 547 1899 ductu
574 1858 855 1914 auspicioque,
878 1867 1045 1899 senatus
1066 1859 1109 1898 in
1138 1858 1323 1899 triduum
1351 1858 1557 1915 supplica-

178 1918 310 1958 tiones
331 1916 527 1965 decrevit,
550 1925 592 1957 et
613 1915 889 1971 quadraginta
909 1915 1054 1956 hostiis
1074 1916 1293 1957 sacrificari
1314 1916 1440 1957 iussit.

236 1974 291 2015 Et
313 1973 516 2015 tumultus
532 1973 702 2029 quidem
723 1972 910 2014 Gallicus
931 1982 973 2014 ct
991 1972 1248 2029 Ligustinus,
1263 1974 1336 2029 qui
1352 1974 1558 2030 principio

177 2033 266 2074 cius
286 2032 384 2073 anni
412 2040 581 2072 exortus
601 2031 748 2080 fuerat,
771 2030 883 2071 haud
904 2046 1055 2086 magno
1080 2040 1234 2072 conatu
1254 2032 1369 2072 brevi
1391 2047 1559 2088 oppres-

1635 1575 1697 1615 19.

178 2105 246 2131 sus
277 2100 375 2132 erat.
440 2088 547 2129 Belli
589 2088 855 2130 Macedonici
892 2089 1055 2130 subibat
1095 2089 1176 2129 iam
1210 2104 1320 2139 cura,
1359 2098 1557 2131 miscente
1573 2098 1703 2128 Bellum
1720 2097 1765 2128 in-

179 2148 333 2189 Perseo
361 2148 470 2189 inter
497 2147 718 2188 Dardanos
747 2146 1051 2202 Bastarnasque
1073 2147 1321 2188 certamina:
1355 2157 1398 2188 et
1418 2147 1556 2204 legati,

1571 2145 1619 2171 ter
1636 2140 1758 2171 Darda-

1571 2194 1627 2213 nos
1642 2190 1674 2213 et
1692 2183 1768 2214 Bas-

179 2206 251 2262 qui
273 2206 385 2246 missi
406 2205 458 2246 ad
482 2220 546 2246 res
566 2205 757 2246 visendas
778 2205 820 2245 in
850 2204 1146 2246 Macedoniam
1167 2214 1296 2254 erant,
1320 2206 1399 2246 iam
1423 2221 1686 2258 rever-taum,

178 2272 316 2306 terant
357 2263 550 2313 Romam,
587 2263 1022 2318 renuntiaverantque,
1063 2262 1219 2304 bellum
1260 2263 1302 2303 in
1345 2263 1560 2305 Dardania

150 2333 166 2355 ²
181 2337 279 2364 esse.
345 2321 476 2363 Simul
498 2329 697 2362 venerant
718 2332 759 2362 et
780 2321 831 2361 ab
852 2336 948 2377 rege
978 2320 1131 2362 Perseo
1153 2331 1346 2371 oratores,
1369 2322 1442 2378 qui
1463 2337 1561 2378 pur-

180 2390 338 2437 garent,
365 2395 442 2420 nec
470 2379 621 2420 accitos
650 2379 700 2420 ab
729 2394 778 2420 co
808 2378 1040 2427 Bastarnas,
1067 2394 1144 2420 nec
1172 2389 1339 2421 auctore
1368 2396 1418 2421 eo
1446 2380 1562 2436 quic-

181 2453 307 2495 quam
348 2437 493 2478 facere.
559 2437 736 2478 Senatus
769 2452 845 2478 nec
879 2436 1068 2478 liberavit
1100 2437 1189 2478 eius
1224 2437 1370 2493 culpae
1407 2453 1561 2494 regem,

181 2510 320 2552 neque
352 2495 511 2551 arguit:
556 2495 714 2536 moneri
749 2510 845 2535 eum
879 2494 1169 2536 tantummodo
1200 2495 1329 2545 iussit,
1362 2505 1407 2537 ut
1437 2497 1562 2537 etiam

183 2562 308 2609 atque
341 2553 464 2594 ctiam
501 2562 674 2602 curaret,
707 2561 754 2593 ut
783 2561 972 2593 sanctum
1004 2552 1155 2593 habere
1186 2553 1344 2602 foedus,
1377 2554 1490 2610 quod
1526 2555 1563 2594 ci

182 2626 277 2652 cum
312 2611 513 2652 Romanis
543 2619 661 2660 essct,
694 2610 823 2651 videri
855 2620 1002 2667 posset.
1068 2610 1268 2661 Dardani,
1300 2627 1430 2667 quum
1466 2612 1565 2653 Bas-

228 2726 247 2756 8
271 2727 375 2756 Periti
396 2726 602 2764 ννίἰῃὶοιιιιιη]
632 2725 728 2756 Hanc
752 2725 852 2765 perio·
897 2726 1034 2765 suffecti.
1058 2726 1164 2756 Cum.

186 2770 262 2799 dum
283 2769 369 2808 apud
396 2769 592 2799 l'riscianum
617 2768 690 2799 xvii.
715 2779 743 2808 p.
766 2777 853 2806 1050.
923 2802 926 2806 ¹
945 2778 954 2798 1
984 2770 1091 2798 (ft-cati
1112 2769 1255 2798 comendes
1275 2780 1335 2808 per
1356 2770 1563 2807 interrc'acmfl

186 2817 218 2842 ct
243 2820 331 2852 ¹097.
353 2816 512 2851 repertum
533 2822 590 2842 suo
615 2812 684 2841 Ioco
708 2810 855 2850 Sigonius
900 2811 939 2841 cf.
959 2811 1043 2842 vast.
1061 2810 1168 2850 Cupit.
1185 2816 1216 2841 et
1238 2811 1326 2849 l'igll.
1345 2813 1427 2842 Anu.
1447 2812 1540 2841 Rom.

188 2853 331 2885 inseruit.
355 2856 460 2885 Cubtv.
945 2863 959 2883 2
985 2855 1047 2890 Qui
1062 2853 1258 2894 puryarent]
1285 2855 1351 2890 Qui
1371 2855 1410 2884 iul
1434 2864 1563 2893 purgan-

230 2907 250 2937 9
273 2898 442 2927 Ordinarii
478 2898 638 2935 consules}
686 2897 856 2926 (trdinarii
901 2897 977 2926 dum
1001 2907 1072 2926 eum
1101 2908 1119 2927 a
1144 2897 1325 2936 suspicione
1352 2898 1439 2930 belli,
1465 2906 1566 2934 neque

187 2940 337 2969 t'onflulvfl
362 2943 435 2970 nunt
461 2939 480 2969 ii
506 2940 558 2979 qui
587 2939 696 2979 primia
721 2939 858 2969 comitiis
901 2938 1020 2969 accitos
1048 2941 1087 2970 nb
1115 2951 1152 2970 co
1182 2939 1352 2970 Bastarnas
1383 2963 1389 2970 .
1407 2963 1413 2970 .
1432 2963 1438 2970 .
1472 2944 1567 2970 tenta-

190 2981 282 3012 electi
298 2988 382 3014 nunt.
430 2983 475 3014 lis
490 2988 698 3022 opponuntur
713 2982 859 3013 consules
904 2987 1019 3012 rentur.
