1888 3194
755 201 1051 241 INDEX.

201 270 334 312 Timon,
348 274 500 315 princeps
514 274 702 306 Thebarum
716 273 878 305 Phthioti-

244 325 355 346 carum
371 325 424 355 33,
440 325 470 355 5.

199 355 321 405 Timon
339 358 549 398 praeponitur
570 357 612 387 ab
628 357 791 388 Antiocho
814 357 877 398 Ly-

233 399 316 446 ,dlae
330 407 384 438 37,
399 410 451 437 44·
718 440 725 446 ·

199 439 403 479 Timotheus,
419 440 602 481 praefectus
616 440 725 472 Persei
742 450 795 480 42,
810 439 863 480 67.

199 481 336 513 Tirones
345 481 391 514 'ab
406 483 520 514 decem
532 487 565 514 et
578 493 635 514 sex
650 483 744 514 annis
758 483 879 514 milites

240 523 351 555 scribit
365 524 542 566 Philippus
556 534 610 565 33,
626 535 656 566 3.

198 564 366 606 Tisaeum,
380 577 474 599 mons
489 568 542 604 28,
558 576 589 608 5.

197 607 327 657 Tisippi
343 610 518 642 crudelitas
535 610 568 641 111
584 610 776 643 Aetolorum
791 609 876 651 prin—

197 653 464 741 ΤᾷἒΡῗαῗι-ΞᾏΞιξ.
472 703 525 735 35,
541 694 592 727 26.

165 745 168 747 ’
197 734 371 775 Titienses,
385 737 532 778 equitum
555 737 713 775 centuria,
728 740 761 768 et
774 736 878 779 tribus

240 778 376 819 antiqua
394 789 423 818 1,
440 789 477 818 13
495 783 528 811 et
543 779 594 819 36.
622 789 671 816 10,
687 779 717 812 6.

197 819 238 851 C.
251 820 404 860 Titinius,
418 821 492 853 trib.
509 823 556 862 pl.
573 830 625 862 35,
639 823 670 853 8.

199 861 238 893 L.
252 862 405 901 Titinius,
420 864 494 894 trib.
509 864 604 896 milit.
622 874 684 896 cos.
701 867 768 904 pot.
783 871 813 903 5,
828 872 875 895 12.

240 904 359 936 iterum
378 906 427 938 18.
458 907 623 946 profectus
643 907 796 937 adversus
814 907 842 937 F
843 917 875 937 a·

241 947 348 986 liscos,
362 949 450 979 male
464 959 532 980 rem
546 949 638 989 gerit,
653 949 733 979 ibid.

197 987 247 1020 M.
260 989 404 1021 Titinius
417 991 491 1022 trib.
507 991 554 1031 pl.
570 995 696 1022 creatur
712 1001 743 1030 3,
759 999 810 1030 54.

196 1030 248 1063 M.
261 1031 415 1071 Titinius,
429 1034 582 1073 magister
596 1033 695 1073 equit.
716 1042 765 1072 10,
785 1042 811 1064 1.

195 1072 246 1106 M.
259 1074 413 1113 Titinius,
426 1075 499 1106 trib.
516 1076 562 1116 pl.
579 1084 632 1115 35,
647 1076 677 1107 8.

196 1115 248 1148 M.
261 1117 403 1148 Titinius
428 1118 566 1155 Curvus,
593 1122 723 1158 praetor
748 1127 801 1155 40,
826 1124 876 1158 59.

239 1160 372 1191 sortitur
385 1159 639 1191 iurisdictionem
654 1161 812 1190 urbanam
825 1169 878 1197 41,

240 1211 273 1233 2.
302 1203 466 1233 delectum
489 1203 618 1233 Romae
639 1202 739 1233 habet
759 1212 789 1243 9.
821 1203 878 1232 dat

238 1248 389 1276 senatum
419 1243 613 1284 Sempronio
644 1248 677 1275 et
707 1244 877 1275 Postumio

243 1295 292 1319 10.

197 1328 248 1361 M.
263 1327 416 1367 Titinius,
440 1332 579 1370 praetor,
601 1328 732 1361 sortitur
755 1327 875 1368 Hispa-

238 1371 328 1403 niam
352 1371 532 1402 citeriorem
555 1381 609 1409 41,
628 1381 657 1402 2.
682 1371 721 1403 cf.
738 1374 771 1402 et
790 1379 828 1411 19
843 1373 876 1401 et

241 1423 293 1452 31.
316 1418 488 1445 accusatur
501 1415 542 1444 ab
559 1413 718 1454 Hispanis
733 1422 786 1453 43,
804 1421 832 1444 2.

197 1455 235 1488 P.
249 1455 403 1493 Titinius,
417 1456 544 1497 legatus
559 1465 612 1495 31,
629 1465 678 1487 21.

197 1498 274 1531 Sex.
295 1498 449 1536 Titinius,
477 1498 625 1529 tribunus
656 1498 702 1538 pl.
732 1496 877 1538 queritur

239 1541 406 1581 indignam
421 1544 559 1572 mortem
576 1540 691 1572 Maelii
707 1552 738 1579 4,
758 1539 805 1572 16.

197 1582 322 1615 Titium
338 1583 456 1614 atrium
473 1582 506 1613 in
523 1582 707 1614 Lautumiis
723 1592 775 1624 39,
789 1593 842 1621 44.

197 1625 295 1658 Titus
320 1625 448 1663 Tatius,
473 1635 530 1657 rex
555 1625 748 1657 Sabinorum
776 1634 803 1662 1,
830 1633 877 1656 10.

238 1669 283 1700 ad
298 1678 374 1700 eum
390 1672 623 1709 congregantur
636 1671 803 1708 raptarum
820 1666 879 1697 vir-

239 1710 351 1751 ginum
365 1714 525 1751 parentes,
537 1710 614 1741 ibid.
640 1711 763 1741 bellum
776 1712 880 1749 parat,

241 1753 321 1785 ibid.
355 1753 533 1793 corrumpit
561 1763 641 1784 auro
670 1752 773 1782 filiam
801 1750 878 1782 Tar-

240 1795 320 1837 peii,
335 1806 419 1836 quae
435 1795 572 1827 Sabinos
588 1795 621 1826 in
635 1804 743 1826 arcem
758 1793 880 1833 accipit

244 1847 292 1870 11.
323 1848 389 1879 pax
404 1837 556 1870 convenit
572 1837 657 1869 inter
671 1847 747 1868 eum
763 1841 796 1868 et
811 1836 879 1867 Ro-

239 1881 367 1912 mulum
388 1890 437 1921 13.
460 1880 530 1912 eius
545 1890 630 1911 mors
650 1890 698 1918 14.

198 1922 291 1964 Toga
317 1926 487 1964 praetexta
511 1924 553 1955 ab
578 1921 726 1954 Etruscis
747 1923 880 1960 sumpta

245 1975 273 2004 1,
296 1966 326 1998 8.
364 1970 472 2006 togam
502 1969 706 2006 praetextam
734 1967 880 2000 sumunt,

241 2008 297 2049 qui
319 2018 354 2039 se
377 2018 435 2049 pro
462 2009 585 2048 populo
609 2008 771 2038 devovent
793 2006 824 2042 8,
847 2014 877 2047 9.

240 2051 283 2084 cf.
295 2054 328 2082 et
342 2060 391 2088 10,
404 2058 431 2091 7.
450 2055 544 2090 togae
557 2053 746 2090 praetextae
758 2048 878 2079 haben-

241 2094 303 2125 dae
321 2093 383 2131 ius,
398 2097 435 2124 ut
456 2093 675 2133 pontificibus,
694 2091 741 2122 ita
763 2091 877 2122 datum

240 2135 417 2168 triumviris
432 2135 629 2176 epulonibus
643 2143 696 2174 33,
711 2142 762 2172 42.
786 2143 877 2173 prae—

240 2179 341 2210 textis
355 2178 437 2218 togis
449 2177 582 2217 quinam
599 2180 767 2207 uterentur
783 2184 835 2215 34,
849 2182 877 2214 7.

241 2224 317 2262 toga
342 2220 482 2252 candida
506 2229 558 2261 39,
581 2228 631 2260 39.
656 2218 719 2249 vid.
744 2217 878 2249 Album.

242 2263 332 2304 picta
358 2272 407 2300 10,
432 2269 461 2302 7.
494 2265 603 2302 togam
631 2260 753 2301 pictam
776 2259 878 2291 Masi-

243 2305 347 2336 nissae
366 2305 467 2336 donat
481 2303 592 2344 Scipio
609 2312 661 2343 30,
680 2310 727 2341 15.
758 2312 879 2342 purpu—

243 2357 299 2379 rea
314 2354 366 2388 27,
382 2357 415 2386 4.
431 2355 484 2386 31,
503 2355 551 2378 11.
576 2345 675 2377 virilis
691 2343 744 2383 26,
763 2353 809 2386 19.
827 2353 879 2382 42,

201 2431 370 2469 Toletum,
386 2432 461 2462 urbs
476 2440 587 2471 parva,
602 2430 658 2461 scd
681 2430 754 2460 loco
776 2427 881 2460 muni-

244 2478 280 2505 ta
302 2482 355 2514 35,
379 2481 395 2513 7
413 2477 447 2504 et
468 2482 520 2504 22.
553 2472 704 2512 operibus
726 2471 881 2502 Toletum

245 2517 334 2557 capit
350 2516 398 2548 Μ.
412 2515 548 2547 Fulvius
565 2513 728 2551 Nobilior,
749 2522 882 2552 procon—

245 2560 308 2597 sul,
323 2559 400 2590 ibid.
422 2557 486 2589 vid.
499 2561 532 2588 et
549 2565 601 2598 39,
617 2565 668 2596 30.

203 2601 396 2634 Tolistoboii
412 2600 503 2632 Galli
519 2599 552 2631 in
570 2598 648 2630 Asia
664 2597 716 2637 38,
734 2604 782 2636 15.
805 2606 883 2636 quo-

245 2654 322 2675 nam
348 2644 446 2676 modo
471 2652 526 2673 eas
551 2640 697 2682 ceperint
719 2639 810 2670 sedes
837 2637 884 2669 16.

246 2685 285 2718 iis
297 2685 439 2718 Romani
453 2685 578 2716 bellum
594 2682 748 2719 insemnt,
760 2680 838 2712 ibid.
850 2684 884 2711 et

246 2737 316 2768 sqq.
342 2727 469 2768 fugiunt
485 2727 517 2758 in
535 2726 716 2766 Olympum
738 2726 883 2754 montem

253 2770 290 2800 18
305 2775 338 2800 et
358 2779 404 2810 ¹9·
436 2769 609 2801 vincuntur
626 2777 666 2799 20
681 2770 714 2798 et
729 2776 797 2806 sqq.

206 2811 283 2849 Lar,
303 2811 370 2842 sive
393 2811 517 2849 Lar-tes,
536 2808 744 2845 Tolumnius,
764 2806 882 2837 Veien-

249 2853 331 2884 tium
355 2863 411 2884 rex
432 2863 464 2891 4,
483 2860 531 2893 17.
565 2852 608 2884 ad
630 2861 705 2884 eum
728 2849 885 2881 deficiunt

251 2895 407 2931 Fidenae,
423 2894 500 2926 ibid.
532 2893 668 2925 interfici
692 2893 780 2923 iubet
801 2892 884 2929 lega-

966 279 1017 306 tos
1032 276 1130 307 Rom.
1147 276 1224 309 ibid.
1255 277 1290 308 in
1305 278 1427 318 proelio
1442 279 1600 311 occiditur

965 327 985 347 a
1001 318 1153 349 Cornelio
1169 320 1281 357 Cosso,
1296 321 1369 351 trib.
1385 321 1480 353 milit.
1500 331 1548 363 19.

923 357 1061 390 Tonitru
1087 361 1213 391 ineunti
1242 362 1464 401 magistratum
1490 373 1599 403 super-

966 401 1108 440 veniens,
1125 402 1201 433 vitio
1217 407 1362 434 creatum
1377 406 1531 444 arguebat
1548 414 1600 445 23,

965 451 1016 480 31.

922 482 1101 515 Tormenta
1114 485 1233 516 bellica
1250 495 1302 525 24,
1317 495 1369 526 34.

921 525 1063 564 Torone,
1088 528 1164 557 urbs
1189 527 1239 566 28,
1263 535 1291 567 7.
1318 539 1371 567 44,
1397 538 1445 560 12.
1473 537 1525 568 45,
1549 538 1600 568 30.

899 587 905 593 ‹
963 578 1037 599 eam
1067 567 1215 599 incolunt
1250 569 1377 610 profugi
1407 572 1448 601 ab
1478 571 1601 602 Thebis

965 610 1160 641 Phthioticis
1183 610 1235 650 28,
1260 618 1287 651 7.
1325 612 1453 652 capitur
1477 623 1498 644 a
1524 613 1600 644 Phi-

964 652 1066 693 lippo,
1081 652 1159 684 ibid.
1480 675 1482 677 -

921 693 1072 726 Toronae
1087 695 1343 735 promontorium
1359 705 1412 736 31,
1427 704 1479 737 45.

921 736 1139 768 Toronaicum
1156 747 1245 768 mare
1261 749 1314 776 44,
1332 748 1380 770 11.

920 778 1117 819 Torquatus,
1139 789 1318 820 cognomen
1339 780 1379 812 T.
1395 780 1523 812 Manlio
1545 781 1600 812 da-

963 825 1033 852 tum
1053 829 1081 861 7,
1101 831 1148 853 10.
1173 822 1236 853 vid.
1253 822 1409 853 Manlius.

920 862 1059 903 Torquis
1074 874 1190 895 aureus
1204 864 1312 904 magni
1328 864 1480 905 ponderis
1493 864 1527 896 in
1538 865 1600 897 Ca-

962 905 1077 945 pitolio
1095 905 1166 937 Iovi
1182 906 1303 937 donum
1325 907 1360 937 in
1380 908 1462 938 aede
1478 907 1602 947 positus

964 956 1017 988 33,
1036 947 1086 987 36.
1117 951 1247 988 torques
1270 959 1384 980 aureos
1409 949 1500 981 mille
1523 960 1599 989 qua-

963 990 1148 1030 dringentos
1162 990 1368 1031 septuaginta
1381 991 1547 1029 transtulit
1561 992 1600 1024 P.

963 1032 1135 1064 Cornelius
1151 1032 1260 1072 Scipio
1277 1032 1330 1072 36,
1346 1043 1397 1071 40.

921 1073 1063 1115 Tragula
1080 1074 1250 1106 Hannibal
1272 1075 1356 1106 ictus
1373 1085 1424 1113 21,
1443 1082 1470 1115 7.
1500 1075 1600 1108 etiam

964 1117 1026 1148 Cn.
1040 1116 1149 1156 Scipio
1167 1127 1218 1155 24,
1235 1126 1286 1155 42.

922 1158 1060 1197 Tralles,
1075 1159 1141 1190 sive
1158 1159 1273 1197 Tralli,
1290 1159 1478 1200 Illyriorum
1500 1170 1602 1201 genus

965 1210 1018 1241 3¹⁵
1033 1210 1084 1242 35·
1109 1210 1161 1240 339
1177 1212 1205 1240 4·
1231 1208 1283 1241 37³
1299 1212 1350 1240 40·

921 1243 1061 1291 Tralles,
1084 1245 1160 1275 urbs
1179 1244 1289 1282 Asiae,
1309 1244 1399 1276 dedit
1421 1254 1455 1275 se
1478 1244 1600 1277 Roma-

964 1296 1014 1316 ΠῙΒ
1029 1294 1082 1324 379
1097 1297 1117 1324 4
1140 1309 1148 1317 ·

921 1294 1136 1367 Transfugae5
1149 1328 1318 1366 verberati,
1341 1332 1375 1359 et
1400 1329 1503 1360 securi
1530 1339 1600 1370 per-

963 1369 1048 1400 cussi
1076 1379 1128 1408 24,
1154 1378 1205 1409 3ο.
1243 1370 1383 1401 nominis
1409 1371 1519 1402 Latini
1546 1372 1602 1411 qui

963 1415 1066 1450 erant,
1090 1411 1193 1443 securi
1219 1412 1374 1451 percussi,
1398 1413 1541 1444 Romani
1567 1414 1601 1444 in

963 1464 1092 1485 crucem
1115 1454 1235 1485 sublati
1259 1463 1312 1493 30,
1330 1464 1380 1495 43.
1417 1456 1603 1496 transfugae

962 1506 1082 1527 nomen
1101 1496 1298 1527 exsecrabile
1314 1497 1476 1529 veteribus
1497 1498 1602 1536 sociis,

963 1538 1055 1569 novis
1069 1542 1256 1578 suspectum
1273 1546 1325 1578 27,
1345 1546 1393 1579 17.

921 1580 1132 1612 Trasimenus
1146 1580 1237 1611 lacus
1251 1589 1301 1617 22,
1313 1591 1343 1618 4.
1366 1581 1407 1612 ad
1419 1591 1494 1612 eum
1508 1581 1602 1614 Han-

965 1623 1083 1654 nibalis
1106 1626 1211 1654 castra
1233 1625 1266 1653 et
1288 1622 1435 1662 insidiae,
1454 1623 1530 1655 ibid.
1560 1626 1602 1656 ad

966 1665 1194 1697 Trasimenum
1216 1674 1327 1705 pugna
1348 1664 1369 1696 6
1389 1669 1422 1696 et
1445 1672 1474 1705 7.
1505 1667 1545 1699 cf.
1569 1670 1602 1698 et

969 1717 1020 1745 24,
1039 1716 1086 1746 13.

924 1750 973 1782 M.
984 1749 1168 1781 Trebellius
1183 1748 1396 1789 Fregellanus
1412 1758 1465 1789 43,
1481 1758 1532 1790 23.

925 1793 969 1830 Q.
983 1791 1179 1830 Trebellius,
1193 1791 1339 1822 centurio
1360 1792 1496 1832 legionis
1509 1803 1602 1833 quar-

966 1839 1019 1866 tae
1036 1833 1088 1872 26‚
1103 1834 1154 1872 48.
1183 1843 1258 1865 cum
1275 1833 1359 1864 inter
1373 1838 1406 1865 et
1422 1834 1496 1867 Sex.
1511 1835 1602 1876 Digi-

965 1876 1048 1908 tium
1075 1877 1116 1908 de
1142 1875 1258 1908 murali
1282 1885 1401 1908 corona
1426 1880 1602 1917 certamen,

965 1919 1044 1951 ibid.

923 1961 1055 2000 Trebia,
1070 1960 1229 2002 oppidum
1246 1969 1276 1998 2,
1291 1969 1343 2002 39.
1375 1960 1529 1993 Trebiam
1552 1972 1603 1994 ca-

966 2003 1014 2045 pit
1030 2004 1233 2040 Coriolanus,
1248 2002 1325 2034 ibid.

922 2046 1053 2084 Trebia,
1069 2045 1187 2119 iguvius
1202 2054 1254 2083 21,
1270 2045 1320 2084 48.
1343 2044 1387 2077 ad
1402 2055 1477 2078 eum
1493 2056 1603 2087 pugna

922 2131 1103 2163 Trebianus
1117 2140 1192 2170 ager
1205 2129 1239 2160 in
1256 2128 1440 2169 Campania
1457 2139 1509 2169 23,
1528 2139 1578 2170 14.

923 2171 1072 2211 Trebius,
1087 2172 1206 2204 nobilis
1221 2172 1427 2212 Compsanus
1443 2181 1495 2212 23,
1515 2182 1541 2205 1.

923 2216 962 2248 C.
975 2213 1169 2253 Trebonius,
1184 2213 1257 2245 trib.
1275 2214 1320 2253 pl.
1337 2222 1368 2252 5,
1388 2223 1435 2246 11.

923 2259 961 2291 C.
975 2257 1167 2295 Trebonius,
1184 2257 1309 2296 legatus
1329 2265 1377 2295 10,
1393 2266 1444 2294 4ο.

924 2300 962 2332 L.
976 2299 1169 2336 Trebonius,
1188 2297 1337 2329 tribunus
1360 2299 1404 2338 pl.
1428 2297 1605 2330 insectatur

965 2342 1089 2380 Patres,
1098 2341 1185 2372 unde
1197 2341 1322 2379 Aspero
1335 2339 1475 2371 inditum
1489 2350 1603 2381 cogno-

967 2395 1043 2416 men
1060 2393 1091 2423 3,
1105 2382 1157 2422 65.
1185 2382 1254 2413 eius
1268 2381 1402 2422 rogatio,
1417 2382 1495 2414 ibid.

925 2427 976 2460 M.
988 2425 1182 2464 Trebonius,
1202 2424 1276 2455 trib.
1298 2423 1393 2457 milit.
1410 2434 1473 2456 cos.
1490 2428 1556 2464 pot.
1573 2423 1604 2461 6,

970 2478 1021 2501 21.

927 2511 1084 2548 Trebula,
1099 2510 1176 2542 urbs
1193 2517 1243 2548 23,
1260 2517 1310 2548 39.

927 2552 1133 2586 Trebulanus
1147 2561 1222 2591 ager
1239 2559 1289 2589 23,
1310 2558 1356 2586 ¹4·

927 2594 1122 2628 Trebulanis
1138 2593 1214 2625 data
1228 2591 1342 2623 civitas
1360 2599 1410 2628 10,
1430 2599 1455 2622 1.

928 2638 968 2670 C.
989 2635 1197 2673 Tremellius,
1227 2632 1391 2665 decemvir
1420 2643 1496 2673 agro
1525 2633 1603 2664 divi-

970 2680 1081 2711 dundo
1098 2688 1150 2717 42,
1166 2688 1195 2715 4.

927 2721 989 2754 Cn.
1005 2719 1203 2754 Tremellius
1226 2718 1376 2755 Flaccus,
1395 2717 1606 2757 quaestorius,

970 2764 1004 2795 in
1020 2764 1129 2797 Asiam
1153 2761 1194 2794 ad
1214 2760 1363 2792 Attalum
1388 2760 1511 2798 legatus
1533 2759 1605 2789 mit-

970 2805 1049 2838 titur
1066 2815 1117 2848 29,
1137 2813 1183 2836 11.
1207 2802 1321 2834 aedilis
1336 2802 1380 2841 pl.
1397 2809 1450 2838 30,
1467 2800 1515 2831 26.
1540 2810 1604 2830 cre-

970 2852 1044 2880 atur
1059 2850 1198 2889 praetor,
1214 2844 1292 2875 ibid.
1314 2843 1445 2875 sortitur
1460 2842 1604 2873 Siciliam

973 2898 1023 2929 27.
1303 2928 1323 2947 ·
1347 2938 1376 2964 K
