1888 3194
631 164 1062 208 KREYSSIGII.
1462 173 1547 213 299

146 289 280 316 eorum
307 274 428 316 Frob.
452 276 491 314 2.
515 279 558 314 et
579 272 629 314 B.
647 271 857 327 —†Ibid.
888 280 937 323 et,
967 280 1012 313 ut
1042 287 1120 313 non
1153 286 1229 328 pro
1262 280 1308 313 ut
1337 289 1414 315 non
1444 275 1543 316 Ald.

145 341 358 384 ——*Ibid.
398 355 498 390 eum,
541 341 700 380 tandem
741 341 911 381 allatum
951 347 1010 381 est
1048 354 1125 395 pro
1165 355 1288 395 quum
1333 340 1418 382 sive
1460 358 1549 384 cum

147 411 306 451 tandem
337 409 506 449 allatum
537 415 596 448 est
624 407 746 448 Frob.
774 411 808 448 1.
841 416 883 448 et
912 406 961 448 B.
980 432 1037 436 —
1056 406 1161 463 Cap.
1191 410 1261 449 49.
1295 415 1552 463 exceptusque

146 492 222 534 pro
257 483 438 530 exceptus
471 475 593 518 Frob.
630 478 669 516 2.
705 483 746 516 et
781 473 1061 530 B.-†1bid.
1100 477 1234 515 animo
1266 477 1350 515 eius
1381 476 1438 515 ad
1470 491 1552 516 mo-

146 545 318 586 liendum
349 559 424 600 pro
453 546 587 584 animo
616 546 699 584 eius
730 544 967 584 moliendum
998 543 1084 583 sive
1115 542 1257 598 potius
1287 544 1345 583 ad
1371 545 1549 584 animum

144 614 228 654 eius
262 613 500 653 moliendum
533 611 656 652 Frob.
688 614 725 652 1.
744 611 912 652 —-L³.b.
949 609 1170 652 XXXIV.
1205 610 1342 667 †Cap.
1375 614 1417 652 4.
1450 614 1554 652 sicut

131 681 235 735 fera
275 681 397 720 bestia
437 695 514 736 pro
554 682 658 720 sieut
684 681 808 733 ferae
848 680 992 719 bestiae
1032 678 1154 720 Frob.
1199 681 1236 719 2.
1257 704 1312 707 —
1330 678 1465 735 *Cap.
1508 681 1548 720 5.

144 749 356 802 defendam
385 763 462 803 pro
492 747 715 802 deflmzdam
742 747 918 788 Ascens.
952 754 996 788 et
1028 746 1076 787 B.
1096 771 1153 776 -—
1171 745 1307 788 *Ibid.
1335 762 1361 787 a
1388 747 1551 788 Sabinis

144 831 221 873 pro
261 817 312 857 ab
357 817 520 858 Sabinis
562 817 738 857 Ascens.
782 825 825 856 et
867 814 985 871 Mog.
1009 840 1065 845 —
1087 814 1225 871 {Cap-
1270 816 1307 858 7.
1354 831 1429 857 usu
1474 831 1550 872 pro

147 900 263 926 usum
296 883 419 925 Frob.
457 887 494 924 2.
519 908 575 913 —
598 883 764 935 *†Ibid.
801 885 940 924 melius
967 885 1143 938 pretium
1176 898 1253 939 pro
1285 899 1430 924 manus
1454 899 1551 939 pre·

145 955 246 994 tium
287 952 463 994 Ascens.
486 977 543 981 —
565 951 672 992 Ibid.
716 953 1021 992 eoeeellentioretn
1068 958 1254 992 ornatum
1306 966 1382 1008 pro
1427 953 1551 992 excel-

146 1021 327 1062 lentiores
365 1027 532 1060 ornatus
572 1019 693 1060 Frob.
737 1023 776 1060 2.
819 1027 862 1060 et
906 1019 954 1060 B.
978 1021 1073 1066 -ἤ
1089 1018 1195 1075 Cap.
1240 1023 1278 1060 8.
1322 1020 1549 1061 Brutorum

144 1102 222 1144 pro
252 1089 502 1128 tribunorum
530 1087 652 1128 Frob.
678 1090 715 1127 2.
739 1096 781 1128 et
812 1086 860 1126 B.
880 1111 936 1115 —
954 1085 1121 1142 *†Cap.
1150 1090 1214 1127 10.
1248 1088 1381 1127 morbo
1398 1089 1553 1142 fuisset

144 1170 222 1212 pro
248 1157 404 1210 fuisset
444 1156 577 1195 morbo
618 1153 741 1195 Frob.
781 1157 819 1194 2.
842 1179 899 1183 —
923 1153 1029 1209 Cap.
1073 1157 1136 1195 11.
1160 1155 1285 1207 filius
1325 1169 1401 1210 pro
1426 1157 1552 1207 filius

144 1226 229 1266 eius
263 1222 386 1264 Frob.
425 1225 463 1263 2.
486 1247 545 1252 —
566 1220 702 1278 *Cap.
745 1224 809 1263 15.
853 1222 1055 1277 effusoque
1094 1236 1170 1277 pro
1210 1222 1336 1276 effuso
1373 1221 1472 1263 Ald.
1495 1248 1553 1252 —

145 1292 255 1335 Ibid.
297 1293 584 1347 interequitans
633 1305 710 1346 pro
760 1293 863 1331 inter
908 1292 1055 1345 equites
1097 1288 1218 1330 Frob.
1263 1292 1301 1329 2.
1345 1298 1388 1331 et
1429 1289 1553 1330 B.—

146 1359 285 1418 †Ibid.
328 1362 426 1415 ipsis
466 1361 610 1399 castris
645 1361 754 1399 eruti
792 1373 869 1414 pro
910 1360 990 1414 ipsi
1023 1359 1168 1398 eastris
1207 1359 1317 1398 muti
1350 1356 1472 1398 Frob.
1512 1361 1550 1398 2.

145 1453 203 1459 -
222 1428 328 1484 Cap.
376 1430 439 1469 19.
485 1442 610 1467 noxae
649 1441 726 1482 pro
768 1429 907 1467 noa-iae
949 1425 1068 1481 Mog.
1087 1450 1144 1454 ——
1167 1424 1304 1477 Hbid.
1348 1426 1438 1466 dein
1476 1440 1554 1481 pro

147 1498 286 1538 deinde
315 1496 400 1537 sive
430 1495 571 1552 potius
601 1497 693 1535 clem·
722 1494 844 1535 Frob.
876 1497 915 1534 2.
935 1519 990 1523 -
1010 1494 1113 1550 Cap.
1139 1497 1206 1534 20.
1236 1496 1341 1534 sieut
1353 1495 1552 1548 futurum

148 1572 264 1606 ratus
298 1571 388 1605 erat
419 1578 496 1619 pro
522 1565 721 1617 ficturum
758 1570 804 1603 ut
838 1569 954 1603 ratus
989 1569 1079 1602 erat
1112 1561 1235 1603 Frob.
1271 1565 1309 1602 2.
1349 1570 1392 1603 et
1428 1561 1553 1603 B.—

150 1633 288 1690 †Cap.
325 1636 391 1674 22.
427 1638 617 1673 conventu
654 1645 729 1687 pro
767 1637 998 1671 conventum
1037 1629 1158 1671 Frob.
1196 1630 1463 1686 2.-†Ibid.
1499 1631 1557 1671 ad

149 1703 252 1743 diem
295 1708 442 1742 certam
489 1701 626 1749 edicto,
670 1700 737 1739 ubi
775 1714 851 1754 pro
895 1700 952 1738 ad
993 1699 1094 1738 diem
1141 1706 1290 1739 eertum
1330 1700 1458 1748 edicit,
1500 1699 1558 1739 ad

150 1787 271 1827 quam
305 1771 373 1810 ubi
407 1769 527 1810 Frob.
564 1766 831 1823 2.—†Cap.
866 1770 932 1807 23.
969 1767 1156 1806 manendi
1187 1781 1263 1822 pro
1295 1769 1391 1821 quia
1425 1782 1555 1806 rema—

151 1839 272 1880 nendi
320 1837 440 1879 Frob.
495 1839 532 1876 2.
557 1861 613 1865 ——
636 1836 739 1891 Cap.
793 1837 860 1875 25.
914 1835 1031 1875 multi
1072 1837 1261 1889 proxima
1317 1841 1425 1874 nocte
1477 1848 1554 1890 pro

144 1910 333 1964 proxima
367 1913 476 1947 noete
509 1906 684 1946 Ascens.
708 1928 765 1934 —
787 1903 925 1958 †Cap.
957 1905 1024 1944 26.
1061 1909 1324 1944 convenerant
1355 1917 1430 1958 pro
1463 1918 1555 1944 eon-

150 1983 342 2018 venerunt
380 1974 501 2016 Frob.
526 1999 581 2005 -—
604 1972 741 2028 †Ibid.
785 1974 859 2012 alie·
898 1973 949 2012 ab
990 1972 1084 2012 aliis
1120 1973 1233 2026 pulsi
1271 1986 1346 2027 pro
1387 1973 1462 2011 alii
1505 1972 1555 2012 ab

150 2045 244 2086 aliis
277 2044 432 2099 expulsi
466 2041 588 2083 Frob.
625 2044 663 2081 2.
687 2065 744 2069 —
765 2039 903 2096 †Cap.
940 2043 1007 2080 28.
1044 2055 1146 2094 quae
1179 2042 1311 2079 minus
1345 2041 1475 2092 infida
1506 2055 1555 2080 ac

151 2114 308 2168 trepida
327 2114 482 2167 fuisset
513 2125 588 2166 pro
621 2125 722 2165 quoe
755 2111 886 2149 minus
920 2109 1076 2163 trepida
1097 2109 1252 2162 fuisset
1284 2106 1406 2149 Frob.
1443 2111 1480 2148 2.
1499 2132 1556 2137 --—

154 2179 260 2238 Cap.
285 2184 351 2222 29.
375 2186 581 2221 contracta
609 2193 685 2234 pro
711 2179 908 2218 concitata
934 2176 1056 2217 Frob.
1082 2180 1121 2218 2.
1145 2185 1188 2217 et
1211 2175 1259 2217 B.
1280 2200 1335 2204 —
1354 2176 1459 2232 Cap.
1485 2179 1552 2216 31.

153 2251 311 2306 nequivi
349 2263 425 2305 pro
467 2262 610 2303 nequeo
651 2246 772 2287 Frob.
818 2249 855 2286 2.
880 2270 936 2275 -
957 2244 1096 2301 †Ibid.
1141 2252 1179 2285 et
1221 2247 1359 2300 accepi
1403 2259 1477 2300 pro
1520 2251 1557 2284 et

152 2320 289 2373 accepi
336 2318 470 2358 urbem
511 2315 631 2357 Frob.
676 2318 713 2356 2.
737 2340 793 2345 —
815 2313 923 2355 Ibid.
977 2330 1020 2354 eo
1069 2330 1129 2354 me
1179 2314 1322 2354 liberat
1368 2327 1445 2368 pro
1498 2328 1557 2352 me

154 2387 295 2427 liberat
334 2384 456 2435 Frqb.
496 2387 533 2424 2.
572 2392 616 2424 et
651 2382 700 2424 B.
724 2407 781 2412 —
803 2381 939 2438 *Cap
979 2385 1046 2423 32.
1086 2382 1189 2422 nihil
1226 2397 1306 2421 esse
1341 2395 1417 2437 pro
1454 2381 1557 2421 nihil

153 2456 206 2495 sit
226 2453 401 2495 Ascens.
425 2477 482 2483 —
504 2451 611 2493 Ibid.
635 2467 729 2492 vera
760 2465 837 2506 pro
867 2451 987 2491 verba
1017 2450 1192 2491 Ascens.
1224 2458 1266 2490 et
1296 2448 1344 2490 B.
1368 2474 1424 2478 —
1445 2447 1555 2490 Ibid.

154 2522 215 2564 At
251 2524 353 2562 enim
394 2536 470 2578 pro
510 2521 673 2561 Etenim
717 2519 893 2560 Ascens.
937 2527 980 2560 ct
1023 2517 1072 2560 B.
1096 2517 1282 2559 ——Ibid.
1335 2518 1559 2573 Utrumque

155 2605 181 2630 a
211 2597 247 2631 te
265 2591 432 2644 sactum
464 2595 523 2630 est
552 2603 627 2644 pro
665 2589 812 2630 Utrum
841 2601 918 2628 non
946 2602 971 2627 α
1000 2593 1036 2627 te
1050 2587 1217 2641 sactum
1245 2589 1338 2627 est?
1371 2584 1492 2626 Frob.
1517 2588 1555 2626 2.

156 2666 200 2699 et
239 2656 287 2699 B.
310 2682 367 2687 —
389 2656 495 2713 Cap.
539 2660 607 2698 35.
652 2671 754 2711 quas
795 2658 876 2710 ipse
918 2656 1152 2695 restituisset
1191 2668 1266 2710 pro
1307 2668 1485 2709 quasque
1524 2659 1561 2692 et

157 2727 239 2780 ipse
272 2728 506 2766 restituisset
542 2725 661 2766 Frob.
699 2727 739 2765 2.
763 2749 818 2753 —
841 2722 978 2764 *Ibid.
999 2724 1145 2776 filium
1180 2738 1297 2763 suum
1331 2724 1372 2762 in
1404 2724 1454 2762 iis
1483 2735 1559 2776 pro

143 2793 286 2844 filium
320 2796 357 2831 in
392 2795 453 2834 leis
485 2809 599 2834 sumn
631 2793 803 2833 Ascens.
837 2800 881 2832 et
913 2790 1030 2847 Mog.
1055 2815 1111 2820 ——
1134 2790 1240 2846 Cap.
1278 2793 1345 2832 39.
1381 2804 1407 2828 α
1440 2794 1560 2843 capta

155 2877 280 2916 propr·
322 2863 413 2902 urbe
453 2876 528 2917 pro
564 2877 689 2916 prope
729 2868 849 2915 capta
892 2861 985 2899 urbe
1024 2858 1142 2900 Frob.
1183 2862 1220 2899 2.
1240 2882 1295 2887 --
1312 2856 1449 2912 †Cap.
1488 2859 1556 2897 40.
