1888 3194
912 187 1203 225 INDEX.

411 263 556 295 fraudem
584 263 725 304 impellit
753 269 802 303 27.
846 263 983 295 vineitur
1008 268 1040 295 et

412 307 539 346 fugatur
560 308 601 338 ab
623 307 763 338 Aemilio
781 307 906 345 Paullo,
921 317 983 339 cos
1000 317 1041 346 40

413 352 446 380 et
461 359 528 389 sqq.
555 351 781 381 caduceatores
795 350 895 380 mittit
910 350 951 380 ad
967 360 1039 381 con-

412 392 515 423 sulem
535 401 584 432 45.
620 393 860 424 Samothracam
885 392 1041 433 pervenit,

412 434 489 466 ibid.
513 445 585 466 eum
603 436 745 475 sequitur
760 446 823 467 cos.
839 434 889 475 46.
916 435 984 466 eius
1000 436 1040 466 ad

413 478 590 508 Aemilium
622 479 732 509 literae
759 487 810 518 45,
838 490 865 517 4.
910 478 1042 508 molitur

412 520 532 560 fugam,
548 521 663 552 frustra
679 520 708 553 6.
739 522 807 552 eius
830 521 920 561 pueri
942 524 1041 551 trans-

413 567 491 593 eunt
520 564 561 594 ad
592 565 769 602 Romanos,
793 565 868 595 ibid.
913 565 1042 593 Perseus

412 605 481 645 ipse
507 617 539 636 se
565 607 673 644 tradit,
696 607 772 638 ibid.
810 617 883 636 eum
906 605 1042 644 benigne

412 648 533 688 excipit
554 660 615 679 cos.
635 657 651 688 7
669 650 745 680 018.
777 659 850 679 cum
875 648 940 678 filio
966 648 1041 678 Phi-

411 691 502 730 lippo
519 691 552 721 in
567 692 745 721 custodiam
767 690 907 721 mittitur
924 692 972 722 28.
1002 691 1042 721 de

412 743 450 763 eo
474 734 650 773 triumphat
674 734 808 764 Paullus
833 743 881 774 39.
915 733 1043 763 ducitur

412 779 488 806 ante
511 786 639 806 currum
663 776 800 813 victoris,
818 776 893 806 ibid.
932 777 1043 815 depre-

413 818 499 848 canti
522 819 605 849 hanc
628 819 836 858 ignominiam
854 818 930 857 quid
947 819 1042 849 Paul-

352 886 354 888 .
413 860 687 900 lusresponderit,
697 862 773 892 ibid.
798 861 917 892 Albam
928 861 962 892 in
975 872 1042 892 cus-

413 903 536 933 todiam
552 903 691 934 mittitur
707 914 756 942 42.

373 944 410 976 C.
424 946 560 983 Persius,
576 947 622 976 vir
640 947 785 988 impiger,
802 946 907 978 caedit
923 946 1042 977 Taren-

414 988 498 1019 tinos
516 988 566 1026 26,
583 998 632 1030 39.

372 1030 516 1069 Perusia,
533 1032 681 1063 Etruriae
702 1031 871 1072 oppidum,
886 1031 967 1072 petit
990 1042 1044 1072 pa-

414 1084 483 1105 cem
501 1085 532 1116 9,
548 1082 597 1113 37.
625 1074 783 1114 accipitur
797 1075 830 1105 in
847 1075 1042 1106 deditionem

414 1127 466 1155 40.
484 1119 522 1148 cf.
540 1122 572 1148 et
592 1128 640 1155 10,
653 1126 702 1158 37.

372 1159 527 1191 Perusina
543 1161 654 1191 cohors
671 1169 721 1199 23,
741 1168 787 1199 17.

371 1202 516 1234 Perusini
534 1205 710 1234 caeduntur
724 1214 744 1234 a
760 1203 918 1234 Romanis
933 1213 981 1242 10,
994 1213 1043 1243 30.

412 1246 571 1277 rebellant
602 1256 651 1285 31.
700 1246 926 1277 Perusinorum
954 1252 1043 1286 quat-

413 1293 486 1319 tuor
500 1289 603 1319 millia
618 1294 651 1320 et
666 1289 832 1329 quingenti
848 1289 955 1327 occisi,
967 1290 1043 1320 ibid.

412 1332 534 1362 abietes
549 1332 582 1362 111
598 1332 798 1362 fabricandas
813 1342 921 1369 naveS,
934 1336 965 1362 et
981 1333 1042 1362 fru-

413 1375 513 1405 menti
530 1385 682 1415 maguum
699 1385 868 1405 numerum
890 1375 1043 1414 pollicen-

413 1420 466 1447 tur
482 1418 623 1457 Scipioni
642 1418 691 1455 28,
708 1426 758 1457 45.

371 1459 524 1491 Pessinus
549 1461 582 1490 in
609 1461 751 1500 Phrygia
776 1470 826 1501 29,
854 1470 899 1491 10.
939 1469 990 1499 34,
1015 1470 1043 1499 3.

415 1504 466 1541 38,
485 1504 531 1534 18.
565 1504 664 1534 Idaea
679 1505 789 1534 Mater
810 1514 829 1533 a
854 1503 1044 1534 Pessinunte

415 1546 555 1576 Romam
571 1547 706 1577 advecta
724 1556 774 1587 29,
794 1556 830 1576 10
846 1550 877 1576 01
899 1556 909 1575 1
920 1556 944 1577 1.

371 1587 580 1619 Pestilentiae
601 1599 695 1619 causa
718 1589 827 1619 clavus
850 1589 1000 1629 pangitur
1017 1597 1044 1629 7,

413 1640 442 1670 3.
467 1631 661 1671 pestilentia,
672 1642 754 1671 quae
769 1632 871 1671 magis
886 1632 919 1662 in
935 1633 1045 1672 longos

413 1675 551 1712 morbos,
567 1685 664 1714 quam
683 1674 716 1705 in
740 1674 930 1714 perniciales
945 1675 1045 1706 evasit

414 1724 465 1757 27,
483 1726 531 1756 23.

371 1759 475 1790 Pestis
491 1761 617 1791 Romae
637 1770 664 1798 1,
677 1770 726 1799 31.
751 1770 781 1800 3,
793 1760 813 1792 6
829 1764 861 1792 01
878 1771 926 1801 32.
951 1773 982 1800 4,
994 1771 1044 1800 21,

416 1810 466 1841 25,
483 1812 523 1842 30
546 1807 578 1833 01
601 1812 651 1842 52.
676 1812 706 1842 5,
726 1813 772 1842 13.
797 1803 828 1842 6,
849 1814 898 1835 20.
926 1812 953 1843 7,
977 1814 1004 1841 1,
1026 1814 1042 1834 2

413 1850 446 1876 et
464 1854 512 1885 27.
538 1847 568 1884 8,
588 1854 623 1885 17
640 1850 672 1877 01
692 1847 739 1877 18.
763 1856 793 1888 9,
814 1847 863 1878 28.
890 1857 939 1885 10,
955 1856 991 1886 31
1011 1851 1044 1878 et

413 1897 464 1928 47.
489 1899 540 1927 40,
559 1899 595 1930 19
611 1893 643 1919 et
659 1897 708 1929 37.
734 1899 785 1927 41,
803 1889 851 1920 26.
879 1890 1044 1930 Syracusis

414 1941 465 1971 25,
483 1931 531 1963 26.
556 1932 589 1962 111
606 1932 796 1963 exercitibus
812 1933 962 1963 Romano
979 1934 1042 1964 Pu-

412 1975 550 2014 nicoque
569 1975 617 2013 28,
634 1974 683 2013 46.

370 2017 507 2091 Pete61ia,
530 2019 605 2048 urbs
628 2018 661 2048 in
687 2018 823 2049 Bruttiis
848 2027 898 2058 23,
918 2028 967 2059 3ο.
993 2028 1043 2059 27,

416 2070 432 2090 2
459 2084 465 2091 .

371 2103 589 2134 Petelinorum
615 2104 693 2134 fides
715 2114 790 2144 erga
812 2104 989 2143 Romanos,
1011 2108 1043 2135 et

412 2146 530 2185 legatio
546 2147 587 2176 ad
603 2150 749 2177 senatum
769 2156 819 2186 23,
837 2157 884 2178 2ο.

371 2188 538 2219 Petelinus
560 2190 652 2219 lucus
676 2200 775 2229 prope
791 2191 930 2220 Romam
945 2189 975 2227 6,
993 2199 1040 2220 20.

411 2231 445 2261 111
458 2242 495 2262 00
508 2232 640 2262 comitia
651 2232 772 2269 habita,
782 2233 897 2271 quibus
912 2233 1040 2263 damna-

412 2278 465 2303 tur
481 2275 527 2305 M.
542 2274 697 2312 Manlius,
711 2274 788 2306 ibid.

371 2316 502 2347 Petillia
517 2317 638 2356 rogatio
654 2317 705 2354 38,
721 2326 771 2354 54.

371 2359 409 2390 L.
424 2359 582 2396 petillius,
606 2359 729 2398 legatus
750 2359 791 2389 ad
813 2359 980 2397 Gentium,
997 2360 1040 2390 Il-

413 2401 566 2441 lyriorum
591 2411 695 2440 regem
719 2412 771 2439 44,
795 2409 842 2441 27.
879 2412 899 2432 a
923 2401 1042 2432 Gentio

413 2443 581 2474 coniicitur
595 2443 628 2473 in
645 2453 814 2481 carcerem,
830 2444 906 2475 ibid.
931 2444 1041 2475 libera-

413 2490 465 2516 tur
479 2487 520 2516 ab
538 2486 662 2524 Anicio,
680 2490 824 2525 praetore
841 2496 890 2525 32.

371 2529 409 2562 L.
427 2529 585 2566 Petillius,
615 2529 717 2558 scriba
743 2539 794 2567 40,
823 2539 872 2570 29.
909 2530 942 2560 111
973 2530 1040 2561 eius

412 2582 487 2612 agro
504 2572 575 2602 libri
592 2571 722 2602 Numae
739 2571 891 2612 Pompilii
906 2572 1039 2611 inventi,

411 2615 487 2646 ibid.

369 2658 434 2688 duo
448 2658 490 2693 Q.
504 2656 635 2694 Petillii,
645 2657 763 2688 tribuni
777 2658 820 2697 pl.
833 2657 916 2688 diem
928 2658 1039 2689 dicunt

413 2700 555 2740 Scipioni
572 2700 722 2730 Africano
739 2700 790 2739 38,
807 2709 856 2739 50.
887 2702 943 2731 illo
959 2712 1039 2731 mor-

411 2747 479 2781 1110,
495 2742 691 2783 rogationem
710 2744 914 2783 promulgant
930 2745 970 2775 de
986 2755 1039 2784 pe-

411 2786 507 2817 cunia
522 2785 602 2825 regis
617 2786 768 2816 Antiochi
788 2795 836 2825 54.

369 2829 413 2865 Q.
429 2829 575 2859 Petillius
591 2828 746 2868 Spurinus
763 2832 888 2859 creatur
902 2833 1039 2868 praetor,

411 2875 444 2902 et
462 2871 590 2903 sortitur
613 2871 863 2902 iurisdictionem
884 2873 1037 2902 urbanam

410 2924 464 2954 40,
482 2915 530 2946 18.
559 2915 639 2946 duas
659 2914 800 2955 legiones
814 2915 1039 2946 tumultuarias

1127 264 1245 295 civium
1271 264 1367 294 Rom.
1395 262 1530 294 scribere
1555 261 1683 293 iubetur
1706 260 1757 293 26.

1127 307 1224 338 libros
1247 307 1377 337 Numae
1402 305 1555 345 Pompilii
1580 305 1668 345 legit,
1691 314 1756 335 eos-

1127 360 1189 389 que
1226 360 1266 380 ex
1303 348 1580 380 senatusconsulto
1613 346 1757 378 comburi

1127 396 1217 423 curat
1234 402 1284 434 ²9·
1307 395 1432 423 creatur
1447 401 1509 422 cos.
1526 401 1578 429 41,
1594 391 1641 422 18.
1665 390 1695 420 ei
1709 399 1756 420 sa-

1128 435 1282 466 crificanti
1299 435 1332 465 in
1348 434 1486 465 iecinore
1504 444 1566 464 non
1588 433 1758 463 inventum

1128 482 1237 518 caput,
1253 479 1329 509 ibid.
1356 478 1483 508 iubetur
1498 478 1579 507 bove
1595 476 1758 516 perlitare,

1128 521 1204 552 ibid.
1238 521 1393 551 occiditur
1414 520 1447 550 in
1470 519 1592 560 proelio
1607 519 1759 549 adversus

1130 562 1262 602 Ligures
1279 573 1328 594 22.

1087 605 1258 642 Petitarus,
1273 605 1376 635 amnis
1392 604 1539 636 Aetoliae
1554 614 1606 644 43,
1623 613 1672 643 24.

1087 648 1193 685 Petra,
1209 648 1366 687 oppidum
1386 649 1419 678 111
1438 647 1542 678 Pieria
1558 656 1608 688 39,
1626 645 1675 678 26.
1706 656 1759 685 44,

1130 699 1181 728 32-
1206 699 1258 729 45>
1274 700 1324 729 4¹-

1088 733 1194 770 Petra,
1214 734 1289 763 urbs
1312 733 1492 771 Maedicae,
1514 735 1718 772 oppugnatur
1739 741 1761 763 a

1132 775 1285 815 Philippo
1302 786 1353 814 40,
1372 785 1419 806 22.

1089 818 1257 855 Phacium,
1277 818 1433 858 oppidum
1456 820 1617 848 vastatum
1643 827 1663 848 a
1685 816 1760 847 Phi-

1130 862 1220 901 lippo
1238 870 1289 900 32,
1309 870 1354 900 13.
1373 861 1410 892 cf.
1424 864 1455 892 et
1472 859 1523 900 36,
1543 869 1590 899 13.

1088 904 1265 941 Phaeneas,
1281 904 1429 944 princeps
1447 904 1647 939 Aetolorum,
1669 903 1760 933 adest

1130 947 1290 986 colloquio
1322 946 1469 982 Quinctii
1501 956 1575 976 cum
1606 945 1760 985 Philippo

1131 999 1183 1029 32,
1200 999 1249 1029 32.
1284 990 1316 1020 111
1340 1000 1413 1020 011111
1438 989 1583 1028 Philippi
1605 989 1694 1020 iocus
1710 997 1760 1027 34.

1131 1033 1218 1063 venit
1242 1033 1283 1063 ad
1308 1032 1500 1068 Quinctium
1527 1042 1601 1062 cum
1627 1031 1758 1062 Aetolo-

1130 1086 1202 1106 rum
1225 1076 1353 1106 auxiliis
1378 1084 1428 1115 33,
1446 1084 1474 1114 3.
1503 1075 1572 1105 eius
1594 1073 1760 1105 altercatio

1132 1129 1205 1150 cum
1234 1118 1390 1154 Quinctio
1417 1119 1457 1149 de
1484 1117 1606 1148 Thebis
1633 1116 1761 1147 Phthiis

1135 1171 1181 1200 13.
1213 1161 1296 1192 inter
1319 1172 1393 1192 eum
1417 1165 1449 1191 et
1475 1161 1659 1191 Thoantem
1687 1170 1760 1190 con-

1130 1204 1232 1235 tentio
1249 1213 1266 1243 3
1272 1213 1300 1243 5,
1318 1212 1367 1242 45.
1399 1204 1547 1243 princeps
1563 1207 1611 1234 est
1630 1202 1760 1243 legatio—

1130 1247 1190 1285 nis,
1217 1257 1280 1286 qua
1306 1247 1414 1277 Aetoli
1444 1257 1477 1277 se
1503 1256 1623 1285 suaque
1652 1245 1761 1276 omnia.

1130 1289 1205 1320 fidei
1232 1290 1345 1329 populi
1372 1291 1468 1320 Rom.
1494 1289 1685 1329 permittunt
1708 1287 1760 1327 36,

1133 1333 1181 1363 28.
1216 1333 1282 1363 eius
1307 1332 1424 1363 ferocia
1446 1333 1558 1370 fracta,
1578 1332 1654 1364 ibid.
1688 1341 1760 1371 pro-

1132 1376 1259 1406 volutus
1270 1376 1311 1406 ad
1325 1376 1423 1415 pedes
1434 1375 1581 1410 Quinctii
1593 1378 1662 1405 orat
1674 1384 1760 1412 eum,

1130 1422 1167 1448 ut
1185 1418 1371 1448 misereatur
1386 1418 1488 1457 gentis
1504 1417 1693 1447 Aetolorum
1709 1425 1759 1457 35.

1130 1461 1254 1500 legatus
1269 1462 1308 1490 ab
1323 1460 1446 1491 Aetolis
1461 1471 1534 1490 cum
1549 1459 1657 1490 liberis
1671 1470 1760 1490 man-

1131 1504 1213 1534 datis
1235 1504 1277 1534 ad
1298 1503 1461 1534 consulem
1477 1504 1525 1534 M.
1540 1503 1692 1534 Fulvium
1709 1513 1759 1533 ve-

1130 1546 1178 1576 nit
1195 1547 1245 1585 38,
1262 1547 1290 1578 8.

1089 1587 1277 1626 Phaestum,
1294 1589 1463 1629 oppidum,
1479 1589 1604 1629 capitur
1620 1587 1671 1628 36,
1690 1598 1703 1619 ῐ
1708 1598 1738 1628 3.

1090 1631 1271 1670 Phalanna,
1294 1633 1451 1672 oppidum
1470 1642 1521 1671 42,
1538 1640 1588 1672 54.
1619 1632 1759 1663 Phalan-

1131 1685 1230 1705 naeus
1245 1686 1319 1715 ager
1333 1675 1384 1715 65.

1090 1717 1239 1749 Phalanx
1256 1719 1469 1749 Macedonica
1488 1719 1518 1756 3,
1534 1719 1562 1750 8.
1587 1727 1639 1758 33,
1654 1730 1683 1758 4.
1707 1727 1759 1756 42,

1131 1760 1180 1791 61.
1205 1761 1366 1792 confertur
1380 1772 1453 1792 cum
1469 1761 1537 1792 acie
1553 1762 1651 1793 Rom.
1666 1771 1698 1803 9,
1712 1770 1761 1802 19.

1130 1804 1273 1843 phalanx
1289 1815 1410 1835 cuneus
1423 1805 1652 1842 Macedonum,
1664 1807 1696 1835 et
1711 1815 1758 1834 ro-

1130 1847 1189 1876 bur
1205 1847 1362 1878 exercitus
1378 1856 1429 1886 32,
1448 1856 1494 1887 17.
1519 1856 1571 1886 33,
1584 1848 1612 1878 8.
1636 1847 1759 1886 duplex

1129 1889 1284 1929 phalanx,
1306 1890 1542 1930 Leucaspidum
1567 1893 1599 1921 et
1622 1890 1759 1922 Chalca-

1129 1933 1257 1972 spidum
1271 1944 1323 1971 44,
1330 1943 1380 1971 40.
1403 1934 1445 1964 ad
1457 1937 1664 1973 conspectum
1679 1932 1757 1973 pha-

1129 1975 1232 2015 langis
1254 1980 1362 2016 stupet
1386 1976 1555 2013 Aemilius,
1570 1976 1646 2007 ibid.
1680 1976 1757 2015 pha-

1130 2019 1231 2058 langis
1244 2018 1450 2050 incommoda
1466 2028 1517 2059 31,
1530 2028 1579 2060 39.
1603 2028 1654 2057 41,
1670 2025 1709 2058 37
1726 2020 1758 2048 et

1130 2071 1180 2099 40.

1088 2103 1300 2144 Phalangitae
1316 2113 1367 2144 37,
1383 2114 1436 2143 40.
1457 2113 1509 2142 42,
1525 2112 1574 2142 51.
1596 2112 1648 2142 43,
1665 2113 1713 2134 20.

1086 2146 1236 2183 Phalara,
1265 2147 1330 2177 sive
1361 2147 1510 2183 Phalera,
1538 2146 1694 2186 oppidum
1723 2146 1757 2177 in

1128 2190 1198 2219 sinu
1212 2189 1354 2220 Maliaco
1372 2197 1422 2228 27,
1434 2198 1483 2227 3ο.
1507 2198 1557 2228 35,
1570 2198 1619 2227 43.
1642 2188 1693 2228 36,
1706 2199 1757 2230 29.

1087 2232 1242 2262 Phaleras
1254 2233 1420 2271 deponunt
1431 2231 1555 2262 nobiles
1567 2241 1597 2273 9,
1605 2231 1654 2270 46.
1677 2232 1757 2272 pha-

1129 2274 1202 2304 leris
1218 2274 1327 2304 donati
1343 2275 1466 2314 equites
1482 2283 1533 2316 39,
1549 2284 1598 2314 31.

1087 2316 1250 2354 Phaloria,
1265 2317 1419 2356 oppidum
1437 2317 1624 2348 Thessaliae
1639 2316 1691 2356 36,
1709 2326 1756 2356 13.

1128 2368 1180 2400 39,
1198 2369 1246 2399 25.
1277 2370 1295 2389 a
1317 2360 1474 2390 Romanis
1496 2360 1632 2400 capitur,
1648 2360 1757 2391 incen-

1129 2402 1225 2440 ditur,
1241 2406 1273 2433 et
1288 2403 1436 2442 diripitur
1450 2411 1501 2441 32,
1522 2411 1567 2442 15.

1087 2444 1231 2483 Phanae,
1244 2449 1354 2485 portus
1366 2449 1397 2476 et
1413 2445 1667 2486 promontorium
1680 2445 1756 2476 Chi-

1128 2498 1217 2517 orum
1235 2487 1286 2527 36,
1302 2497 1352 2527 43.
1377 2500 1428 2527 44,
1446 2489 1494 2519 28.
1518 2498 1570 2527 45,
1590 2498 1636 2519 10.

1086 2530 1245 2568 Phanota,
1261 2532 1335 2561 urbs
1352 2531 1442 2570 Epiri
1458 2540 1510 2570 43,
1529 2539 1576 2569 25.
1601 2538 1652 2569 45,
1670 2529 1718 2562 26.

1086 2573 1254 2604 Phanotea
1272 2573 1422 2604 Phocidis
1442 2576 1537 2613 capta
1558 2584 1578 2604 a
1598 2573 1757 2605 Romanis

1127 2625 1178 2654 32,
1197 2617 1242 2647 18.

1084 2658 1277 2696 Pharnaces,
1291 2658 1387 2689 Ponti
1401 2669 1467 2697 rex,
1480 2659 1601 2699 legatos
1613 2659 1754 2690 Romam

1127 2701 1226 2731 mittit
1243 2711 1293 2739 40,
1312 2711 1327 2731 2
1345 2706 1376 2732 01
1394 2711 1442 2732 20.

1085 2744 1253 2774 Pharsalia
1268 2748 1351 2774 terra
1367 2753 1418 2783 33,
1434 2743 1464 2775 6.

1085 2787 1270 2825 Pharsalus,
1286 2788 1359 2817 urbs
1375 2796 1426 2826 32,
1441 2796 1491 2826 33.
1516 2796 1567 2826 34,
1585 2796 1634 2827 23.
1664 2786 1754 2818 dedit

1125 2840 1158 2860 se
1175 2830 1232 2861 M'.
1247 2830 1363 2868 Acilio,
1382 2840 1442 2860 cos.
1460 2829 1512 2869 36,
1531 2840 1577 2869 14.

1085 2872 1242 2910 Phaselis,
1264 2873 1338 2903 urbs
1361 2873 1394 2903 in
1419 2873 1556 2904 confinio
1578 2872 1698 2913 Lyciae
1720 2875 1752 2903 et

1127 2915 1341 2955 Pamphyliae
1358 2923 1409 2956 37,
1425 2925 1476 2955 23.
