1888 3194
342 195 426 232 344
865 189 1218 233 EPISTOLA

343 280 586 329 Livianum,
611 280 750 336 operis
771 280 883 321 mole
907 280 1147 331 deterritus,
1170 296 1256 322 non
1285 281 1366 322 nisi
1394 280 1547 337 passim
1575 277 1744 335 inspexi

344 338 404 378 ita
424 346 471 378 ut
489 352 624 393 pauca
644 345 810 378 tantum
839 338 1023 394 exempli
1051 339 1185 394 gratia
1211 339 1415 380 subiicere
1442 336 1610 394 possim.
1672 334 1741 376 Ac

344 395 529 451 primum
550 395 724 450 quidem
746 394 815 436 lib.
839 394 871 436 I.
892 399 930 437 5.
949 410 1051 451 pro:
1087 398 1160 452 qui
1187 412 1241 438 ex
1267 412 1316 438 eo
1338 410 1500 452 genere
1521 394 1742 435 Arcadum

345 454 487 494 multis
518 459 616 494 ante
646 454 968 508 tempestatibus
1003 459 1199 494 tenuerat
1231 455 1362 502 Zoca⁵‚
1393 452 1439 493 in
1469 450 1577 492 Cod.
1601 448 1741 505 Lipsi-

347 509 437 550 ensi
468 524 638 565 quoque
669 510 822 550 rectius
852 509 1030 564 legitur:
1067 511 1139 565 qui
1167 526 1222 552 ex
1251 526 1300 552 eo
1324 525 1485 566 genere
1506 509 1742 550 archasium

346 568 491 608 multis
518 573 619 608 ante
652 568 977 622 tempestatibus
1004 568 1187 608 tenuerit
1215 568 1325 616 loca,
1360 566 1476 622 quod
1509 563 1742 620 Longolius

347 638 434 664 non
460 623 686 664 annotavit.
749 622 919 663 Deinde
948 622 1062 663 idem
1090 624 1316 664 memoriae
1343 623 1543 680 prodidit,
1565 622 1636 662 lib.
1658 619 1740 661 III.

349 684 416 722 58.
439 695 538 736 pro:
575 681 710 721 octies
731 686 859 721 extra
885 681 1072 720 ordinem
1095 681 1292 730 donatus,
1312 681 1358 721 in
1378 680 1458 721 1100
1479 680 1570 735 ipso
1597 677 1742 720 codice

349 746 540 779 exstare:
575 738 725 778 tricies
756 743 885 777 eatra
915 737 1104 777 ordinem
1133 738 1328 787 donatus,
1351 737 1466 792 quod
1493 751 1569 792 per
1592 750 1635 776 se
1655 749 1744 775 non

348 793 633 850 spernendum
662 792 782 842 foret,
809 807 944 848 quum
975 793 1103 834 etIam
1137 792 1207 834 lib.
1238 794 1387 835 XLII.
1423 797 1490 834 34.
1523 800 1745 834 veteranus

349 852 535 892 iactitet:
571 857 725 906 quater
755 857 797 891 et
824 851 974 891 tricies
1002 851 1175 892 virtutis
1203 866 1359 892 caussa
1380 853 1563 892 donatus
1590 850 1646 891 ab
1670 849 1746 889 im-

342 909 621 965 peratoribus
652 923 756 949 sum.
822 906 906 948 Sed
945 915 1089 948 nostro
1123 907 1215 948 loco
1253 907 1361 949 Cod.
1390 907 1620 964 Lipsiensis
1647 919 1746 946 cum

350 965 455 1015 aliis,
491 979 596 1020 quos
633 964 729 1005 vide
767 963 881 1020 apud
918 964 1328 1015 Drakenborchium,
1364 980 1441 1022 pro
1478 965 1613 1007 octies
1649 961 1746 1004 satis

349 1024 569 1079 perspicue
601 1022 750 1071 tocies,
786 1022 813 1063 i.
849 1037 883 1062 e.
920 1024 1083 1064 tociens
1115 1023 1201 1064 sive
1233 1024 1401 1073 totiens,
1435 1022 1637 1078 scriptum
1671 1034 1748 1061 ex-

349 1080 500 1121 hibet6.
563 1078 726 1120 Verum
759 1088 914 1129 tamen,
949 1088 997 1120 ut
1031 1079 1136 1121 haec
1171 1080 1279 1120 levia
1311 1080 1407 1130 sint,
1437 1079 1616 1134 aliaque,
1646 1093 1684 1119 v.
1708 1091 1744 1117 0.

349 1137 465 1193 quod
500 1137 570 1178 lib.
606 1136 639 1177 I.
664 1138 732 1178 57.
766 1152 842 1192 pro
871 1137 1059 1178 Ardeam
1087 1138 1239 1178 Rutuli
1271 1139 1498 1186 habebant,
1524 1137 1570 1176 in
1594 1134 1747 1176 eodem

349 1195 492 1236 codice
514 1209 718 1250 perquam
739 1193 916 1234 ridicule
934 1194 1119 1235 Arceam
1138 1195 1260 1235 vituli
1281 1196 1511 1244 habebant,
1528 1200 1745 1234 exaratum

349 1261 425 1301 cst,
456 1251 589 1292 multo
620 1251 788 1300 leviora,
816 1250 1062 1291 Plinianum
1092 1250 1222 1292 illud:
1256 1252 1433 1292 ZVuZlum
1466 1266 1559 1292 esse
1592 1250 1746 1291 librum

350 1316 437 1350 tam
459 1310 625 1358 malum,
644 1315 690 1349 ut
710 1324 791 1350 uon
813 1309 960 1363 aliqua
974 1315 1110 1363 parte
1122 1310 1363 1364 prodesset,
1382 1308 1445 1348 uti
1461 1307 1515 1348 de
1536 1306 1745 1355 omnibus,

350 1367 409 1407 ita
445 1366 498 1407 de
539 1365 619 1406 1100
656 1380 826 1421 quoquc
867 1364 1012 1406 codice
1048 1364 1200 1414 valere,
1237 1380 1323 1406 uno
1363 1365 1510 1406 saltem
1551 1362 1746 1419 exemplo

350 1423 501 1465 docere
534 1422 668 1463 liceat.
732 1422 784 1462 In
816 1422 956 1462 vivida
988 1423 1101 1462 enim
1136 1422 1208 1462 illa
1239 1421 1370 1462 cl‘adis
1404 1420 1642 1463 Cannensis
1672 1420 1747 1460 de-

350 1480 590 1536 scriptione,
628 1494 736 1535 quae
772 1478 841 1520 lib.
883 1479 1035 1520 XXII.
1071 1482 1138 1520 51.
1176 1479 1343 1534 legitur,
1378 1479 1489 1519 inter
1522 1477 1604 1518 alia
1641 1477 1747 1517 haec

352 1546 542 1579 exstant:
583 1537 832 1591 Praecipue
868 1537 1075 1577 convertit
1107 1552 1248 1578 omnes
1278 1537 1523 1578 substratus
1551 1535 1749 1576 Numida

352 1602 516 1636 mortuo
556 1593 910 1649 superincubanti
943 1593 1139 1634 Romano
1179 1594 1312 1643 vivus,
1348 1608 1454 1634 naso
1488 1593 1749 1647 auribusque

353 1652 558 1693 laceratis
575 1667 587 1690 :
620 1666 758 1705 quum,
781 1650 977 1691 mcmibus
1002 1651 1061 1691 ad
1088 1651 1342 1705 capiendum
1362 1651 1490 1691 telum
1510 1649 1748 1698 inutilibus,

354 1711 395 1749 in
418 1709 579 1749 rabiem
609 1708 679 1748 ira
707 1722 869 1755 versus,
893 1707 1096 1748 laniando
1117 1708 1312 1748 dentibus
1333 1708 1509 1756 hostem,
1530 1707 1750 1762 exspiras-

352 1772 429 1806 set.
493 1764 560 1805 Ex
590 1764 671 1805 1100
701 1763 816 1804 fonte
848 1778 1009 1819 parum,
1042 1772 1089 1804 ut
1119 1763 1298 1813 videtur,
1329 1763 1506 1819 limpido
1542 1777 1616 1804 sua
1645 1762 1750 1803 hau·

353 1831 497 1863 serunt
518 1821 712 1862 Valerius
734 1820 850 1862 Max.
875 1819 955 1861 ΠΙ.
980 1824 1018 1861 2.
1046 1825 1109 1862 11.
1134 1829 1177 1862 et
1201 1821 1327 1862 Silius
1347 1820 1440 1862 Ital.
1463 1820 1540 1861 VI.
1562 1822 1747 1861 41—53.

353 1888 479 1935 atque
521 1879 714 1920 lectionis
748 1878 941 1934 vulgatae
982 1878 1278 1934 antiquitatem
1320 1886 1536 1919 testantur.
1602 1877 1748 1926 Quum

352 1951 451 1978 vero
473 1936 619 1977 Livius
640 1951 727 1977 11011
756 1944 841 1976 tam
863 1935 1104 1976 Poenorum
1126 1944 1170 1976 et
1190 1935 1488 1984 Numidarum,
1511 1949 1639 1990 quam
1660 1933 1750 1974 Ro-

354 2008 575 2034 manorum
594 1993 762 2033 foedam
783 1992 911 2033 etiam
932 1992 1120 2033 hostibus
1147 2001 1327 2047 stragem
1349 1999 1547 2047 exponat,
1569 1989 1749 2031 auctoris

355 2050 574 2091 consilium
609 2057 651 2089 et
683 2049 773 2104 ipsa
804 2048 1053 2089 narrationis
1085 2049 1212 2089 series
1243 2048 1429 2103 flagitare
1459 2047 1670 2097 videntur,
1701 2056 1750 2088 ut

354 2107 503 2148 vitium
538 2105 698 2146 Valerii
740 2120 788 2146 ac
834 2104 924 2145 Silii
966 2114 1101 2146 aetate
1144 2105 1357 2160 antiquius
1399 2104 1579 2160 corrigas
1621 2113 1748 2160 atque

355 2172 490 2204 totum
521 2163 673 2212 locum,
697 2163 816 2203 cuius
840 2161 1107 2203 difficultates
1129 2161 1386 2218 Doeringius
1414 2162 1575 2217 primus
1605 2161 1748 2211 sensit,

355 2235 441 2262 11011
462 2220 594 2275 magis
616 2228 756 2260 tamen
773 2233 900 2274 quam
919 2218 1150 2274 Rupertius
1167 2220 1345 2268 sustulit,
1363 2219 1409 2259 111
1425 2219 1538 2260 1111110
1555 2218 1749 2260 ordinem

354 2278 544 2332 redigas:
579 2277 825 2332 Praecipue
857 2277 1063 2317 convertit
1094 2292 1233 2318 omnes
1263 2278 1506 2318 substratus
1531 2277 1750 2317 Numidae

355 2341 518 2376 mortuo
551 2334 901 2388 superincubanti
933 2333 1153 2374 Romanus
1184 2335 1317 2384 vivus,
1351 2349 1456 2375 naso
1489 2334 1750 2389 auribusque

401 2473 417 2502 5
444 2464 497 2493 Ita
522 2463 607 2492 0111111
632 2472 671 2492 ex
698 2462 857 2493 sententia
883 2462 1030 2492 Draken-

1076 2463 1211 2502 aliisque
1239 2465 1281 2495 P.
1308 2466 1360 2495 M.
1386 2463 1587 2495 XXXC'CC'.
1619 2463 1653 2493 in
1684 2472 1748 2502 quo

359 2505 491 2542 borehii,
504 2505 559 2544 qui
576 2515 753 2543 pronomen
766 2516 816 2541 ea,
830 2506 915 2543 quod
930 2505 1032 2535 verbis

1077 2516 1193 2545 operae
1218 2506 1299 2545 lapsi
1325 2511 1410 2544 sunt,
1435 2507 1512 2544 sive,
1533 2506 1640 2546 pondo
1662 2506 1748 2537 mille

359 2549 413 2578 lib.
437 2548 465 2578 Ι.
492 2557 516 2578 1.
539 2549 594 2587 qui
621 2552 689 2577 tum
714 2558 752 2578 ea
778 2548 928 2578 tenebant
954 2548 1032 2583 loca,

359 2589 441 2620 tueri
465 2590 576 2629 possis,
592 2589 740 2620 codicum
763 2590 955 2620 auctoritate
979 2590 1031 2620 de-

360 2633 493 2662 lendum
533 2632 667 2667 censuit,
707 2632 911 2662 scribendum
956 2642 1033 2669 esse,

361 2678 496 2713 apparet
512 2684 551 2704 ex
568 2674 636 2704 01115
651 2674 735 2704 uotis
751 2675 792 2704 ad
808 2674 839 2704 h.
854 2675 875 2703 l.
891 2678 922 2704 et
939 2674 1033 2705 Erra-

363 2722 468 2746 torum
495 2716 601 2746 indice
627 2720 706 2746 tom.
724 2717 810 2747 VII.
835 2726 864 2755 p.
894 2725 964 2755 343.
993 2726 1032 2746 cx

363 2770 426 2798 quo
449 2758 641 2789 recentiores
661 2758 743 2789 Livii
767 2758 915 2795 editores,
930 2761 966 2788 ut
989 2759 1032 2788 le-

363 2801 450 2831 viora
476 2801 615 2839 mittam,
642 2801 739 2830 ctiam
767 2800 888 2831 discere
915 2800 1034 2839 potuis-

363 2847 444 2881 sent,
461 2843 517 2873 lib.
537 2844 581 2874 X.
599 2842 651 2882 46.
667 2853 743 2880 non,
766 2853 899 2873 numero
923 2843 1034 2873 immo-

363 2886 435 2916 dice
451 2890 559 2923 aucto,
570 2887 676 2925 pondo
699 2887 798 2915 millia
821 2889 961 2917 trecenta
977 2887 1032 2915 tri-

362 2931 466 2967 qinta,
489 2929 544 2960 sed
573 2938 619 2967 ex¹
644 2928 694 2959 cd.
720 2927 862 2959 Gronov.
888 2939 915 2959 a.
945 2927 1032 2968 1679.

1078 2553 1218 2579 trecenta
1235 2550 1381 2588 triyinta,
1397 2559 1464 2579 csse
1479 2549 1713 2587 reponendum.

1120 2589 1140 2620 6
1163 2591 1286 2622 Contra
1306 2601 1343 2620 ea
1361 2591 1431 2622 Liv.
1450 2591 1596 2621 XXXI.
1617 2600 1645 2631 9.
1668 2592 1747 2621 extr.

1078 2643 1135 2672 pro
1160 2634 1249 2664 toties
1274 2633 1306 2662 111
1330 2633 1413 2663 Cod.
1437 2633 1608 2672 Bainberg.
1631 2633 1749 2663 octiens

1079 2678 1196 2711 exstat,
1212 2674 1263 2704 cui
1280 2675 1423 2710 lectioni,
1439 2675 1515 2705 licet
1536 2684 1607 2704 eam
1628 2683 1747 2704 memo-

1076 2720 1148 2747 ratu
1182 2716 1312 2756 dignam
1349 2717 1482 2753 iudices,
1511 2725 1576 2746 non
1606 2717 1747 2746 multum

1076 2758 1226 2797 equidem
1242 2758 1417 2789 tribuerim.
1453 2759 1540 2789 Nam
1554 2759 1750 2798 praecedens

1080 2802 1164 2831 vovit
1187 2801 1329 2831 effecisse
1354 2801 1491 2838 videtur,
1515 2804 1550 2830 ut
1573 2802 1688 2832 totiens
1712 2799 1749 2830 11-

1079 2843 1174 2873 brarii
1202 2843 1398 2883 negligentia
1428 2843 1460 2873 111
1490 2844 1608 2875 octiens
1637 2842 1750 2881 abiret,

1077 2885 1138 2915 hoc
1166 2892 1275 2916 autem
1302 2896 1321 2916 a
1349 2896 1448 2917 mauu
1475 2885 1690 2917 emendatrice
1716 2884 1749 2915 in

1078 2929 1194 2959 octiens
1210 2932 1397 2959 mutaretur.
