1888 3194
919 187 1210 227 INDEX.

415 266 500 304 urbs,
517 265 603 297 venit
618 265 652 296 in
667 268 860 306 potestatem
877 265 1041 297 Romano-

414 319 484 339 rum
502 319 534 350 9,
550 317 599 348 25.
623 319 660 340 00
682 308 808 340 colonia
828 309 968 340 deducta
994 318 1042 346 10,

417 360 466 382 21.

373 393 651 425 Minturnensibus
665 397 799 434 negatur
817 393 942 425 vacatio
958 393 1041 424 mili-

415 436 480 467 tiae
497 444 547 477 27,
565 438 614 476 38.
638 438 715 468 item
731 437 776 468 rei
792 437 916 468 navalis
931 435 982 476 36,
999 445 1026 475 3.

373 479 521 510 Minucia
551 480 703 518 Vestalis,
733 483 882 520 suspecta
912 482 1043 519 propter

414 522 617 553 mundiorem
652 523 735 553 iusto
770 524 895 553 cultum
931 523 961 560 8,
994 529 1040 560 15.

414 565 500 596 facto
521 565 653 604 iudicio,
673 566 745 597 viva
767 567 824 596 sub
845 569 962 596 terram
989 564 1040 595 de-

414 607 545 646 foditur,
560 608 636 640 ibid.

373 650 411 681 L.
427 650 604 688 Minucius,
625 661 687 681 cos.
713 651 799 680 male
819 660 886 680 rem
909 649 989 688 gerit
1012 658 1041 688 3.,

417 701 454 731 25
491 696 523 723 et
555 693 603 724 26.
642 693 794 723 liberatus
824 692 988 722 obsidione
1022 702 1042 721 a

416 734 572 771 Quinctio
622 735 829 771 Cincinnato,
873 734 1042 771 dictatore,

414 777 543 807 iubetur
558 777 707 807 abdicare
722 788 756 807 se
772 777 940 807 consulatu
957 786 1006 818 29.

373 820 410 851 L.
428 820 604 857 Minucius,
627 820 789 850 decemvir
810 820 918 859 legum
941 820 1041 849 feren-

340 896 345 899 ,
414 863 525 892 darum
544 873 638 893 causa
654 872 684 901 3,
702 871 718 900 3
724 870 751 901 5.

371 906 409 936 L.
427 905 603 943 Minucius,
630 907 811 944 praefectus
837 915 984 935 annonae
1012 916 1043 943 4,

417 957 464 978 12.
495 948 535 978 (10
562 948 617 987 Sp.
635 948 748 978 Maelii
780 947 919 978 consiliis
949 948 1044 978 docet

412 994 559 1020 senatum
587 999 633 1029 13.
665 992 746 1021 bove
769 994 881 1021 aurato
905 991 1044 1020 donatur

416 1032 462 1064 16.
488 1033 690 1064 Maelianum
706 1034 903 1064 frumentum
920 1033 1044 1064 assibus

411 1075 445 1105 in
461 1076 586 1106 modios
600 1076 805 1107 aestimatum
819 1076 932 1106 dividit
944 1075 1043 1116 plebi,

412 1118 489 1149 ibid.

371 1161 408 1192 L.
426 1161 591 1192 Minucius
618 1161 783 1202 Myrtilus,
808 1162 895 1201 quod
921 1162 1043 1201 legatos

413 1204 693 1244 Carthaginienses
717 1206 886 1244 pulsasset,
914 1215 971 1244 per
999 1204 1042 1234 fe-

412 1246 505 1277 tiales
525 1247 663 1277 traditur
683 1247 808 1287 legatis,
829 1251 860 1278 et
876 1246 1042 1286 Carthagi-

412 1300 486 1319 nem
503 1290 652 1321 avehitur
668 1290 720 1329 38,
735 1300 786 1329 42.

371 1333 408 1364 L.
423 1332 599 1370 Minucius,
612 1333 735 1372 legatus
751 1333 794 1368 Q.
807 1332 914 1363 Fulvii
933 1327 1043 1363 Flacci

411 1374 445 1404 in
459 1375 620 1415 Hispania
636 1375 780 1406 citeriore
796 1385 848 1413 40,
865 1384 914 1414 35.

371 1418 409 1449 L.
423 1418 588 1449 Minucius
603 1418 774 1456 Thermus,
785 1418 909 1457 legatus
925 1417 1042 1448 Manlii

413 1461 552 1491 consulis
567 1461 599 1491 in
617 1460 712 1491 Istria
728 1471 780 1500 41,
801 1470 847 1491 12.

370 1503 418 1534 M.
432 1504 608 1542 Minucius,
630 1514 691 1534 cos.
720 1513 750 1540 2,
772 1513 821 1534 21.
850 1513 888 1533 00
911 1503 1042 1533 consule

411 1547 508 1576 aedes
529 1546 666 1577 Saturno
690 1545 849 1583 dedicata,
869 1546 946 1577 ibid.
978 1555 1040 1576 008.

410 1588 528 1619 iterum
544 1598 595 1627 34.

370 1631 417 1662 M.
436 1631 611 1669 Minucius,
638 1631 709 1662 trib.
737 1631 781 1670 pl.
805 1635 935 1662 accusat
962 1631 1042 1661 duos

412 1674 557 1704 tribunos
572 1674 712 1704 militum
731 1682 761 1713 5.
781 1683 828 1704 11.

370 1716 417 1747 M.
436 1716 602 1747 Minucius
625 1717 741 1747 Fessus
764 1726 865 1756 augur
884 1717 924 1747 de
946 1716 1040 1756 plebe

413 1766 541 1790 creatur
561 1770 609 1797 ιο,
625 1770 654 1800 9.

370 1802 419 1833 M.
436 1803 602 1833 Minucius
627 1802 744 1839 Rufus,
767 1802 917 1842 magister
942 1801 1039 1841 equit.

406 1846 466 1875 sub
498 1846 600 1876 Fabio
628 1845 785 1875 dictatore
815 1855 865 1883 22,
888 1846 915 1876 8.
949 1845 1041 1876 Fabii

406 1888 647 1918 cunctationem
672 1888 797 1918 incusat
823 1897 870 1919 12.
905 1888 973 1918 eius
995 1898 1041 1918 se-

407 1930 522 1961 ditiosa
534 1931 635 1961 oratio
649 1931 681 1960 in
696 1930 789 1960 Fabii
802 1930 1041 1961 cunctationem

409 1983 455 2011 14.
480 1973 584 2004 Fabio
600 1975 745 2011 absente,
755 1983 820 2003 rem
840 1984 902 2004 non
919 1973 1035 2013 impro-

404 2026 495 2056 spere
522 2016 601 2056 gerit
632 2026 680 2054 24.
707 2020 866 2055 aequatur
888 2016 1036 2047 dictatori

404 2058 454 2090 26.
489 2059 603 2090 dividit
631 2059 807 2089 exercitum
833 2069 906 2089 cum
935 2059 1036 2089 Fabio

405 2109 455 2140 27.
499 2112 641 2142 pugnam
679 2102 851 2132 committit
882 2103 1032 2132 adversus

405 2144 639 2182 Hannibalem,
662 2145 693 2174 in
718 2154 781 2183 qua
802 2145 949 2175 laborans
970 2155 1031 2174 ser-

404 2192 498 2217 vatur
522 2198 541 2217 a
565 2187 666 2217 Fabio
696 2188 733 2217 28
757 2190 789 2217 et
816 2197 864 2228 29.
891 2187 1032 2226 agnoscit

404 2240 542 2260 errorem
573 2240 679 2267 suum,
709 2234 741 2259 et
771 2230 830 2259 sub
859 2229 1030 2269 imperium

404 2272 497 2302 Fabii
519 2272 612 2310 redit,
632 2272 709 2302 ibid.
741 2275 772 2302 ct
797 2281 847 2310 3ο.
871 2272 903 2301 111
924 2282 1033 2311 pugna

404 2314 445 2344 ad
462 2315 590 2345 Cannas
605 2314 688 2353 perit
705 2324 754 2354 49.

361 2358 408 2389 M.
423 2356 599 2393 Minucius,
615 2356 687 2386 trib.
705 2357 748 2395 pl.
768 2365 817 2393 23,
836 2366 883 2386 21.

360 2401 408 2432 M.
426 2398 592 2429 Minucius
616 2398 734 2435 Rufus,
755 2402 883 2437 praetor
906 2408 957 2438 32,
982 2406 1031 2438 27.

401 2441 531 2473 sortitur
552 2441 805 2471 iurisdictionem
832 2441 1031 2480 peregrinam

403 2486 451 2515 28.
475 2484 622 2514 triumvir
634 2483 779 2514 coloniae
802 2484 965 2514 Vibonem
983 2484 1037 2514 de-

401 2527 569 2558 ducendae
591 2535 643 2565 34,
664 2534 713 2564 53.
747 2534 798 2565 35,
823 2536 872 2564 40.
912 2527 1036 2566 legatus

400 2570 435 2601 in
452 2569 595 2600 Africam
613 2578 665 2607 34,
682 2568 734 2600 62.

359 2615 397 2646 P.
416 2611 592 2648 Minucius,
615 2622 653 2642 eo
677 2612 807 2641 consule
830 2622 946 2651 magna
969 2612 1035 2643 Ro-

399 2666 472 2686 mae
489 2654 603 2685 caritas
619 2664 768 2684 annonae
787 2664 815 2691 2,
834 2663 883 2693 34.

359 2701 396 2731 P.
411 2697 587 2735 Minucius,
603 2697 674 2727 trib.
692 2697 786 2727 milit.
804 2704 856 2735 35,
873 2705 901 2736 5.

358 2744 401 2778 Q.
415 2740 588 2777 Minucius,
605 2750 669 2769 cos.
687 2748 717 2777 3,
735 2748 785 2777 3ο.

359 2787 402 2822 Q.
416 2782 595 2820 Minucius,
611 2783 674 2822 Ap.
690 2782 820 2813 Claudii
839 2793 900 2813 cos.
914 2783 1037 2822 legatus

404 2826 454 2864 26.
471 2835 508 2865 33

358 2871 401 2906 Q.
416 2867 602 2905 Minii.ciils,
617 2867 688 2898 trib.
702 2867 794 2898 milit.
813 2876 864 2906 35,
881 2876 908 2906 5.

358 2914 402 2950 Q.
422 2910 590 2944 Minucius
616 2911 734 2949 Rufus,
760 2915 888 2950 praetor
917 2911 1035 2950 sactus,

1129 276 1201 297 cum
1218 265 1331 298 aedilis
1346 266 1390 306 pl.
1411 268 1493 297 esset
1509 274 1561 305 31,
1577 274 1606 303 4.
1629 263 1758 295 sortitur

1129 309 1276 340 Bruttios
1306 309 1335 341 6.
1363 309 1471 340 scribit
1500 306 1637 346 senatui,
1661 317 1757 347 pecu-

1128 351 1214 382 niam
1236 363 1253 382 e
1268 352 1343 382 fano
1367 350 1579 391 Proserpinae
1597 350 1757 380 sublatam

1132 404 1179 425 12.
1208 395 1400 435 pervestigat
1425 393 1637 434 sacrilegium,
1661 402 1758 432 pecu-

1128 437 1279 477 niamque
1301 438 1405 468 reddit
1427 436 1638 485 Proserpinae
1657 443 1705 474 13.
1727 434 1758 465 ei

1128 484 1333 520 prorogatum
1353 480 1525 520 imperium
1547 488 1599 518 32,
1621 488 1647 510 1.
1671 487 1758 508 crea-

1128 526 1180 553 tur
1195 533 1257 554 cos.
1276 530 1324 561 27.
1349 523 1416 553 eius
1434 533 1482 553 res
1502 526 1609 562 gestae
1629 521 1662 551 in
1678 520 1758 551 Gal-

1130 565 1176 595 lia
1202 574 1336 606 29-31,
1369 565 1398 596 01
1421 569 1555 604 negatur
1575 563 1759 603 triumphus

1131 616 1183 646 33,
1205 617 1241 637 22
1264 611 1296 637 et
1318 616 1366 646 23.
1397 606 1575 646 triumphat
1595 606 1629 636 in
1647 608 1759 636 monte

1129 650 1269 687 Albano,
1284 649 1360 680 ibid.
1384 650 1508 689 legatus
1527 649 1561 679 in
1581 649 1695 679 decem
1715 648 1758 679 ad

1128 702 1178 722 res
1199 693 1295 722 Asiae
1318 692 1543 731 disceptandas
1564 701 1757 730 componen-

1129 735 1250 774 dasque
1273 742 1324 773 37,
1341 742 1390 774 55.
1414 735 1538 774 legatus
1557 733 1592 764 in
1613 733 1758 764 Galliam

1130 777 1376 816 Transalpinam
1393 776 1533 807 mittitur
1548 785 1600 817 39,
1616 782 1667 815 54.

1088 822 1131 858 Q.
1149 820 1314 851 Minucius
1341 819 1512 856 Thermus,
1539 819 1610 850 trib.
1636 818 1680 858 pl.
1707 827 1758 858 30,

1130 873 1180 903 40.
1204 863 1317 893 aedilis
1337 862 1456 892 curulis
1473 871 1523 902 32,
1540 869 1590 901 27.
1613 861 1760 892 triumvir

1130 906 1251 937 colonis
1277 905 1473 936 deducendis
1499 914 1548 945 29.
1573 907 1606 934 et
1632 912 1684 943 34,
1706 911 1758 943 45.

1129 955 1258 989 plaetor
1274 958 1324 988 33,
1342 958 1390 986 24.
1414 947 1542 978 sortitur
1563 946 1758 986 Hispaniam

1130 992 1306 1022 citeriorem
1326 990 1374 1022 26.
1398 990 1504 1021 caedit
1526 989 1691 1029 Hispanos
1706 999 1758 1028 44.

1129 1034 1306 1074 triumphat
1329 1044 1379 1074 34,
1404 1043 1449 1064 10.
1474 1043 1536 1064 cos.
1559 1040 1609 1072 54.
1637 1031 1706 1063 eius
1723 1031 1758 1063 in

1131 1078 1261 1118 Liguria
1285 1087 1334 1107 res
1359 1080 1466 1116 gestae
1494 1084 1545 1116 35,
1570 1084 1599 1114 3.
1630 1075 1660 1105 01
1683 1084 1758 1105 011111

1129 1120 1272 1151 exercitu
1295 1119 1329 1150 in
1357 1119 1527 1159 Liguribus
1552 1120 1758 1158 prorogatum

1128 1162 1300 1203 imperium
1325 1172 1372 1193 20.
1401 1172 1474 1192 cum
1497 1160 1667 1210 Liguribus
1686 1170 1758 1200 pro·

1129 1216 1220 1246 spere
1251 1208 1373 1245 pugnat
1404 1214 1452 1235 21.
1483 1204 1552 1234 eius
1577 1206 1680 1234 castra
1704 1213 1757 1243 ag-

1129 1248 1225 1297 gressi
1251 1248 1382 1287 Ligures
1407 1247 1609 1286 repelluntur
1631 1244 1687 1285 36,
1706 1246 1757 1285 38.

1129 1292 1159 1322 01
1174 1294 1308 1330 negatur
1328 1290 1510 1329 triumphus
1531 1297 1582 1329 37,
1599 1288 1757 1328 461ος3.-

1129 1338 1181 1364 tus
1196 1333 1334 1364 mittitur
1353 1333 1386 1363 in
1407 1333 1518 1363 decem
1534 1333 1576 1362 ad
1596 1341 1645 1362 res
1661 1331 1758 1362 Asiae

1129 1376 1369 1407 constituendas
1405 1383 1454 1414 55.
1499 1374 1689 1405 interficitur
1723 1373 1757 1404 in

1129 1419 1251 1459 proelio
1266 1419 1328 1448 adv
1331 1428 1418 1448 ersus
1433 1417 1576 1448 Thracas
1592 1417 1643 1456 38,
1659 1425 1710 1454 41.

1087 1461 1137 1492 Ti.
1152 1461 1327 1526 Minucius,
1344 1470 1406 1492 cos.
1431 1459 1529 1491 vincit
1550 1458 1710 1491 Samnites
1726 1468 1757 1500 9,

1086 1547 1137 1578 Ti.
1169 1545 1336 1577 Minucius
1384 1545 1587 1583 Molliculus,
1631 1547 1758 1576 creatus

1128 1592 1267 1629 praetor,
1280 1588 1409 1619 sortitur
1419 1588 1670 1619 iurisdictionem
1686 1597 1756 1628 per-

1128 1632 1269 1671 egrinam
1286 1642 1337 1670 40,
1355 1640 1405 1671 35.
1428 1630 1563 1662 moritur
1578 1638 1629 1670 37.

1085 1675 1124 1706 T.
1137 1674 1303 1706 Minucius
1319 1675 1426 1705 Rufus
1442 1683 1494 1712 42,
1511 1681 1562 1713 54.

1086 1718 1248 1748 Miracula
1266 1718 1331 1748 fere
1352 1717 1459 1748 afficta
1482 1717 1560 1747 locis
1582 1715 1758 1756 insignibus

1129 1770 1180 1799 24,
1211 1769 1239 1799 3.
1269 1760 1461 1790 miraculum
1492 1759 1524 1790 in
1552 1759 1603 1790 Ti.
1620 1757 1757 1797 Aninio,

1128 1806 1261 1843 repente
1290 1803 1441 1833 membris
1471 1801 1620 1833 omnibus
1649 1805 1756 1841 capto,

1128 1856 1204 1876 mox
1220 1856 1296 1876 sano
1317 1856 1355 1876 ac
1373 1848 1483 1885 vegeto
1501 1855 1531 1883 2,
1548 1843 1596 1884 36.
1620 1844 1756 1875 miracu-

1127 1889 1196 1919 lum
1222 1889 1419 1919 Thaumacis
1444 1898 1563 1919 nomen
1589 1887 1678 1918 dedit
1703 1896 1757 1926 32,

1081 1975 1276 2014 Misagenes,
1303 1973 1494 2005 Masinissae
1515 1972 1612 2011 filius,
1634 1970 1756 2003 auxilio

1123 2017 1209 2048 venit
1227 2017 1391 2048 Romanis
1407 2026 1458 2055 42,
1471 2026 1521 2057 29,
1536 2015 1588 2064 62,
1603 2014 1642 2054 65
1656 2018 1688 2046 et
1703 2013 1754 2054 67.

1122 2060 1190 2090 eius
1206 2060 1235 2090 cl
1239 2060 1320 2090 assis
1336 2059 1528 2099 dispergitur
1542 2058 1575 2088 in
1590 2056 1756 2090 Adriatico

1118 2103 1211 2139 mari,
1223 2103 1355 2142 ipseque
1371 2112 1464 2150 aeger
1481 2099 1690 2132 Brundisium
1701 2099 1755 2130 de-

1117 2127 1217 2176 fertui⁴
1230 2153 1346 2183 45,14.
1371 2144 1432 2175 eia
1448 2142 1609 2175 Romanis
1620 2152 1755 2173 munera

1118 2188 1204 2224 data,
1219 2187 1250 2217 ib
1255 2187 1300 2218 id.

1076 2230 1193 2261 Miseni
1210 2228 1464 2268 promontorium
1482 2238 1532 2266 24,
1552 2237 1599 2267 13.

1078 2272 1215 2302 Missih'a
1230 2272 1294 2302 tela
1309 2283 1339 2312 9,
1357 2279 1406 2310 35.
1431 2272 1482 2310 38,
1502 2281 1539 2313 19
1555 2274 1588 2302 et
1604 2280 1652 2302 20.

1078 2314 1295 2351 Mithridates,
1310 2314 1396 2344 filius
1412 2313 1568 2345 Antiochi
1585 2322 1636 2354 33,
1654 2323 1702 2354 19.

1078 2357 1241 2396 Mitylene
1258 2364 1310 2395 37,
1328 2367 1377 2388 21.

1081 2399 1301 2439 Mitylenaeae
1316 2399 1460 2430 triremes
1476 2407 1528 2439 37,
1547 2409 1595 2430 12.

1081 2442 1195 2482 Mitys,
1212 2442 1315 2473 amnis
1331 2453 1382 2480 44,
1401 2449 1427 2481 7.

1081 2485 1314 2518 Mnasilochus.
1349 2485 1499 2524 princeps
1535 2485 1753 2522 Acarnanum,

1121 2532 1251 2567 gentem
1283 2538 1373 2558 suam
1408 2526 1558 2558 conciliat
1590 2525 1753 2557 Antiocho

1122 2570 1185 2609 regi
1212 2570 1264 2609 36,
1295 2580 1327 2600 11
1357 2574 1388 2601 et
1417 2580 1463 2600 12.
1496 2579 1570 2600 eum
1595 2568 1654 2599 sibi
1678 2568 1752 2600 dedi

1123 2614 1289 2652 postulant
1307 2612 1449 2644 Romani
1462 2619 1514 2651 37,
1530 2619 1579 2651 45.
1604 2612 1656 2650 38,
1672 2611 1723 2650 38.

1081 2655 1261 2694 Moagetes,
1282 2659 1437 2695 tyrannus
1459 2654 1608 2694 Cibyrae,
1631 2654 1754 2694 cogitur

1123 2702 1252 2728 centum
1284 2698 1419 2734 talenta,
1445 2700 1477 2727 et
1507 2698 1618 2727 decem
1648 2696 1753 2727 millia

1123 2739 1323 2770 medimnum
1347 2739 1499 2770 frumenti
1522 2740 1662 2779 pendere
1685 2739 1751 2770 Ro-

1122 2783 1227 2813 manis
1243 2784 1294 2821 38,
1314 2792 1360 2820 14.

1082 2826 1116 2856 Μ
1121 2826 1319 2865 oeuicaptus,
1334 2825 1503 2856 Gallorum
1517 2825 1655 2865 regulus,
1665 2823 1751 2856 cadit

1122 2868 1153 2898 in
1172 2868 1292 2908 proelio
1311 2877 1361 2907 24,
1377 2878 1427 2907 42.

1082 2911 1240 2949 Molossis,
1259 2910 1349 2951 Epiri
1365 2910 1451 2951 regio
1467 2911 1498 2950 8,
1516 2919 1565 2949 24.
1590 2918 1642 2949 45,
1659 2908 1708 2941 26.

1878 2675 1884 2699 -›
1875 2569 1888 2663 vnto»-
1871 2523 1881 2559 ff..

1843 3092 1856 3110 fl

1856 3046 1888 3194 Q:
1865 2982 1888 3036 21:
1870 2923 1883 2970 ¹:1-
1866 2854 1888 2916 ’rx->3⁷
1866 2810 1879 2834 ·,.
1868 2782 1885 2799 :-
