1888 3194
643 191 1070 234 KREYSSIGII.
1471 195 1552 233 341

160 282 322 339 ἡμέρας
353 299 400 324 τε
435 281 508 323 καὶ
540 278 703 330 νυκτὸς,
737 280 810 321 καὶ
841 279 946 337 δίχα
976 278 1210 324 κωλύσεως
1243 279 1466 321 εἰσιόντων
1497 279 1556 324 εἰς

161 339 294 385 αὐτὰς
323 340 406 380 τῶν
433 337 730 390 βουλομένων,
760 337 859 380 οὔτε
890 340 1040 394 χρῆμα
1070 336 1193 379 οὐδὲν
1223 336 1556 378 ἀπολωλεκέναι

161 413 226 439 τις
263 395 494 451 ᾐτιάσατο,
534 394 632 436 οὔτε
670 393 908 447 ἠδικῆσθαί
940 411 1036 437 τινα
1074 393 1144 436 ὑπ’
1182 392 1365 438 οὐδενὸς.
1409 392 1554 434 καίτοι

160 452 312 496 πολλὰ
351 451 497 508 φέρειν
537 450 753 494 εἰωθότων
790 454 1032 505 πλημμελῆ
1074 451 1147 494 καὶ
1186 450 1423 507 παράνομα
1468 451 1555 491 τῶν

161 509 373 566 ἑορτάδων
399 510 560 566 καιρῶν
590 509 660 551 διὰ
690 509 768 552 τὰς
797 509 943 563 μέθας.
1007 509 1073 550 Ex
1107 509 1172 551 his
1204 508 1428 565 multiplex
1455 521 1553 548 sane

160 567 318 609 utilitas
347 567 557 609 redundat
587 568 633 608 in
662 567 803 609 locum
825 567 917 608 Liv.
942 567 994 608 V.
1023 570 1086 608 13.
1116 567 1189 608 ubi
1210 566 1263 608 de
1292 565 1443 607 eodem
1470 564 1556 606 lec-

160 625 350 666 tisternio
384 624 489 666 haec
523 634 771 666 narrantur:
818 624 1029 666 ‘Tristem
1065 624 1248 673 hiemen,
1282 624 1368 665 sive
1402 636 1456 663 ex
1491 622 1557 662 in-

162 682 393 738 ‘temperie
415 682 534 732 coeli,
555 682 708 739 raptim
729 682 962 724 mutatione
983 682 1028 723 in
1049 681 1306 724 contrarium
1326 680 1448 729 facta,
1469 679 1556 720 sive

163 745 175 764 ‘
190 739 357 796 aliaqua
376 739 429 781 de
451 755 606 789 caussa,
628 740 763 796 gravis
783 739 1069 796 pestilensque
1091 739 1286 781 omnibus
1307 736 1557 779 animalibus

163 802 323 839 ‘aestas
357 797 536 854 excepit.
602 796 737 839 Cuius
778 797 1000 839 insanabili
1041 797 1227 854 pernicie
1264 795 1435 852 quando
1477 809 1558 835 nec

164 860 335 896 ‘caussa
366 869 446 896 nec
478 855 574 896 finis
605 855 911 904 inveniebatur,
945 855 1040 896 libri
1075 853 1272 911 Sibyllini
1303 868 1358 895 ex
1389 860 1559 894 senatus

164 917 177 936 ‘
192 911 383 954 consulto
419 911 523 953 aditi
557 921 666 954 sunt.
740 912 968 954 Duumviri
1003 912 1128 953 sacris
1163 910 1383 960 faciundis,
1419 909 1559 951 lectis-

164 975 177 994 ‘
193 969 329 1011 ternio
355 978 455 1010 tunc
480 970 664 1026 primum
693 970 736 1010 in
765 970 867 1011 urbe
891 969 1087 1022 Romana
1106 969 1228 1018 facto,
1250 983 1327 1025 per
1346 968 1436 1009 dies
1463 974 1559 1008 octo

165 1026 452 1083 ‘Apollinem,
496 1026 788 1083 Latonamque
829 1035 872 1068 et
913 1027 1110 1076 Dianam,
1154 1025 1398 1075 Herculem,
1441 1023 1560 1066 Mer—

165 1084 356 1126 ‘curium
391 1093 518 1140 atque
556 1083 810 1140 Neptunum
846 1084 978 1125 tribus
1013 1098 1141 1140 quam
1177 1083 1431 1139 amplissime
1468 1090 1560 1123 tum

164 1141 383 1197 ‘apparari
413 1150 591 1197 poterat,
614 1141 750 1182 stratis
780 1141 899 1182 lectis
927 1141 1156 1197 placavere.
1219 1140 1423 1181 Privatim
1455 1153 1562 1195 quo-

163 1204 175 1222 ‘
191 1213 274 1254 que
309 1197 355 1238 id
389 1212 553 1239 sacrum
589 1197 846 1239 celebratum
881 1207 954 1239 est.
1033 1198 1145 1239 Tota
1179 1198 1283 1238 urbe
1319 1197 1562 1253 patentibus

164 1261 176 1280 ‘
192 1255 341 1305 ianuis,
377 1255 701 1312 promiscuoque
737 1271 817 1296 usu
850 1270 992 1296 rerum
1027 1255 1219 1296 omnium
1254 1254 1298 1294 in
1340 1252 1563 1310 propatulo

165 1312 342 1369 ‘posit0,
378 1321 500 1354 notos
542 1313 792 1369 ignotosque
833 1313 987 1369 passim
1029 1311 1212 1353 advenas
1250 1311 1296 1352 in
1331 1310 1563 1367 hospitium

165 1369 342 1412 ‘ductos
372 1370 539 1420 ferunt3
577 1379 620 1412 et
650 1385 747 1412 cum
780 1370 962 1412 inimicis
993 1385 1164 1427 quoque
1198 1368 1382 1425 benigne
1415 1382 1463 1409 ac
1494 1382 1565 1408 co-

166 1427 319 1469 ‘miter
352 1443 565 1469 sermones
599 1427 778 1478 habitos,
812 1427 957 1484 iurgiis
992 1442 1040 1469 ac
1075 1427 1220 1469 litibus
1255 1433 1563 1482 temperatum3

168 1485 347 1526 ‘vinetis
413 1500 553 1541 uoque
594 1485 767 1542 dempta
808 1485 854 1526 in
896 1501 967 1527 eos
1003 1484 1094 1527 dies
1129 1483 1324 1533 vincula3
1373 1482 1567 1539 religioni

169 1541 352 1584 ‘deinde
406 1543 526 1592 uisse,
560 1543 714 1598 quibus
746 1557 839 1584 eam
873 1558 996 1599 opem
1030 1542 1091 1584 dii
1127 1541 1333 1591 tulissent,
1369 1539 1569 1582 vinciri³.’

170 1599 360 1642 Primum
400 1599 515 1640 enim
554 1601 705 1641 verba:
749 1599 932 1642 Πείσων
971 1599 1016 1641 δὲ
1056 1599 1078 1641 ὁ
1120 1598 1354 1653 Τιμητικὸς
1393 1598 1440 1640 ἐν
1479 1599 1569 1639 τοῖς

170 1656 400 1699 ἐνιαυσίοις
435 1657 708 1712 ἀναγραφαῖς
741 1657 813 1698 καὶ
842 1655 960 1699 ταῦτ’
993 1656 1057 1699 ἔτι
1081 1656 1395 1713 προστίθησιν,
1425 1664 1568 1711 aperte

169 1715 339 1763 docent,
363 1714 532 1755 Livium
555 1715 657 1756 haec
686 1715 829 1755 omnia
855 1730 907 1756 ex
939 1714 987 1755 L.
1010 1714 1232 1770 Calpurnii
1254 1713 1420 1755 Pisonis
1440 1711 1571 1768 Frugi

170 1772 256 1813 sive
290 1772 483 1814 Censorii
518 1771 750 1822 annalibus,
782 1787 888 1827 quos
918 1772 1032 1813 idem
1065 1771 1135 1813 lib.
1161 1770 1194 1812 I.
1219 1774 1287 1813 55.
1316 1770 1386 1812 lib.
1418 1769 1475 1811 II.
1499 1773 1568 1811 58.

172 1830 241 1871 lib.
268 1830 346 1871 lx.
369 1833 439 1871 44.
463 1829 533 1871 lib.
559 1831 615 1871 X.
641 1833 678 1871 9.
702 1839 743 1871 et
766 1829 1012 1871 liu-XXV.
1038 1832 1105 1871 39.
1139 1827 1495 1877 commemoravit,
1526 1827 1572 1868 in

216 1969 233 1999 3
258 1960 424 1990 Subiiccrc
441 1960 565 1999 placuit
588 1961 735 1991 lectionis
752 1961 849 1991 varie-

172 2008 272 2035 tatem
287 2013 326 2033 ex
339 2003 420 2034 Cod.
434 2003 604 2042 Lipsiensi‚
615 2004 656 2033 de
669 2014 732 2042 quo
744 2004 850 2033 dicum

174 2051 297 2086 postea,
307 2045 478 2085 diligenter
490 2050 669 2081 enotutnm,
681 2051 712 2075 ut
724 2046 852 2082 saltem,

173 2098 270 2128 quam
295 2087 373 2118 levis
395 2087 450 2118 illa
471 2087 523 2120 sit.
540 2098 578 2118 ex
597 2088 658 2118 hoc
674 2088 852 2128 specimine

173 2130 415 2169 intelligeretur.
440 2130 550 2168 Coeli]
565 2130 852 2161 omissum.—six·e

174 2172 238 2204 alia
248 2173 329 2211 qua]
342 2174 411 2204 sine
422 2174 591 2213 ‹1qu11a.—
600 2172 770 2203 insanabili
785 2183 851 2212 per-

176 2215 276 2253 nicie]
301 2215 478 2245 insanalibi
495 2217 628 2255 penitie.
676 2215 817 2246 Literum
835 2227 852 2245 r

178 2257 336 2287 vocabulo
349 2259 473 2297 pernitie
494 2268 610 2288 manus
630 2258 789 2288 recentior
806 2258 851 2288 in-

177 2299 428 2338 semin—zumi]
443 2301 678 2331 adam—tunc
693 2301 849 2340 primum]

178 2348 244 2373 tum
259 2343 413 2383 primum,
426 2352 498 2372 cum
515 2343 587 2373 aliis
602 2344 690 2383 apud
706 2343 853 2374 Draken-

179 2385 286 2415 borch.
299 2402 340 2409 -
356 2385 572 2424 amplissime]
605 2387 801 2426 applissv'me.
813 2404 855 2408 —

178 2427 302 2465 stratis]
325 2429 701 2464 statim—celebratum,
723 2430 855 2460 cellelm-

179 2476 256 2502 tum.
275 2470 434 2501 Literarn
441 2471 618 2502 recentiore
629 2481 727 2502 manu
739 2472 857 2502 inserta

179 2518 284 2544 est.·—
294 2523 352 2543 usu
364 2524 468 2544 rerum
480 2513 625 2544 omnium
638 2514 668 2544 in
684 2514 857 2554 propatulo

181 2555 297 2596 posito,
340 2561 433 2586 notos
478 2556 683 2596 ignotosque]
731 2557 856 2587 omissa.

182 2599 295 2635 Quum
318 2604 448 2639 propter
463 2597 702 2636 ὁμοιοτέλευτον
723 2599 857 2630 excidis-

181 2645 264 2676 sent,
288 2652 308 2671 n
331 2651 428 2672 manu
453 2642 630 2672 recentiore
657 2642 688 2672 iu
717 2642 860 2681 margine

182 2683 335 2723 mppleta
386 2689 471 2716 sunt.
487 2702 526 2706 —
546 2686 669 2723 ferunt]
705 2686 859 2723 suerunt.

186 2725 305 2757 Postea
323 2726 416 2766 priori
436 2738 455 2757 u
473 2727 537 2757 duo
555 2732 676 2766 puncta
697 2732 769 2758 sunt
789 2728 859 2757 sul»

187 2767 478 2807 imme-hnbitns]
496 2769 788 2809 habiti.—i11rgiis]
808 2780 860 2800 nr-

184 2811 258 2850 yo’u’s.
311 2812 374 2842 Sed
408 2821 522 2842 manua
553 2812 711 2843 recentior
736 2811 863 2842 addidit

190 2851 313 2883 literam
331 2854 354 2889 i,
369 2864 388 2884 a
406 2854 609 2893 praecedenti
631 2855 787 2885 vocabulo
808 2856 862 2884 lm-

190 2895 246 2924 hm
277 2894 499 2935 interceptum.
512 2914 553 2918 -—
568 2897 698 2935 vinctis]
736 2898 864 2927 ium-tis.

195 2936 355 2967 Punctum
379 2937 489 2968 literne
512 2938 642 2969 initiastis
658 2949 782 2969 erasum
806 2944 864 2971 ost,

896 1965 931 1990 ut
944 1961 1062 1991 uinclis
1077 1957 1427 1997 legatum-religioni]
1447 1958 1574 1997 reliyio-

896 2014 979 2037 uem,
1003 2013 1077 2032 cum
1101 2003 1182 2033 cod.
1202 2001 1312 2032 Veith.
1335 2006 1367 2031 et
1391 2000 1463 2030 aliis
1485 2000 1573 2039 apud

899 2044 1262 2082 s)rakcnborc}1.—diij
1281 2043 1444 2073 omissum.
1479 2043 1577 2073 Prae-

896 2092 983 2118 terea
1008 2088 1038 2117 in
1066 2087 1126 2118 Ed.
1146 2088 1276 2117 Asceim.
1298 2096 1326 2117 a.
1351 2094 1440 2123 ¹5¹3-
1464 2089 1575 2124 postea

896 2141 924 2161 a.
947 2129 1036 2169 1516.
1059 2129 1209 2168 repetita,
1225 2139 1321 2168 quam
1338 2139 1357 2158 a
1376 2127 1457 2158 Livii
1475 2127 1575 2157 edito-

897 2172 983 2203 ribus
1004 2172 1165 2202 immerito
1189 2172 1370 2211 neglectam
1391 2180 1470 2205 csse,
1488 2169 1574 2200 Mul-

898 2215 982 2246 lerus
998 2214 1029 2245 in
1048 2215 1140 2245 Ohss.
1159 2214 1367 2245 Livinnarum
1388 2211 1575 2252 specimine,

897 2257 1007 2294 Chae,
1039 2258 1128 2297 1789.
1157 2256 1316 2296 exemplis
1342 2255 1465 2291 docuit,
1491 2255 1576 2285 hune

899 2300 1047 2331 lectionis
1091 2299 1309 2330 diversitatem
1355 2297 1574 2338 deprehendi:

898 2343 1020 2374 tristem
1039 2342 1178 2373 hiemem
1196 2342 1279 2379 sive]
1298 2343 1437 2380 hyemem
1455 2342 1575 2371 tristem

898 2386 1094 2417 sem-sive
1120 2385 1185 2416 alin
1211 2386 1291 2423 qua]
1317 2386 1384 2415 sive
1408 2385 1475 2414 alia
1499 2393 1577 2423 qua-

899 2439 1046 2469 cumque,
1070 2438 1142 2458 cum
1172 2427 1243 2458 aliis
1268 2427 1356 2457 libris
1381 2426 1469 2465 apud
1496 2426 1576 2456 Dra-

902 2471 1075 2502 kenborch.
1087 2488 1126 2493 ——
1140 2470 1352 2507 lectisternio]
1372 2469 1578 2500 lectisternia.

901 2532 940 2536 -—
953 2515 1055 2552 meto]
1067 2514 1172 2552 suctu.
1211 2513 1394 2551 Utrumque
1406 2511 1490 2542 uliae
1502 2522 1578 2550 quo-

902 2567 965 2596 que
978 2556 1137 2586 editiones
1150 2556 1346 2586 otl'eruut.—
1356 2555 1580 2593 Latonamque

903 2601 953 2637 et]
985 2600 1134 2630 ΙΛιΙοηεηι
1162 2598 1474 2637 οΙ-ίιῐιηιΙίωἰιιιυ]
1508 2597 1580 2626 lloc

906 2642 936 2672 in
963 2646 1076 2672 textu:
1109 2642 1141 2672 in
1166 2651 1262 2679 marg.
1287 2642 1438 2680 piissime.
1488 2640 1580 2669 l'rue-

906 2685 1023 2715 cedens
1047 2695 1141 2724 quam
1172 2684 1280 2714 literas
1305 2694 1355 2713 am
1387 2682 1581 2720 intercepit:

905 2738 969 2766 quo
993 2727 1091 2764 theto,
1105 2727 1245 2767 plis-sime
1265 2725 1360 2756 sut-ile
1384 2725 1414 2755 iu
1439 2726 1582 2764 piissime·

907 2774 1068 2800 mutatum
1101 2768 1335 2807 usn—iurgiis
1371 2769 1425 2805 ue]
1467 2768 1582 2805 inryiis

906 2817 1012 2853 atquc.
1026 2830 1066 2834 -
1079 2812 1122 2843 dii
1138 2811 1304 2849 tulissent]
1329 2811 1527 2842 detulissent,
1543 2808 1582 2837 de

909 2866 972 2893 qun
998 2854 1146 2885 lectionis
1168 2854 1321 2885 varietate
1349 2853 1409 2884 vid.
1437 2851 1581 2882 Draken-

911 2897 1020 2928 borch.
1037 2897 1086 2929 nd.
1106 2897 1135 2928 h.
1156 2897 1173 2927 Ι.
