1888 3194
561 162 689 205 LIB.
722 161 888 203 XLIV.
930 161 1077 203 CAP.
1111 166 1179 204 33.
1490 166 1567 206 151

177 261 309 296 castra
342 252 597 294 afferebant:
640 250 760 292 miles
791 251 926 291 iussus
960 265 1015 291 ex
1048 251 1300 307 propinquis
1334 251 1460 301 silvis,
1497 253 1570 294 be·
1584 260 1628 292 U.
1644 259 1684 292 c.
1706 260 1780 300 584.

176 311 220 352 ni
252 325 305 352 ne
326 310 349 332 ⁴*
370 309 393 332 *
417 307 552 366 [ligna
570 317 727 364 petere.
789 307 896 349 Inde
918 316 1121 349 structum
1143 307 1312 358 vallum,
1329 323 1570 365 propugna-
1583 303 1622 334 A.
1646 303 1685 334 C·
1709 301 1782 335 ¹⁶8·

176 382 227 409 cu
246 382 272 408 a
300 366 503 414 excitata3
545 365 719 407 adiectis
752 365 936 406 turribus
967 364 1261 421 dispositisque
1294 365 1451 420 ubique
1486 375 1569 407 tor-

176 424 341 473 mentis,
376 423 434 464 ita
468 423 603 479 ripam
638 421 936 472 defendebant,
971 431 1018 463 ut
1052 431 1271 478 penetrare
1310 421 1441 463 hostis
1479 422 1568 464 sine

175 480 290 537 gravi
312 479 540 522 certamine
562 489 605 521 et
624 479 811 536 periculo
832 494 918 521 non
939 488 1091 535 posset.
1157 478 1226 520 Sic
1255 487 1392 520 tutum
1421 493 1464 520 se
1496 479 1570 520 ad-

175 552 318 579 versus
348 552 517 579 omnem
550 537 839 578 Romanorum
870 537 1076 593 impetum
1106 535 1193 578 fore
1224 536 1475 585 confidebat,
1505 551 1570 577 se-

175 594 403 650 dendoque
444 604 487 636 et
526 594 644 651 segni
684 609 800 635 mora
839 593 1169 650 languescentes,
1204 602 1294 634 tum
1334 593 1570 649 sumptibus

175 651 401 694 exhaustos
427 651 568 693 hostes
594 651 763 693 tandem
787 651 973 693 taedium
995 660 1080 692 tarn
1102 650 1281 692 difficilis
1302 650 1401 692 belli
1422 659 1570 707 captu-

175 724 280 751 rum.
343 708 516 750 Paullus
551 718 708 759 eontra,
744 723 828 765 quo
865 708 1108 765 diligentius
1148 716 1192 749 et
1231 708 1393 749 cautius
1429 708 1571 749 omnia

175 766 289 823 apud
317 765 576 808 Macedonas
608 766 772 823 provisa
802 775 845 808 et
872 765 1081 807 custodita
1115 766 1325 815 cernebat,
1352 780 1402 806 eo
1435 765 1570 807 aerius

176 839 319 866 curam
347 824 581 873 intendere,
605 825 648 865 in
674 839 820 865 omnes
847 833 987 880 partes
1015 838 1176 864 versare
1206 823 1407 871 animum,
1430 823 1464 863 si
1485 837 1570 878 quo

175 881 350 923 consilio
381 881 570 922 frustrari
598 881 781 923 hostium
817 896 934 937 spem
966 880 1080 922 haud
1107 880 1160 921 de
1185 880 1318 921 nihilo
1346 894 1444 921 sane
1469 895 1569 921 eon-

176 948 341 995 ceptam
376 948 526 995 posset.
593 939 796 980 Ceterum
836 953 1033 995 praesens
1065 947 1155 987 tum
1188 937 1346 978 malum
1376 937 1569 993 angebat,

175 1011 379 1052 aquarum
419 996 606 1052 penuria.
671 995 903 1037 Exaruerat
943 1010 1078 1051 paene
1119 995 1361 1051 proximum
1396 994 1569 1043 flumen,

175 1053 256 1094 nisi
314 1052 400 1094 uod
427 1054 546 1094 iuxta
577 1053 715 1109 ipsum
746 1067 859 1094 mare
893 1053 1047 1108 exigua
1078 1061 1121 1093 et
1150 1060 1347 1108 corrupta
1375 1051 1572 1092 manabat

175 1124 341 1166 aquua.

235 1166 412 1217 Consul,
433 1182 566 1223 quum
587 1167 700 1208 missi
721 1166 831 1208 circa
849 1167 1090 1223 propinqua
1116 1165 1208 1207 loca
1235 1165 1395 1207 nullam
1417 1180 1569 1222 aquam
1647 1166 1715 1205 33.

147 1239 160 1261 1
175 1224 355 1266 inveniri
375 1223 702 1280 renuntiarent,]
719 1224 741 1245 *
759 1224 781 1245 *
798 1224 1000 1274 conferre,
1020 1232 1231 1280 postremo
1252 1223 1371 1279 sequi
1392 1237 1434 1264 se
1457 1231 1570 1264 utra·
1583 1221 1722 1252 Inventa

175 1282 258 1324 rios
279 1281 332 1323 ad
353 1297 479 1332 mare,
502 1282 618 1338 quod
639 1282 778 1323 minus
800 1290 1010 1323 trecentos
1030 1295 1174 1337 passus
1196 1281 1350 1329 aberat,
1373 1280 1504 1330 iussit,
1527 1289 1570 1321 et
1581 1274 1675 1304 aqua.

175 1339 221 1380 in
241 1339 362 1381 litore
384 1339 487 1381 alios
508 1339 607 1380 alibi
636 1339 811 1380 modieis
836 1338 1064 1380 intervallis
1083 1338 1240 1380 fodere.
1304 1337 1478 1379 Montes
1505 1337 1572 1378 in-

175 1397 313 1454 gentis
353 1396 588 1438 altitudinis
628 1411 745 1453 spem
785 1396 1006 1446 faciebant,
1044 1411 1095 1437 eo
1131 1395 1263 1452 magis
1295 1395 1396 1451 quia
1434 1393 1572 1436 nullos

145 1445 342 1519 {apertos
374 1463 622 1511 evergerent
654 1454 776 1503 rivos,
810 1453 996 1495 occultos
1028 1453 1244 1495 continere
1276 1452 1434 1502 latices,
1466 1467 1573 1550 (Ψο-

146 1527 271 1560 4rum
291 1527 422 1553 venae
448 1512 493 1552 in
516 1526 630 1552 mare
662 1520 957 1568 permanantes
978 1510 1117 1552 undae
1139 1511 1426 1552 miscerentur.
1528 1510 1572 1550 ix

177 1569 352 1610 diducta
391 1584 554 1610 summa
593 1584 719 1610 arena
757 1577 858 1618 erat,
893 1583 1025 1624 quum
1066 1567 1341 1623 scaturigines
1381 1565 1573 1608 turbidae

177 1626 314 1683 primo
345 1635 387 1668 et
418 1636 567 1668 tenues
597 1626 790 1675 emicare,
819 1625 917 1666 dein
949 1625 1154 1681 liquidam
1186 1624 1447 1680 multamque
1478 1623 1575 1665 fun-

179 1684 278 1726 dere
301 1699 465 1740 aquam,
488 1683 605 1724 velut
625 1683 753 1724 deum
775 1682 900 1732 dono,
924 1691 1165 1738 coeperunt.
1222 1681 1503 1737 Aliquantum
1524 1696 1576 1722 ea

211 1757 350 1797 uoque
372 1756 436 1783 res
457 1741 554 1782 duci
576 1741 709 1781 famae
740 1749 783 1781 et
813 1739 1073 1781 auctoritatis
1098 1738 1211 1795 apud
1234 1738 1386 1780 milites
1407 1738 1572 1780 adiecit.

179 1758 308 1840 Passis
340 1799 494 1840 deinde
527 1797 729 1839 militibus
764 1797 963 1853 expedire
993 1812 1120 1845 arma,
1147 1796 1158 1836 i
1192 1811 1234 1837 se
1267 1811 1362 1836 cum
1395 1795 1575 1837 tribunis

148 1872 165 1903 5
179 1856 408 1914 primisque
430 1855 647 1896 ordinibus
669 1854 782 1895 vadit
803 1854 856 1895 ad
878 1811 1224 1910 contempland'os
1246 1853 1467 1901 transitus;
1490 1867 1576 1908 qua

178 1914 402 1956 descensus
423 1913 554 1954 facilis
575 1912 757 1961 armatis,
781 1927 866 1966 qua
893 1912 936 1952 in
966 1911 1206 1952 ulteriorem
1238 1911 1370 1966 ripam
1401 1910 1574 1952 minime

179 1972 349 2027 iniquus
381 1985 575 2012 ascensus
606 1978 725 2011 esset.
790 1968 871 2010 His
901 1968 998 2009 satis
1031 1968 1269 2024 exploratis,
1304 1967 1374 2008 illa
1404 1982 1575 2023 quoque

178 2029 374 2086 primum,
401 2037 448 2069 ut
479 2027 625 2069 ordine
657 2042 704 2068 ac
735 2026 824 2069 sine
862 2025 1047 2067 tumultu
1074 2025 1217 2066 omnia
1249 2025 1293 2065 in
1324 2025 1490 2080 agmine
1522 2023 1576 2065 ad

179 2095 329 2128 nutum
353 2085 663 2142 imperiumque
685 2083 804 2125 ducis
827 2083 988 2132 fierent,
1013 2082 1207 2139 providit.
1271 2081 1359 2123 Ubi
1381 2081 1576 2122 omnibus

178 2143 302 2185 simul
338 2143 694 2200 pronuntiaretur,
729 2140 844 2197 quod
878 2141 1014 2189 fieret,
1047 2155 1187 2196 neque
1219 2154 1366 2180 omnes
1401 2138 1577 2180 exaudi-

147 2210 297 2251 6rent3
330 2201 490 2242 incerto
511 2199 688 2256 imperio
709 2214 805 2240 acce
823 2207 898 2248 ›to,
920 2197 1034 2247 alios,
1057 2198 1108 2238 ab
1130 2212 1172 2238 se
1202 2197 1460 2246 adiicientes.
1483 2195 1577 2252 plus

179 2274 244 2309 eo,
266 2258 382 2315 quod
413 2258 664 2314 imperatum
696 2257 761 2306 sit,
788 2213 890 2297 alios
921 2255 1060 2296 minus
1087 2255 1247 2296 facere:
1281 2253 1482 2295 clamores
1503 2252 1578 2294 de-

180 2315 279 2357 inde
311 2316 499 2357 dissonos
532 2314 630 2355 oriri
664 2313 859 2355 omnibus
891 2313 1005 2362 locis,
1038 2321 1081 2353 et
1113 2312 1228 2368 prius
1263 2311 1416 2360 hostes,
1449 2325 1577 2367 quam

179 2374 304 2430 ipsos,
327 2373 431 2429 quid
462 2381 642 2429 paretur,
671 2372 787 2412 scire.
851 2370 1023 2412 Placere
1055 2370 1196 2425 igitur,
1220 2369 1437 2410 tribunum
1468 2367 1577 2408 mili-

151 2440 271 2476 7tum
302 2431 438 2487 primo
465 2429 550 2486 pilo
579 2428 755 2485 legionis
775 2437 981 2470 secretum
1007 2427 1132 2468 edere
1162 2426 1408 2483 imperium:
1443 2425 1577 2475 illum,

228 2581 239 2602 ι
264 2571 427 2608 lftrarios]
457 2569 607 2609 Intellige
625 2568 782 2603 homines,
798 2567 852 2607 qui
942 2576 958 2606 5
985 2569 1169 2608 I'rimisqne
1184 2567 1369 2604 ordinibus]
1395 2566 1576 2597 Primorum

183 2614 306 2645 utribus
328 2614 394 2643 sive
419 2612 558 2652 pellibus
582 2612 712 2642 hircinis
733 2621 852 2651 aquam
898 2610 1046 2641 ordinum
1064 2609 1315 2640 centurionibus.
1340 2610 1379 2640 cf.
1397 2619 1482 2649 supr.
1500 2618 1576 2638 xxx.

181 2657 214 2688 in
232 2661 334 2687 castra
352 2656 531 2696 portabant.
560 2655 667 2685 Domi.
901 2665 930 2692 4.
955 2652 1063 2684 Cifflv.

227 2708 243 2730 2
269 2700 485 2737 Iit-emerent]
515 2697 719 2727 Emitterent.
745 2696 855 2727 Domi.
943 2695 963 2726 6
986 2696 1036 2725 Ab
1063 2706 1096 2726 se
1123 2695 1327 2732 ‹adiicietur-s]
1360 2694 1423 2724 Pro
1448 2704 1505 2723 suo
1529 2702 1576 2722 nr-

226 2751 244 2780 3
269 2741 458 2778 ebneinere]
499 2741 665 2770 Carnium·
696 2740 777 2769 sorte
813 2739 855 2768 le-
901 2738 995 2768 bitrio
1013 2737 1136 2777 aliquid
1154 2738 1193 2768 ud
1211 2742 1383 2776 acceptum
1407 2734 1575 2775 imperium

203 2785 322 2815 endum
347 2783 512 2815 coniecere
536 2782 702 2814 Dmkenb.
728 2787 758 2813 et
787 2781 854 2812 Du·
901 2791 939 2811 cx
957 2792 990 2811 se
1006 2780 1205 2810 adiicientes.

182 2794 251 2858 {etz
946 2832 962 2862 7
988 2824 1100 2854 l’rimo
1127 2824 1211 2863 pilo]
1251 2820 1442 2854 Centurioni
1475 2819 1577 2859 primo

227 2879 246 2905 4
273 2869 403 2907 Undae]
431 2868 582 2910 Intellige
598 2869 693 2899 undis
710 2868 855 2898 marinio.
902 2866 1022 2906 pilano.

185 2911 291 2941 (ἷκεν.
