1888 3194
415 189 468 228 64
927 186 1075 229 ΤΙΤΙ
1118 187 1294 229 LIVII

209 293 253 325 U.
274 295 311 326 C
330 294 401 333 581
413 279 661 344 praecipites
691 279 743 321 ad
773 280 966 321 novanda
986 280 1127 322 omnia
1151 281 1320 336 agebat3
1354 279 1557 336 quosdam
1577 286 1828 322 ventosum8

206 337 246 368 Α·
270 337 309 369 C
334 345 402 376 171
394 352 645 402 ingenium,
668 337 767 402 quia
787 337 962 378 Perseus
993 337 1123 393 magis
1148 353 1270 379 aurae
1298 337 1508 394 popularis
1528 347 1628 378 erat.
1690 336 1828 389 Ter-9

414 395 472 436 tia
502 410 609 451 pars,
641 395 798 460 optima
829 395 975 436 eadem
1006 404 1048 436 et
1077 395 1410 451 prudentissima,
1438 410 1472 436 sl
1504 395 1649 450 utique
1679 393 1794 450 optio

414 452 574 494 domini
601 453 772 517 potioris
793 451 973 502 daretur,
996 453 1072 493 sub
1096 453 1309 502 Romanis,
1333 468 1458 508 quam
1479 452 1555 493 sub
1577 467 1685 508 rege,
1708 466 1795 492 ma-

413 509 525 551 lebat
552 525 662 551 esse:
697 510 730 550 si
761 509 938 550 liberum
968 510 1065 550 inde
1098 510 1313 551 arbitrium
1338 510 1526 551 fortunae
1549 519 1669 558 esset,
1690 524 1795 550 neu-

415 577 519 608 tram
556 576 716 623 partem
749 567 943 608 volebant
976 568 1254 622 potentiorem
1287 567 1416 608 altera
1451 581 1646 623 oppressa
1676 566 1791 616 fieri3

414 625 500 674 sed,
522 625 689 666 illibatis
719 626 858 681 potius
885 624 1040 665 viribus
1070 626 1284 689 utriusque
1312 625 1452 680 partis,
1483 639 1629 680 pacem
1659 638 1713 665 ex
1743 639 1822 665 e01

414 679 592 723 manere.
656 682 721 722 Ita
751 682 859 722 inter
889 690 1085 736 utrosque
1117 682 1315 738 optimam
1341 682 1626 723 conditionem
1650 681 1794 722 civita-

413 740 518 780 tium
549 740 659 788 fore3
698 747 941 795 protegente
974 738 1103 779 altero
1138 754 1302 803 semper
1335 739 1504 795 inopem
1540 740 1590 780 ab
1626 738 1794 780 alterius

412 797 575 837 iniuria.
644 796 762 837 Haec
798 796 1036 844 sentientes,
1074 796 1301 836 certamina
1335 796 1542 837 fautorum
1577 795 1792 852 utriusque

412 855 539 910 partis
561 854 673 894 taciti
696 868 748 894 ex
770 861 860 893 tuto
881 861 1008 908 spect
999 853 1134 893 ibant

473 910 691 960 Consules,
715 925 798 965 quo
820 910 887 950 die
910 910 1195 966 magistratum
1226 910 1423 960 inierunt,
1446 925 1498 951 ex
1527 919 1794 952 senatuscon-

413 967 520 1009 sulto
542 983 673 1024 quum
701 983 809 1009 clrca
837 968 976 1008 omnia
999 967 1138 1017 fana,
1129 983 1172 1008 111
1194 968 1345 1024 quibus
1375 967 1676 1009 lectisternium
1706 983 1794 1009 ma-

411 1026 542 1067 iorem
564 1034 723 1082 paitem
740 1025 839 1066 anni
856 1040 943 1066 esse
960 1024 1076 1074 solet,
1092 1026 1315 1066 maioribus
1334 1025 1478 1066 hostiis
1497 1025 1791 1075 immolassent,

412 1083 510 1124 inde
541 1098 684 1139 preces
705 1098 797 1123 suas
818 1091 1007 1138 acceptas
1027 1083 1078 1124 ab
1100 1083 1179 1123 diis
1200 1083 1500 1124 immortalibus
1521 1083 1707 1133 ominati,
1729 1098 1793 1124 se-

411 1141 541 1190 natui,
573 1141 650 1181 rite
682 1140 970 1189 sacrificatum,
1001 1140 1367 1196 precationemque
1401 1140 1453 1182 de
1486 1140 1595 1182 bello
1626 1141 1791 1190 factam,

411 1199 716 1239 renuntiarunt.
779 1197 1033 1254 Haruspices
1062 1197 1121 1238 ita
1151 1198 1478 1253 responderunt:
1516 1197 1711 1254 ‘Siquid
1731 1198 1793 1239 rei

413 1261 570 1297 ‘novae
604 1255 870 1311 inciperetur,
904 1255 948 1295 id
983 1255 1275 1296 maturandum
1311 1271 1421 1296 esse:
1457 1255 1684 1306 victoriam,
1719 1255 1793 1296 tri-

203 1331 233 1360 S.
248 1331 285 1361 C.
299 1331 339 1360 ‹le
413 1319 424 1337 ‘
440 1314 658 1369 umphum,
675 1313 1017 1369 propagationem
1038 1312 1201 1368 imperii
1222 1313 1443 1369 portendi.'
1485 1313 1642 1363 Patres,
1659 1312 1792 1369 ‘quod
1805 1333 1824 1353 2

201 1373 335 1403 belloin
412 1371 619 1412 ‘faustum
650 1370 832 1426 felixque
864 1369 1020 1426 populo
1047 1369 1240 1411 Romano
1262 1379 1380 1419 esset,
1402 1371 1642 1412 centuriatis
1663 1371 1792 1411 comi-

205 1416 230 1445 P
234 1426 332 1446 ersea.
413 1429 507 1469 ‘tiis
537 1429 672 1485 primo
693 1443 861 1484 quoque
888 1428 955 1469 die
983 1427 1089 1468 ferre
1121 1428 1174 1468 ad
1203 1427 1406 1483 populum
1427 1428 1643 1478 consules,’
1663 1428 1793 1470 iusse-

410 1495 521 1536 runt,
558 1492 641 1535 ‘ut,
671 1486 786 1541 quod
813 1485 1002 1534 Perseus,
1025 1484 1209 1541 Philippi
1238 1485 1360 1535 filius,
1384 1484 1670 1526 Macedonum
1701 1500 1790 1536 rex,

413 1549 424 1567 ‘
440 1544 520 1584 adv
522 1559 636 1584 ersus
655 1543 802 1588 foedus
823 1558 917 1584 cum
939 1551 1055 1598 patre
1077 1542 1274 1598 Philippo
1295 1542 1438 1592 ictum,
1461 1551 1503 1584 et
1527 1558 1668 1584 secum
1698 1551 1792 1599 post

413 1607 425 1625 ‘
440 1610 618 1642 mortem
639 1600 727 1642 eius
748 1608 1004 1650 renovatum,
1027 1600 1148 1641 sociis
1174 1600 1319 1656 populi
1341 1599 1526 1641 Romani
1546 1615 1659 1642 arma
1679 1600 1792 1641 intu-

413 1664 424 1682 ‘
439 1659 563 1708 lisset,
582 1674 700 1714 agros
720 1667 929 1707 vastasset,
947 1658 1153 1712 urbesque
1175 1666 1438 1713 occupasset3
1474 1657 1671 1723 quodque
1692 1657 1792 1699 belli

412 1716 614 1772 ‘parandi
639 1715 832 1756 adversus
862 1714 1065 1779 populum
1088 1714 1328 1755 Romanum
1349 1714 1520 1756 consilia
1549 1715 1705 1766 inisset,
1727 1730 1792 1757 ar-

412 1779 519 1823 ‘ma,
547 1773 711 1822 milites,
737 1772 908 1813 classem
936 1787 1024 1813 01115
1055 1772 1115 1813 101
1145 1787 1267 1813 causa
1298 1781 1596 1829 comparasset3
1629 1781 1688 1822 ut,
1710 1773 1792 1814 nisi

413 1837 424 1854 ‘
439 1831 531 1872 de
521 1831 570 1872 115
597 1831 720 1872 rebus
751 1830 1022 1879 satisfecisset,
1045 1829 1200 1870 bellum
1222 1845 1318 1870 cum
1339 1845 1388 1870 eo
1410 1830 1595 1871 iniretur.
1601 1830 1610 1848 ’
1670 1829 1789 1872 Haec

265 1904 331 1942 31,
410 1889 569 1945 rogatio
601 1888 655 1929 ad
686 1887 889 1943 populum
916 1887 999 1927 lata
1026 1895 1098 1927 est.
1164 1886 1578 1927 Senatusconsultum
1608 1887 1707 1928 inde
1730 1887 1790 1928 fa-

411 1955 525 1987 ctum
545 1953 618 1994 est,
643 1950 655 1968 ‘
669 1945 730 1985 Ut
750 1943 940 1985 consules
961 1944 1071 1984 inter
1091 1958 1133 1984 se
1154 1944 1386 1999 provincias
1403 1943 1565 1985 Italiam
1586 1952 1628 1985 et
1644 1944 1790 1986 Mace-

412 2003 608 2043 ‘doniam
639 2009 938 2066 compararent,
967 2000 1273 2041 sorti1e·.ntu1ve
1339 2000 1423 2041 Cui
1444 2001 1697 2043 Macedonia
1717 2002 1790 2043 ob-

412 2060 630 2108 ‘venisset,
662 2067 709 2099 ut
738 2059 772 2099 is
801 2073 941 2113 regem
973 2057 1137 2107 Persea,
1165 2058 1322 2113 quique
1354 2058 1442 2099 eius
1473 2068 1627 2100 sectam
1657 2060 1791 2101 secuti

411 2123 424 2141 ‘
439 2125 588 2165 essent,
608 2116 687 2156 nisi
711 2115 866 2172 populo
890 2115 1082 2156 Romano
1103 2115 1405 2165 satisfecissent,
1427 2115 1537 2157 bello
1567 2131 1790 2173 perseque-

202 2192 382 2225 Exercitus
411 2180 423 2199 ‘
438 2183 563 2215 retur.
568 2174 577 2191 '
637 2173 845 2229 Legiones
865 2181 1062 2228 quattuor
1087 2188 1213 2213 novas
1233 2173 1355 2214 scribi
1377 2173 1546 2229 placuit,
1569 2174 1685 2216 binas
1704 2175 1790 2216 sin-

203 2252 359 2293 Legiones
409 2232 516 2288 gulis
537 2230 784 2272 consulibus.
847 2229 898 2270 Id
920 2230 1139 2286 praecipue
1161 2230 1396 2286 provinciae
1420 2230 1695 2273 Macedoniae
1716 2232 1819 2280 (111-3

203 2295 388 2326 Macedoni-
410 2298 512 2338 tum,
536 2288 663 2344 quod,
686 2303 816 2344 quum
847 2287 1013 2328 alteiius
1044 2287 1224 2329 consulis
1253 2287 1486 2344 legionibus
1506 2289 1636 2345 quina
1661 2289 1790 2331 millia

202 2348 258 2397 5²²0
274 2337 392 2368 auctio·
409 2355 452 2388 et
477 2346 630 2387 duceni
660 2345 822 2402 pedites
843 2361 895 2386 ex
917 2353 1055 2386 vetere
1084 2344 1274 2386 instituto
1305 2345 1544 2387 darentur
1533 2361 1578 2387 111
1607 2346 1789 2412 singulas

201 2391 258 2411 ms.
409 2404 638 2461 legiones,
628 2419 672 2444 111
694 2402 989 2444 Macedoniam
1010 2417 1109 2444 sena
1129 2402 1259 2443 millia
1278 2403 1470 2459 peditum
1499 2403 1622 2445 scribi
1651 2404 1785 2446 iussa·
1775 2436 1786 2455 ,
1801 2426 1821 2454 4

456 2562 475 2591 8
501 2562 657 2598 Quosdam
694 2566 856 2592 ventosum
892 2562 1074 2601 inyem'um]
1118 2562 1289 2600 yatz'onem,
1315 2562 1400 2600 quod
1426 2561 1514 2591 haud
1537 2561 1634 2593 dubie
1658 2563 1789 2593 mendo-

410 2604 545 2643 Supple,
561 2605 682 2643 agebat.
1121 2613 1191 2634 sum
1207 2606 1283 2634 erat.

452 2656 471 2687 9
493 2648 607 2677 Aurae
618 2647 788 2685 popularis
802 2647 888 2684 erat]
915 2647 1002 2676 Aura
1023 2656 1077 2686 po·
1164 2654 1180 2684 3
1205 2647 1246 2675 Id
1263 2646 1453 2685 praecipue]
1489 2647 1531 2676 Id
1547 2648 1719 2687 praecipui
1740 2657 1788 2677 re-

411 2689 831 2728 13111311111ο1’01)111111·,11111“110
847 2688 995 2728 populari
1008 2689 1078 2719 vela
1121 2687 1227 2728 posuit
1244 2687 1384 2718 Bekker.

411 2732 516 2762 dabat.
1164 2742 1183 2768 4
1204 2732 1287 2760 Sena
1303 2731 1403 2760 millia
1415 2731 1576 2769 peditum]
1603 2740 1645 2761 sc.
1663 2730 1786 2761 Decem

456 2784 469 2804 1
494 2775 548 2804 Em
563 2785 597 2804 eo
612 2774 756 2810 manere]
787 2772 947 2803 Crevierio
970 2774 1078 2813 placet
1121 2774 1252 2804 fortasse
1278 2772 1433 2810 cohortes,
1459 2772 1597 2812 singulas
1621 2777 1788 2803 sexcentos

411 2816 565 2847 Gronovii
588 2815 782 2852 coniectura,
797 2826 836 2845 ea*
853 2827 964 2856 aequo,
980 2826 1077 2855 quam
1121 2816 1240 2846 milites
1268 2815 1430 2845 habentes.
1476 2815 1578 2845 Moris
1607 2818 1674 2845 erat
1699 2816 1788 2855 apud

411 2859 580 2890 Bekkerus
594 2858 763 2897 amplexus
779 2861 834 2887 est.
1122 2859 1288 2889 Romanos
1303 2858 1430 2897 quando
1447 2857 1623 2896 legionibus
1640 2857 1787 2888 auctiori-

455 2911 470 2931 2
495 2902 765 2941 Propayationem
791 2901 934 2938 imperii]
972 2900 1025 2930 Ita
1048 2911 1077 2931 e-
1124 2902 1180 2931 bus
1215 2910 1295 2940 opus
1327 2903 1420 2938 esset,
1449 2909 1619 2930 numerum
1651 2900 1788 2932 hastato-

411 2943 572 2974 mendavit
590 2943 774 2974 Perizonius
797 2953 853 2982 pro
870 2943 952 2982 vulg.
967 2954 1077 2982 proro-
1121 2954 1195 2974 ‘rum
1222 2946 1254 2974 et
1276 2943 1474 2983 principum,
1503 2952 1628 2974 necnon
1657 2943 1789 2975 velitum
