1888 3194
562 147 688 189 LIB.
722 147 843 189 XLI.
885 147 1019 190 CAP.
1054 154 1121 191 28.
1487 155 1539 196 37

147 241 312 290 iterum,
337 239 387 282 C.
405 238 581 280 Cluvius
599 238 755 280 Saxula
774 239 938 280 iterum.
1004 239 1200 281 Comitiis
1221 240 1428 304 perfectis,
1451 242 1534 298 Ap.
1554 252 1597 284 U
1613 252 1652 284 C.
1674 253 1749 292 578-

150 297 354 341 Claudius
377 295 562 345 Centho,
583 310 637 337 ex
661 295 887 338 Celtiberis
914 312 965 338 ov
968 311 1042 338 3115
1062 312 1196 353 (11111111
1221 298 1267 338 111
1294 298 1441 339 urbem
1472 314 1536 340 m-
1551 295 1747 334 A.C.174.

144 355 237 405 iret,
269 354 417 396 decem
449 353 580 394 millia
610 353 753 410 pondo
787 354 961 409 argenti,
995 354 1184 411 quinque
1210 353 1340 396 millia
1373 355 1463 396 auri
1490 337 1700 398 inComitia

144 412 351 454 aerarium
383 411 490 454 tulit.
552 410 727 452 Flamen
758 411 894 453 Dialis
926 411 1199 468 inauguratus
1229 421 1293 454 est
1319 411 1400 454 Cn.
1427 413 1535 455 Cor-

142 469 291 512 nelius.

201 526 365 569 Eodem
397 542 508 568 anno
539 525 720 568 tabula
710 541 754 567 111
784 526 930 568 aedem
954 526 1106 569 Matris
1128 526 1322 569 Matutae
1344 542 1442 569 cum
1471 528 1535 569 in-
1548 539 1676 570 Tubuli
1693 539 1725 572 'm

141 584 236 626 dice
263 584 344 626 hoc
371 585 508 650 posita
533 592 618 626 est:
657 590 669 608 ‘
686 584 753 626 Ti.
772 583 1010 650 Sempronii
1034 584 1217 626 Gracchi
1245 585 1467 627 consulis
1456 600 1554 627 1111-
1547 583 1627 612 “¹⁴⁶⁰
1645 583 1715 612 Ma-

143 642 288 699 ‘perio
310 642 581 699 auspicioque
608 641 719 698 legio
747 642 1041 699 exercitusque
1062 642 1208 699 populi
1231 642 1416 684 Romani
1440 642 1535 685 Sal·
1547 624 1690 698 ῘῖἰζῃὲῙῗ

143 705 156 724 ‘
171 699 330 742 diniam
351 700 527 766 subegit.
590 677 676 741 Ino
670 715 719 742 ea
746 700 960 756 provmcia
980 700 1163 742 hostium
1185 715 1304 742 caesa
1323 709 1395 742 aut
1414 710 1535 758 capta
1548 710 1579 740 G
1582 710 1697 740 riccho

142 763 156 782 ‘
170 772 294 814 supra
315 758 529 815 octoginta
549 757 689 799 millia.
754 757 991 814 Republica
1004 757 1241 800 felicissime
1262 767 1391 815 gesta,
1405 767 1533 816 atque
1546 752 1662 793 posita.

108 821 156 859 8‘
170 815 354 858 liberatis
383 792 698 872 vectigalibus*
719 816 933 866 restitutis,
955 816 1189 858 exercitum
1219 816 1378 858 salvum
1406 826 1535 874 atque

142 879 155 898 ‘
169 873 424 916 incolumem
448 873 739 930 plenissimum
766 873 922 930 praeda
946 874 1120 915 domum
1148 874 1386 930 reportavit.
1449 874 1536 917 Ite-

141 936 155 956 ‘
169 946 263 973 rum
285 931 579 988 triumphans
569 947 614 972 111
635 931 783 973 urbem
805 931 986 973 Romam
1007 931 1143 973 rediit.

141 994 155 1014 ‘
168 988 278 1030 hanc
301 989 485 1031 tabulam
507 989 666 1030 donum
685 988 776 1030 Iovi
792 989 936 1031 dedit?

1196 931 1331 974 Cuius
1352 933 1412 974 rei
1433 948 1534 990 ergo

984 989 1200 1031 Sardiniae
1223 989 1382 1032 insulae
1402 990 1536 1032 forma

139 1054 240 1096 erat,
262 1055 389 1103 atque
411 1047 456 1087 in
477 1062 526 1088 ca
547 1046 768 1088 simulacra
787 1062 1023 1103 pugnarum
1043 1047 1166 1103 picta.

195 1103 382 1146 Munera
407 1103 688 1169 gladiatorum
720 1119 771 1146 eo
804 1119 915 1145 anno
948 1104 1109 1160 aliquot
1143 1120 1270 1160 parva
1301 1105 1382 1147 alia
1408 1106 1531 1155 data;

137 1177 272 1204 unum
305 1170 403 1204 ante
436 1171 575 1204 cetera
609 1177 772 1218 1n51gne
800 1161 880 1203 fuit
909 1162 959 1204 T.
979 1161 1218 1212 Flaminini,
1248 1162 1364 1219 quod
1389 1164 1534 1205 mortis

106 1235 127 1267 9
138 1235 261 1263 causa
281 1220 409 1276 patris
424 1219 501 1270 sui,
517 1235 613 1261 cum
629 1219 904 1261 visceratione
921 1219 1132 1277 epuloque
1149 1229 1193 1262 et
1212 1220 1323 1262 ludis
1344 1221 1532 1271 scenicis,

110 1296 123 1318 1
138 1277 409 1335 quatriduum
434 1277 562 1320 dedit.

627 1277 778 1334 Magni
807 1286 950 1319 tamen
980 1278 1165 1319 muneris
1186 1293 1236 1320 ea
1255 1294 1418 1320 summa
1438 1279 1532 1329 fuit,

107 1354 125 1376 2
139 1345 185 1378 ut
234 1351 280 1378 er
300 1336 488 1378 triduum
509 1343 708 1401 quattuor
727 1346 770 1377 et
790 1336 1056 1392 septuaginta
1076 1335 1269 1378 homines
1290 1337 1531 1393 pugnarint.

220 1394 334 1436 Finis
365 1394 491 1435 huius
523 1393 624 1435 anni
656 1393 831 1450 insignis
863 1403 926 1435 est
956 1409 1077 1444 nova,
1107 1409 1241 1459 eaque
1274 1394 1417 1451 magni
1443 1409 1534 1437 mo-

136 1452 271 1494 menti
298 1452 403 1509 lege,
426 1467 534 1508 quae
562 1467 648 1493 non
674 1451 763 1493 sine
793 1451 934 1508 aliquo
968 1462 1086 1493 motu
1115 1453 1352 1494 animorum
1378 1452 1535 1509 agitata

138 1510 349 1552 civitatem
383 1510 584 1558 exercuit.

649 1509 868 1551 Hactenus
899 1509 1076 1552 feminas
1112 1526 1197 1552 non
1226 1511 1378 1561 minus,
1406 1526 1534 1567 quam

138 1568 259 1617 viros,
280 1568 335 1609 ad
354 1567 609 1610 hereditates
629 1567 832 1609 admitti
822 1583 887 1608 1115
914 1568 1060 1610 fuerat.

1123 1568 1230 1610 Inde
1253 1568 1393 1619 fiebat,
1416 1577 1464 1610 ut
1483 1569 1533 1610 il-

139 1625 475 1668 lustrissimarum
515 1640 638 1682 saepe
675 1625 926 1666 familiarum
963 1626 1074 1667 bona
1113 1626 1157 1667 in
1194 1625 1350 1668 alienas
1386 1626 1533 1668 domos

140 1683 542 1733 transfunderentur,
565 1698 719 1740 magno
740 1698 837 1724 cum
861 1683 1115 1740 reipublicae
1137 1683 1306 1734 damno,
1329 1685 1448 1726 cuius
1469 1685 1533 1726 in-

182 1807 202 1837 8
232 1808 442 1846 Vectiyalibus
456 1808 472 1823 ⁴*
487 1808 660 1845 restitutis]
688 1806 812 1836 Vocem

138 1849 281 1888 aliquam
309 1850 418 1880 deesse
444 1849 627 1888 suspicatur
653 1849 813 1887 Sigonius,

138 1891 193 1931 qui
217 1896 288 1932 post
312 1892 521 1930 vectiyalibus
544 1902 636 1922 voces
655 1896 685 1923 et
704 1893 812 1931 reipu-

137 1935 238 1966 blicae
253 1934 436 1965 inserendas
451 1944 518 1964 esse
535 1934 674 1965 coniicit.

180 1987 200 2020 9
223 1978 305 2009 Cum
326 1978 551 2016 visceratione]
577 1979 617 2007 cf.
635 1978 730 2017 Supr.
747 1976 809 2008 viii.

138 2029 189 2051 22.

183 2072 196 2094 1
222 2065 342 2104 Magni
365 2068 473 2094 tamen
495 2064 655 2101 muneris]
686 2073 728 2094 sc.
747 2063 811 2094 Pro

138 2116 177 2137 eo
201 2109 358 2146 tempore,
381 2116 481 2145 quum
511 2106 593 2136 Livii
620 2110 727 2137 aetate
754 2116 811 2136 nu-

136 2159 244 2180 merus
259 2149 314 2180 ille
330 2149 465 2187 exignus
481 2153 572 2180 essct.

182 2202 199 2222 ἰ
224 2194 386 2230 Quattuor
401 2197 432 2223 ct
447 2193 655 2232 septnnyinta
671 2192 813 2223 homines

133 2237 335 2275 pugnarint]
363 2235 427 2265 1110
444 2235 594 2265 mutilum
612 2246 679 2265 esse
696 2235 811 2265 librum

137 2278 306 2310 credimus.
339 2279 492 2317 Namque
505 2289 544 2308 ex
558 2278 701 2318 epitome
718 2277 814 2308 huius

137 2320 208 2352 libri
221 2326 357 2361 apparet
374 2321 498 2352 Livium
514 2321 544 2351 in
561 2331 600 2352 00
616 2321 695 2360 legis
707 2321 811 2351 Voco-

137 2364 210 2395 niae
234 2364 431 2395 mentionem
456 2364 577 2395 fecisse.
624 2365 667 2394 At
686 2364 813 2401 Cicero,

137 2406 169 2437 in
191 2407 280 2438 Verr.
304 2407 323 2438 i.
349 2417 399 2445 4²·
416 2408 510 2436 docet
536 2407 719 2437 Voconium
743 2417 813 2437 san-

138 2450 220 2480 xisse
236 2451 276 2481 de
293 2450 330 2480 iis
345 2450 398 2489 qui
418 2454 488 2489 post
506 2450 544 2480 A.
561 2450 765 2481 Postumium
783 2454 816 2481 ct

138 2493 181 2529 Q.
195 2493 345 2524 Fulvium
363 2503 512 2523 censores
533 2493 616 2523 censi
638 2496 754 2528 essent,
770 2492 814 2523 ita

138 2540 174 2566 ut
187 2535 219 2566 hi
231 2547 377 2566 censores
395 2535 424 2566 in
445 2536 513 2574 lege
526 2536 643 2566 diserte
659 2535 815 2566 nominati

138 2578 234 2609 fuisse
252 2579 431 2610 videantur.
481 2578 549 2609 Iam
570 2590 642 2609 vero
664 2578 761 2609 iidem
785 2578 816 2608 lii

137 2632 285 2652 censores
298 2621 395 2652 creati
411 2626 631 2652 memorantur
643 2632 727 2661 supr.
739 2631 786 2660 27.
799 2633 818 2651 a

137 2675 202 2704 quo
216 2665 305 2695 nulla
317 2665 379 2695 iam
397 2664 533 2694 occuriit
548 2665 672 2695 lacuna.
706 2664 815 2704 Sequi-

138 2711 190 2738 tur
206 2718 292 2746 0100,
305 2712 337 2738 ut
356 2708 386 2738 in
405 2709 467 2738 tine
485 2707 555 2737 libri
572 2708 611 2738 de
630 2709 698 2744 lege
716 2708 816 2737 Voco-

139 2750 192 2781 nia
204 2751 301 2788 egerit
319 2751 438 2781 Livius.
469 2751 510 2781 At
528 2750 614 2781 enim
626 2751 695 2782 Cic.
707 2750 813 2780 (1080-

140 2799 222 2824 110οῑ.
242 2803 286 2831 14.
300 2794 379 2824 dicit
398 2794 499 2831 legem
519 2793 696 2824 Voconiam
717 2794 813 2823 latam

140 2846 207 2866 014κο
232 2836 399 2876 Caepione
427 2841 457 2866 ct
487 2836 643 2876 Philipp«,
673 2836 718 2867 ΙΙ.
745 2847 817 2866 con<

140 2878 274 2914 nulibus,
298 2880 351 2918 qni
379 2879 494 2918 quinto
522 2884 591 2919 post
622 2879 707 2909 lnmc
734 2890 819 2908 anno

141 2922 289 2952 consules
306 2922 403 2953 futuri
422 2927 507 2954 sunt.
553 2922 615 2954 Sed
635 2922 739 2962 primo
756 2932 819 2953 non

857 1807 1032 1837 admodum
1066 1806 1246 1837 mirandum
1275 1811 1323 1838 est
1350 1807 1432 1838 duos
1459 1808 1534 1838 scri-

860 1853 966 1888 ptores
977 1849 1101 1888 aliquot
1114 1850 1207 1880 annis
1220 1850 1302 1880 inter
1317 1860 1350 1880 se
1363 1850 1403 1881 de
1419 1851 1533 1881 eadem

858 1902 891 1921 rc
907 1891 1097 1931 discrepare.
1130 1892 1258 1923 Deinde
1275 1892 1372 1923 etiam
1387 1893 1534 1923 videmur

858 1934 1012 1974 suspicari
1046 1945 1150 1974 posse,
1178 1935 1250 1965 ideo
1281 1935 1448 1966 dissentire
1480 1936 1532 1966 Li-

857 1977 944 2006 vium
961 1981 993 2007 et
1007 1977 1196 2008 Ciceronem
1216 1977 1299 2008 circa
1315 1988 1437 2008 annum
1455 1979 1534 2018 legis

858 2019 1035 2057 Voconiae,
1051 2020 1127 2059 quia
1143 2020 1226 2050 circa
1242 2024 1383 2051 aetatem
1400 2022 1534 2052 Catonis

856 2062 1074 2100 dissenserint,
1097 2067 1130 2094 et
1156 2063 1267 2094 Livius
1291 2074 1365 2093 emn
1391 2064 1533 2103 quinque

855 2105 948 2136 annis
970 2105 1128 2136 seniorem
1153 2106 1262 2143 farciat,
1285 2116 1381 2146 quam
1406 2107 1533 2143 Cicero,

857 2152 893 2179 ut
931 2149 1180 2186 observavimus,
1214 2159 1300 2188 supr.
1335 2149 1446 2180 xxxix.
1482 2160 1533 2188 40.

857 2191 972 2223 Cicero
1002 2191 1087 2222 enim
1121 2192 1191 2222 loco
1226 2193 1321 2222 modo
1355 2197 1533 2223 memorato

857 2235 965 2265 scribit
991 2236 1149 2266 Catonem
1178 2246 1280 2265 annos
1306 2239 1416 2265 natum
1442 2235 1533 2275 quin-

857 2288 920 2317 que
951 2282 983 2308 et
1014 2278 1183 2315 sexaginta
1214 2279 1317 2317 legem
1352 2278 1532 2309 Voconiam

857 2320 1005 2357 suasisse,
1025 2321 1079 2360 qui
1102 2321 1236 2351 Catonis
1259 2320 1341 2351 vitae
1363 2332 1478 2357 annus,
1495 2332 1532 2352 eo

859 2364 954 2394 modo
971 2374 1034 2403 quo
1051 2369 1199 2394 numerat
1216 2363 1341 2398 Cicero,
1358 2364 1470 2395 incidit
1486 2375 1532 2394 rc-

861 2417 932 2437 vera
948 2407 979 2436 in
998 2407 1200 2437 consulatum
1218 2407 1393 2446 Caepionis
1408 2411 1439 2437 ct
1459 2407 1531 2438 Phi-

861 2450 951 2490 lippi.
1010 2450 1053 2480 At
1086 2460 1158 2480 vero
1189 2461 1227 2479 ex
1261 2449 1342 2480 Livii
1374 2449 1534 2480 sententia

861 2492 1077 2531 sexagesimus
1114 2493 1246 2532 quintus
1278 2493 1362 2523 vitae
1400 2493 1534 2524 Catonis

860 2546 965 2566 annus
990 2535 1105 2566 retrahi
1128 2536 1224 2566 debet
1246 2535 1276 2565 in
1294 2535 1436 2575 quinque
1459 2540 1534 2566 ante

861 2589 973 2616 annos,
989 2590 1027 2608 30
1049 2577 1182 2618 proinde
1205 2578 1352 2609 incidisse
1374 2578 1404 2609 iu
1422 2589 1533 2609 consu-

863 2622 963 2651 latum
983 2623 1038 2661 Sp.
1059 2621 1227 2655 Postumii,
1244 2626 1274 2651 ct
1293 2622 1336 2657 Q.
1353 2622 1532 2661 Mucii,qui

862 2669 909 2694 est
932 2664 983 2694 hic
1007 2664 1073 2704 ipse
1094 2675 1198 2694 annus
1220 2664 1249 2694 in
1268 2675 1331 2703 quo
1347 2665 1463 2695 desinit
1483 2665 1534 2694 hic

865 2708 953 2738 liber.
1000 2708 1117 2747 ltaque
1134 2708 1293 2737 credimus
1309 2707 1389 2737 nihil
1407 2707 1467 2737 iam
1486 2718 1534 2736 sn-

861 2761 999 2790 peresse,
1023 2761 1080 2780 cur
1106 2750 1274 2789 quis-quam
1301 2750 1425 2781 dubitet
1456 2750 1534 2780 inse<

862 2794 994 2823 rendum
1025 2794 1084 2823 hoc
1113 2794 1182 2823 loco
1211 2794 1305 2824 fuisse
1331 2793 1534 2832 supplemen-

865 2841 931 2866 tum
952 2837 991 2866 de
1008 2837 1076 2873 lege
1097 2836 1239 2866 Voconia
1255 2848 1261 2866 2
1287 2836 1372 2875 quod
1391 2836 1540 2866 fecimus.

864 2880 954 2911 Cum
966 2903 972 2910 .
