1888 3194
340 206 420 245 164
846 202 994 245 ΤΙΤΙ
1035 202 1215 246 LIVII

135 300 180 333 U.
195 300 235 332 C·
257 299 355 340 584.‘
371 294 559 336 militaris
590 293 694 335 haec
726 292 858 343 sedes,
879 292 1117 350 vallumque
1150 308 1225 350 pro
1257 293 1489 343 moenibus,
1515 301 1559 335 et
1591 301 1729 335 tento-

134 344 176 377 A·
198 343 238 375 Ο·
263 342 483 394 ¹⁶8·‘rium
513 365 635 392 suum
665 350 818 406 cuique
851 349 975 391 militi
1005 351 1154 392 domus
1182 365 1229 392 ac
1256 358 1429 406 penates
1456 358 1565 392 sunt.
1630 349 1730 392 Sine

203 1501 271 1539 40.

140 2014 315 2045 Certamen

143 2066 219 2085 casu
236 2066 307 2086 con-

141 2098 287 2130 trahitur.

347 414 359 434 ‘
375 409 460 450 ulla
486 408 584 450 sede
611 408 706 463 vagi
732 407 1057 458 dimicassemus,
1079 416 1127 449 ut
1151 423 1235 464 quo
1262 408 1439 448 victores
1464 422 1541 449 nos
1569 407 1762 463 recipe-4

348 472 360 491 ‘
374 467 545 508 remus?
606 464 688 506 His
709 464 1019 506 difficultatibus
1040 473 1082 506 et
1105 464 1418 521 impedimentis
1438 479 1603 520 pugnae
1624 463 1732 505 illud

349 523 627 580 ‘opponiturz
672 521 789 569 Quid
819 522 853 562 si
883 521 1013 562 hostis
1039 521 1116 563 hac
1144 522 1389 578 interposita
1415 530 1538 562 nocte
1567 521 1732 571 abisset,

350 587 582 636 ‘quantum
611 594 753 620 rursus
783 578 997 634 sequendo
1027 593 1078 619 eo
1107 579 1275 634 penitus
1302 579 1346 619 in
1376 578 1567 620 ultimam
1589 577 1735 619 Mace-

350 644 361 662 ‘
377 638 547 679 doniam
578 635 912 677 exhauriendum
942 635 1093 676 laboris
1121 636 1240 676 erat?
1301 635 1394 691 Ego
1418 646 1571 686 autem,
1593 649 1734 691 neque

350 701 362 719 ⁶
378 709 619 735 mansurum
641 707 750 741 eum,
772 706 911 747 neque
932 692 976 732 in
998 691 1131 732 aciem
1158 692 1298 748 copias
1325 692 1576 733 educturum
1595 691 1734 741 fuisse,

351 758 538 793 ‘certum
570 750 718 798 habeo,
751 749 785 789 si
819 747 968 788 cedere
1000 748 1099 788 hinc
1132 749 1351 789 statuisset.
1417 748 1590 796 Quanto
1621 749 1736 790 enim

351 814 362 831 ‘
378 808 538 848 facilius
570 807 683 847 abire
710 805 804 854 fuit,
832 819 963 860 quum
995 804 1141 860 procul
1171 806 1419 855 abessemus,
1449 820 1576 861 quam
1607 820 1735 855 nunc,

352 871 511 920 ‘quum
546 864 591 903 in
621 862 851 903 cervicibus
885 862 1059 902 sumus?
1120 861 1214 903 Nec
1246 861 1407 903 falleret
1438 877 1526 912 nos,
1558 877 1638 903 nec.
1671 862 1738 903 in-

353 928 363 945 ‘
381 921 519 962 terdiu
545 935 624 961 nec
651 929 775 960 nocte
804 919 1011 959 abeundo.
1077 918 1194 966 Quid
1221 927 1363 960 autem
1390 928 1453 960 est
1476 919 1596 961 nobis
1619 926 1740 975 opta-

352 984 364 1002 ‘
381 979 475 1028 tius,
499 992 625 1032 quam
651 985 712 1026 ut,
734 991 914 1031 quorum
941 984 1086 1025 castra,
1108 975 1292 1031 praealta
1309 976 1494 1017 fluminis
1520 976 1612 1032 ripa
1634 984 1737 1026 tuta,

352 1042 364 1060 ‘
379 1035 488 1077 vallo
509 1035 679 1090 insuper
706 1041 848 1088 saepta
874 1048 921 1073 ac
949 1033 1103 1074 crebris
1124 1033 1318 1083 turribus,
1340 1048 1582 1089 oppugnare
1603 1032 1739 1074 adorti

352 1098 365 1117 ‘
380 1107 535 1141 sumus,
558 1106 641 1140 eos,
666 1090 821 1131 relictis
851 1090 1137 1139 munimentis,
1164 1090 1329 1146 agmine
1361 1091 1492 1132 effuso
1522 1091 1737 1140 abeuntes,

353 1151 424 1191 ‘in
454 1149 694 1206 patentibus
724 1147 880 1203 campis
911 1147 962 1188 ab
991 1155 1108 1203 tergo
1139 1147 1408 1188 adoriamur?
1468 1147 1563 1189 Hae
1585 1147 1738 1189 dilatae

351 1213 545 1263 ‘pugnae
582 1221 635 1246 ex
670 1205 865 1246 hesterno
899 1204 968 1245 die
1003 1204 1048 1244 in
1083 1204 1336 1245 hodiernum
1372 1219 1519 1246 causae
1553 1205 1736 1246 fuerunt.

352 1265 575 1319 ‘Pugnare
612 1262 725 1303 enim
761 1270 803 1302 et
837 1261 915 1317 ipsi
951 1261 1054 1301 mihi
1089 1261 1253 1317 placet3
1301 1270 1344 1302 et
1382 1261 1493 1311 ideo,
1531 1262 1630 1317 quia
1663 1276 1741 1318 per

352 1321 594 1377 ‘Enipeum
627 1334 793 1360 amnem
827 1326 970 1374 saepta
1002 1318 1055 1359 ad
1086 1319 1250 1359 hostem
1279 1319 1347 1359 via
1373 1327 1474 1368 erat,
1506 1318 1588 1360 alio
1617 1319 1737 1368 saltu,

352 1378 554 1419 ‘deiectis
588 1376 771 1418 hostium
807 1375 1035 1431 praesidiis,
1072 1390 1228 1417 novum
1268 1376 1348 1416 iter
1381 1375 1551 1431 aperui:
1598 1391 1738 1432 neque

351 1441 364 1460 ‘
379 1436 506 1491 prius,
529 1449 655 1490 quam
676 1432 952 1482 debellavero,
974 1432 1194 1474 absistam.'

408 1492 511 1533 Post
534 1492 643 1532 hanc
669 1490 900 1531 orationem
927 1489 1141 1530 silentium
1167 1489 1259 1539 fuit,
1281 1489 1433 1545 partim
1463 1489 1664 1531 traductis
1693 1489 1739 1530 in

350 1549 602 1590 sententiam
633 1548 734 1597 eius,
762 1547 915 1602 partim
941 1546 1182 1587 verentibus
1211 1547 1494 1602 nequicquam
1526 1546 1739 1588 offendere

349 1607 395 1647 in
416 1622 479 1655 eo,
502 1605 630 1661 quod,
652 1612 868 1659 utcunque
889 1603 1239 1659 praetermissum,
1261 1603 1445 1645 revocari
1472 1618 1560 1645 non
1585 1611 1737 1660 posset.

351 1664 418 1704 Ac
449 1678 502 1703 ne
533 1662 604 1703 illo
634 1661 724 1717 ipso
751 1660 925 1716 quidem
946 1660 1027 1710 die,
1056 1669 1129 1701 aut
1158 1660 1342 1710 consule,
1369 1668 1441 1701 aut
1469 1675 1580 1717 rege,
1605 1661 1739 1717 (rege,

351 1720 466 1776 quod
486 1734 564 1760 nec
585 1719 725 1767 fessos,
743 1728 789 1759 ut
809 1717 958 1773 pridie,
978 1732 1031 1758 ex
1051 1717 1130 1767 via,
1149 1733 1287 1774 neque
1309 1717 1565 1774 trepidantes
1584 1717 1630 1758 in
1650 1717 1739 1760 acie

350 1776 596 1818 instruenda
612 1784 655 1817 et
670 1775 845 1817 vixdum
865 1775 1115 1831 compositos
1135 1790 1402 1831 aggressurus
1421 1782 1532 1825 erat3
1554 1774 1739 1826 consule,

351 1834 468 1890 quod
495 1834 540 1874 in
570 1833 688 1875 novis
715 1832 857 1874 castris
884 1847 971 1873 non
997 1831 1124 1887 ligna,
1147 1847 1234 1873 non
1260 1832 1462 1888 pabulum
1491 1840 1740 1874 convectum

351 1900 452 1941 erat,
486 1891 540 1932 ad
572 1905 679 1946 quae
714 1888 899 1945 petenda
933 1903 986 1929 ex
1025 1889 1273 1945 propinquis
1312 1889 1419 1944 agris
1455 1904 1607 1945 magna
1645 1903 1740 1944 pars

351 1948 534 1989 militum
575 1962 598 1988 e
637 1947 781 1987 castris
820 1945 999 1999 exierat)
1034 1954 1185 1986 neutro
1225 1946 1522 2001 imperatorum
1557 1945 1739 1995 volente,

352 2005 550 2053 Fortuna,
573 2018 680 2058 quae
708 2002 802 2058 plus
827 2001 1009 2043 consiliis
1035 2001 1230 2042 humanis
1257 2002 1400 2058 pollet,
1422 2002 1630 2043 contraxit
1650 2017 1742 2044 cer-

353 2070 505 2102 tamen.
579 2059 759 2100 Flumen
808 2067 897 2100 erat
939 2058 1055 2099 haud
1100 2073 1297 2114 magnum
1344 2058 1514 2115 propius
1556 2059 1741 2100 hostium

353 2119 506 2168 castris,
529 2133 582 2159 ex
603 2132 688 2173 quo
709 2124 751 2157 et
772 2115 1031 2157 Macedones
1052 2123 1095 2156 et
1116 2115 1299 2157 Romani
1324 2116 1598 2171 aquabantur,
1620 2131 1741 2173 prae·
1886 2127 1888 2146 ¹

351 2176 466 2217 sidiis
498 2190 551 2217 ex
583 2183 760 2229 utraque
795 2173 887 2229 ripa
919 2172 1077 2228 positis,
1111 2181 1158 2213 ut
1189 2172 1233 2214 id
1264 2173 1399 2214 facere
1433 2181 1524 2214 tuto
1555 2182 1737 2230 possent.

351 2233 475 2274 Duae
508 2231 699 2273 cohortes
732 2246 756 2271 a
787 2238 903 2286 parte
939 2229 1227 2270 Romanorum
1260 2238 1390 2279 erant,
1423 2229 1667 2272 Marrucina
1695 2239 1739 2272 et

350 2289 553 2346 Peligna3
591 2288 699 2329 duae
730 2295 891 2328 turmae
926 2285 1179 2327 Samnitium
1208 2287 1412 2343 equitum,
1438 2287 1591 2343 quibus
1619 2302 1740 2344 prae-

350 2355 439 2388 erat
461 2346 522 2388 M.
545 2345 713 2401 Sergius
737 2344 848 2386 Silus
867 2343 1050 2399 legatus:
1084 2353 1126 2385 et
1147 2343 1261 2385 aliud
1281 2359 1357 2400 pro
1378 2344 1522 2386 castris
1542 2345 1739 2386 stativum

351 2413 439 2445 erat
470 2402 725 2461 praesidium
757 2401 833 2442 sub
868 2401 917 2442 C.
939 2399 1091 2441 Cluvio
1124 2400 1275 2456 legato,
1304 2409 1387 2443 tres
1414 2401 1618 2451 cohortes,
1647 2401 1739 2442 Fir-

350 2476 485 2510 mana,
508 2460 697 2508 Vestina,
722 2456 1045 2503 Cremonensis;
1083 2456 1191 2498 duae
1223 2467 1382 2500 turmae
1414 2458 1619 2514 equitum,
1640 2458 1738 2500 Pla-

349 2518 518 2558 centina
562 2525 604 2557 et
645 2515 890 2556 Aesernina.
957 2513 1102 2561 Quum
1144 2514 1277 2555 otium
1320 2514 1374 2556 ad
1414 2515 1573 2556 flumen
1614 2523 1736 2566 esset,

350 2575 509 2615 neutris
538 2572 847 2621 lacessentibus,
869 2570 972 2612 hora
1001 2570 1166 2611 circiter
1193 2585 1305 2612 nona
1331 2571 1583 2622 iumentum,
1605 2587 1628 2613 e
1650 2581 1768 2613 ma·5

392 2691 411 2717 4
440 2681 482 2711 Ut
493 2690 554 2719 quo
569 2679 718 2716 victores]
739 2678 788 2709 Ut
800 2676 916 2708 deinde
929 2675 1021 2707 victis
1108 2686 1124 2716 5
1149 2677 1244 2707 Hora
1267 2677 1394 2707 circiter
1416 2677 1520 2714 nona]
1555 2676 1609 2706 Ita
1631 2676 1737 2716 legen-

349 2722 494 2752 hostibus
523 2721 603 2750 nihil
633 2721 836 2756 haberemus,
865 2729 929 2758 quo
963 2727 1021 2748 nos
1065 2718 1142 2748 dum
1163 2717 1288 2748 censuit
1304 2717 1446 2748 Gronov.
1469 2727 1526 2757 pro
1551 2718 1636 2757 vulg.
1656 2719 1737 2750 hora

348 2764 589 2803 reciperemus?
623 2767 679 2792 aut
708 2763 800 2791 nulla
831 2764 935 2791 castra
964 2760 1020 2790 113-
1065 2761 1192 2791 circiter
1217 2764 1348 2800 quarta,
1374 2769 1474 2799 quum
1501 2769 1599 2799 supra
1624 2761 1735 2791 consul

349 2807 507 2841 heremus,
531 2814 613 2843 quac
638 2803 810 2834 victoribus
833 2806 1019 2842 receptacu-
1065 2801 1150 2832 diem
1167 2801 1342 2832 extraxisse
1362 2801 1395 2832 in
1417 2800 1549 2832 consilio
1564 2801 1670 2833 dictus
1685 2803 1736 2840 sit,

350 2849 417 2878 lum
444 2851 547 2877 essent
562 2850 575 2877 :²
620 2846 684 2877 Sed
715 2845 922 2875 commodum
950 2855 1019 2874 sen-
1065 2847 1097 2874 et
1122 2844 1316 2874 Plutarchus
1339 2843 1456 2874 diserte
1479 2843 1639 2883 scripserit
1657 2855 1735 2885 pug-

348 2900 419 2920 sum
450 2890 511 2919 hoc
542 2889 612 2918 loco
644 2888 695 2919 vix
727 2887 921 2919 eliciendum
952 2896 1021 2918 esse
1064 2895 1140 2917 nam
1157 2889 1306 2926 coeptam
1323 2895 1390 2917 esse
1406 2885 1482 2925 ὥρας
1498 2884 1636 2924 ἐννάτης.

349 2935 455 2963 censet
474 2930 598 2962 Duker.
