1888 3194
502 186 784 230 LIBROR.
831 186 1131 228 DEPERD.
1433 193 1516 232 243

116 279 383 329 exercitibus,
399 277 561 334 proelio
576 277 676 319 victi
697 285 796 318 sunt
815 276 899 318 ab
889 276 961 318 lis:
986 277 1030 317 in
1047 291 1133 332 quo
1154 290 1274 317 caesa
1295 276 1517 319 traduntur

113 335 297 377 hostium
317 343 489 377 centum
510 334 789 391 quadraginta
813 333 956 383 millia,
979 343 1101 390 capta
1121 333 1351 389 sexaginta.
1414 334 1513 376 Ma-

113 393 212 443 rius,
249 393 377 434 totius
418 392 596 433 civitatis
631 406 838 433 consensu
875 400 1090 448 exceptus,
1127 405 1204 447 pro
1240 390 1406 432 duobus
1441 392 1514 432 tri-

113 449 295 506 umphis,
330 449 404 506 qui
437 449 733 499 offerebantur,
768 464 854 490 uno
890 457 1115 490 contentus
1149 448 1239 489 fuit.
1302 447 1515 490 Primores

112 507 302 556 civitatis,
321 522 394 563 qu1
416 507 677 563 aliquamdiu
699 516 746 548 ut
767 522 877 548 novo
898 506 1075 556 homini,
1098 505 1153 546 ad
1174 513 1311 546 tantos
1332 505 1513 547 honores

111 572 270 614 evecto,
298 564 551 614 inviderant,
581 573 868 605 conservatam
903 564 954 605 ab
988 579 1038 605 eo
1071 562 1376 619 rempublicam
1409 563 1514 604 fate-

109 621 274 663 bantur.
337 621 555 663 Publicius
577 621 816 687 MalleoluS,
839 629 972 663 matre
994 621 1142 670 occisa,
1164 620 1324 677 primus
1344 620 1510 662 insutus

109 677 244 729 culeo,
281 679 326 720 in
367 694 480 721 mare
521 679 659 736 praeci
695 679 820 721 itatus
857 688 931 720 est.
994 678 1167 721 Ancilia
1201 693 1299 719 cum
1335 678 1513 734 strepitu

109 744 224 778 mota
255 751 358 786 esse,
388 746 615 793 antequam
686 737 908 779 imbricum
941 735 1102 778 bellum
1135 744 1511 800 consummaretur,

108 793 357 836 referuntur.
422 794 543 836 Bella
562 803 782 851 praeterea
802 795 913 836 inter
936 793 1079 850 Syriae
1101 809 1221 850 reges
1242 793 1443 835 continet.

722 1020 890 1062 LXIX.

107 1135 157 1176 L.
179 1135 531 1178 APPULEIUS
567 1136 990 1186 SATURNINUS,
1023 1136 1249 1178 adiuvante
1282 1136 1332 1178 C.
1354 1136 1506 1187 Mario,

106 1200 149 1233 et
169 1207 249 1257 per
265 1192 418 1234 milites
439 1194 576 1235 occiso
598 1194 652 1235 A.
672 1193 818 1252 Nonio
843 1194 1131 1250 competitore,
1155 1194 1348 1235 tribunus
1373 1194 1508 1250 plebis

104 1264 190 1315 per
210 1265 296 1291 vim
328 1258 505 1315 creatus,
539 1266 624 1292 non
659 1248 798 1293 minus
830 1251 1038 1293 violenter
1070 1251 1343 1301 tribunatum,
1379 1266 1507 1306 quam

161 1306 296 1357 tierat,
317 1307 471 1363 gessit3
505 1317 560 1358 et,
583 1324 715 1365 quum
740 1308 878 1374 legem
903 1309 1106 1365 agrariam
1128 1323 1204 1374 per
1224 1308 1307 1349 vim
1332 1307 1505 1358 tulisset,

104 1321 296 1406 1ΙῖἓεῖεΙΙο
318 1364 565 1416 Numidico,
593 1374 637 1407 et
667 1366 782 1422 quod
813 1366 858 1407 in
891 1381 984 1408 eam
1017 1381 1105 1407 non
1136 1366 1356 1416 iuraverat,
1391 1365 1508 1407 diem

104 1421 238 1463 dixit.
266 1423 351 1488 qui
381 1438 514 1480 quum
545 1439 570 1465 a
603 1424 725 1465 bonis
758 1424 919 1466 civibus
949 1423 1261 1473 defenderetur,
1293 1438 1347 1465 ne
1381 1437 1507 1464 causa

104 1479 383 1522 certaminum
416 1491 537 1531 esset,
562 1481 608 1522 in
640 1481 834 1523 exsilium
862 1481 1142 1523 voluntariam
1171 1480 1376 1523 Rhodum
1408 1496 1506 1537 pro-

104 1536 239 1578 fectus
259 1546 347 1579 est·
380 1537 523 1594 ibique
545 1538 726 1595 legendo
747 1548 790 1581 et
811 1539 1033 1581 audiendis
1054 1539 1217 1595 magnis
1237 1539 1336 1580 viris
1356 1554 1505 1580 avoca-

105 1594 238 1636 batur.
301 1594 496 1637 Profecto
527 1595 577 1638 C.
597 1596 774 1647 Marius,
801 1597 1019 1638 seditionis
1047 1606 1205 1646 auctor,
1231 1596 1307 1652 qui
1336 1604 1505 1638 sextum

105 1651 369 1693 consulatum
427 1668 473 1694 er
501 1654 632 1695 tribus
659 1669 677 1695 s
710 1669 800 1695 arsa
826 1654 1007 1710 pecunia
1027 1663 1198 1703 emerat,
1220 1669 1330 1710 aqua
1350 1662 1394 1695 et
1413 1653 1502 1709 igni

104 1709 335 1751 interdixit.
397 1668 518 1752 {dem
543 1669 780 1768 Appuleius
805 1710 1054 1753 Saturninus
1077 1712 1269 1752 tribunus
1290 1710 1424 1767 plebis
1448 1709 1500 1752 C.

106 1766 360 1809 Memmium
393 1768 664 1810 candidatum
697 1769 949 1818 consulatus,
979 1784 1107 1825 quem
1140 1768 1322 1810 maxime
1355 1767 1503 1809 adver-

104 1825 258 1866 sarium
279 1826 513 1867 actionibus
534 1827 618 1867 suis
639 1826 825 1876 timebat,
848 1827 1012 1869 occidit.
1070 1826 1237 1874 Quibus
1259 1826 1381 1867 rebus
1402 1840 1504 1866 con-

104 1882 232 1924 citato
264 1892 424 1933 senatu,
459 1884 503 1924 in
531 1884 649 1925 cuius
683 1900 850 1926 causam
884 1894 927 1926 ct
962 1884 1012 1925 C.
1033 1883 1209 1933 Marius,
1242 1883 1368 1924 homo
1400 1883 1503 1924 varii

103 1948 148 1981 et
167 1940 409 1982 mutabilis
399 1941 558 1998 ingenii
580 1942 827 2007 consiliique
844 1957 1011 1998 semper
1026 1941 1259 1983 secundum
1276 1941 1501 2005 fortunam,

103 1998 334 2048 transierat,
357 2014 490 2054 quum
511 2014 608 2040 eum
636 2000 743 2041 tueri
767 2000 938 2041 minime
961 2008 1112 2055 posset,
1135 2013 1357 2062 oppressus
1378 1998 1503 2039 armis

103 2070 199 2097 cum
224 2055 404 2098 Glaucia
424 2065 628 2111 praetore,
651 2066 694 2098 et
724 2057 814 2098 aliis
841 2057 1030 2098 eiusdem
1058 2056 1208 2098 furoris
1235 2071 1370 2104 socus,
1393 2054 1503 2096 bello

104 2112 288 2178 quodam
312 2113 558 2156 interfectus
585 2123 659 2156 est.
726 2114 779 2163 Q.
800 2114 1012 2156 Caecilius
1037 2113 1240 2155 Metellus
1268 2113 1319 2154 ab
1341 2112 1502 2161 exsilio,

103 2169 268 2226 ingenti
296 2171 422 2213 totius
450 2172 630 2214 civitatis
651 2172 803 2222 favore,
827 2172 1026 2214 reductus
1054 2180 1128 2213 est.
1193 2170 1256 2212 M'
1258 2202 1267 2211 .
1289 2169 1505 2226 Aquillius

104 2227 329 2283 proconsul
351 2228 395 2270 in
420 2228 561 2270 Sicilia
581 2229 739 2271 bellum
761 2229 909 2271 servile
932 2230 1164 2271 excitatum
1186 2227 1379 2269 confecit.

731 2452 873 2494 LXX.

109 2570 298 2637 QUUM
331 2571 404 2613 M’.
422 2571 640 2629 Aquillius
664 2571 716 2613 de
749 2571 940 2628 pecuniis
971 2585 1014 2612 re
1047 2570 1218 2613 etundis
1249 2585 1416 2612 causam
1442 2571 1506 2612 di-

107 2638 231 2679 ceret,
254 2629 342 2686 ipse
364 2629 524 2672 iudices
545 2644 689 2686 rogare
716 2628 862 2671 noluit.
927 2628 989 2670 M.
1053 2629 1237 2679 ntonius,
1260 2628 1335 2685 qui
1357 2643 1433 2685 pro
1454 2644 1505 2670 eo

107 2686 338 2751 perorabat,
374 2688 561 2729 tunicam
601 2702 625 2728 a
665 2697 834 2744 pectore
873 2687 964 2728 eius
1003 2685 1185 2736 discidit,
1222 2696 1270 2727 ut
1310 2686 1506 2728 honestas

108 2742 322 2786 cicatrices
351 2745 618 2787 ostenderet:
637 2745 807 2810 quibus
837 2744 1085 2801 conspectis,
1115 2743 1404 2785 indubitanter
1433 2744 1506 2784 ab·

109 2799 269 2842 solutus
289 2810 361 2843 est.
427 2801 580 2844 Cicero
609 2803 700 2844 eius
728 2802 786 2844 rei
812 2802 924 2844 solus
944 2811 1100 2843 auctor.
1163 2801 1214 2842 T.
1236 2801 1391 2843 Didius
1413 2816 1506 2857 pro-

110 2857 253 2898 consul
275 2858 471 2901 adversus
494 2859 732 2901 Celtiberos
751 2859 929 2901 feliciter
950 2859 1166 2958 pugnavit.
1225 2858 1505 2905 Ptolemaeus,

114 2911 377 2968 Cyrenarum
412 2931 499 2964 rex,
533 2917 600 2957 cui
634 2926 963 2971 cognomentum
1041 2931 1156 2971 pioni
1191 2916 1282 2965 fuit,
1319 2924 1507 2956 mortuus

1202 2987 1226 3012 n
1249 2976 1272 3012 2
