1888 3194
335 140 416 179 150
847 136 996 178 ΤΙΤΙ
1033 136 1212 178 LIVII

117 241 163 273 U.
179 241 221 273 c.
243 240 316 280 584
330 226 410 268 sibi
449 226 690 283 appellandi
730 227 931 292 praetoris
970 234 1154 282 potestas
1193 227 1327 276 fieret,
1364 226 1485 282 copia
1521 225 1642 275 facta,
1678 225 1724 267 in

116 285 157 315 A.
181 284 220 315 C.
247 282 316 314 168.
331 293 464 325 castra
484 284 611 326 venit.
675 283 734 325 Et
755 284 1008 340 principium
1030 284 1228 325 orationis
1258 285 1310 325 ab
1338 283 1600 324 accusatione
1621 282 1725 324 stul-

117 326 258 400 {ffissius
272 336 307 357 se
331 341 446 382 titiae
476 356 592 383 orsus
620 356 732 406 suae,
761 349 971 397 postremo
999 341 1053 382 ad
1082 356 1227 397 preces
1254 341 1528 395 lacrimasque
1554 340 1722 389 effusus,

209 392 217 401 ’
329 398 506 454 genibus
530 398 734 454 praetoris
759 398 998 448 accidens,
988 414 1032 439 m
1057 407 1306 454 potestatem
1328 412 1416 438 sese
1438 397 1568 438 dedit.
1630 396 1724 437 Pri-

330 471 412 505 mo,
434 456 593 496 bonum
624 455 810 496 animum
838 456 989 496 habere
1018 456 1165 505 iussus,
1188 455 1241 496 ad
1263 470 1435 496 coenam
1461 454 1587 495 etiam
1615 453 1725 494 invi-

330 520 453 562 tatus,
490 513 535 553 in
570 513 717 553 urbem
753 512 807 553 ad
842 527 937 553 suos
969 512 1108 562 rediit,
1144 521 1186 553 et
1217 527 1313 553 cum
1346 520 1535 568 praetore
1570 525 1620 551 eo
1653 510 1722 551 die

329 569 559 611 honorifice
596 578 659 610 est
695 568 913 625 epulatus:
956 569 1111 610 deinde
1148 570 1192 609 in
1228 569 1462 610 custodiam
1498 567 1548 609 (3.
1575 567 1722 609 Cassio

330 627 499 667 tribuno
535 626 717 668 militum
754 626 942 675 traditus,
978 626 1049 667 vix
1084 625 1330 681 gladiatorio
1366 634 1538 681 accepto
1573 624 1753 667 decem3

182 688 249 727 32.
330 683 498 724 talentis
526 684 577 724 ab
606 698 717 739 rege,
740 697 827 732 rex,
850 691 898 723 ut
919 683 961 723 in
985 697 1077 723 eam
1098 683 1308 723 fortunam
1333 682 1549 723 recideret.
1613 681 1723 722 Ani-

330 740 430 790 cius,
458 740 614 781 Scodla
634 749 813 795 recepta,
836 739 943 779 nihil
963 740 1091 795 prius,
1114 754 1241 794 quam
1262 739 1483 794 requisitos
1504 738 1722 779 Petillium

119 799 303 847 capiuntur
330 797 673 860 Perpernamque
703 796 859 852 legatos
892 796 945 836 ad
980 811 1023 837 se
1051 795 1162 845 duci,
1192 796 1322 836 iussit.
1389 795 1555 843 Quibus
1583 794 1718 850 splen-

119 847 244 915 essgnan
260 853 306 873 re·
330 853 431 894 dore
461 868 536 894 suo
564 853 769 902 restituto,
793 853 1050 908 Perpernam
1072 852 1285 908 extemplo
1308 852 1438 893 mittit
1458 852 1511 893 ad
1532 866 1723 907 compre-

100 895 136 927 ‚g
165 908 172 916 ’
329 909 577 951 hendendos
598 910 752 951 amicos
773 919 1057 965 cognatosque
1079 909 1210 965 regis.
1244 910 1330 965 qui,
1354 909 1615 959 Meteonem,
1637 908 1722 950 La-

327 967 515 1008 beatium
554 967 691 1023 gentis
726 968 886 1016 urbem,
923 967 1146 1022 profectus,
1185 966 1377 1008 Etlevam
1413 981 1589 1008 uxorem
1624 980 1754 1009 cum4

327 1024 424 1065 filiis
446 1024 622 1073 duobus,
644 1023 912 1065 Scerdilaedo
934 1024 1231 1080 Pleuratoque,
1253 1033 1296 1065 et
1320 1023 1619 1064 Caravantium
1640 1023 1752 1065 fra-5

328 1090 436 1122 trem
472 1080 669 1122 Scodram
707 1081 752 1121 in
787 1090 920 1122 castra
955 1081 1143 1122 adduxit.
1209 1081 1398 1145 Anicius,
1433 1080 1545 1121 bello
1576 1080 1721 1137 Illyrio

328 1138 439 1179 intra
471 1139 643 1194 triginta
667 1138 756 1179 dies
787 1138 986 1194 perfecto,
1015 1138 1213 1179 nuntium
1241 1138 1437 1179 victoriae
1462 1137 1754 1202 Perpernam6

329 1195 511 1236 Romam
537 1196 670 1236 misit·
704 1204 861 1251 etpost
882 1195 971 1236 dies
1000 1210 1154 1251 paucos
1179 1194 1385 1236 Gentium
1412 1209 1552 1251 regem
1572 1194 1721 1260 ipsum

327 1267 425 1293 011111
456 1262 642 1308 parente,
671 1253 863 1308 coniuge,
892 1252 1047 1302 liberis,
1074 1267 1121 1293 30
1148 1252 1286 1301 fratre,
1317 1251 1491 1316 aliisque
1519 1251 1721 1307 principi-

327 1309 405 1350 bus
441 1309 691 1366 Illyriomm.
756 1309 851 1350 Hoc
892 1324 1025 1350 unum
1066 1308 1224 1350 bellum
1264 1309 1379 1365 prius
1418 1317 1719 1365 perpetratum,

328 1381 455 1422 quam
477 1376 686 1422 coeptum,
711 1366 873 1407 Romae
896 1366 1086 1407 auditum
1111 1375 1184 1407 est.

117 1434 278 1466 Perseus·
268 1446 301 1465 m
390 1423 556 1471 Quibus
572 1423 719 1465 diebus
736 1423 839 1464 haec
856 1424 1099 1478 agebantur,
1115 1423 1293 1464 Perseus
1309 1438 1479 1479 quoque
1499 1423 1545 1463 in
1566 1437 1720 1478 magno

115 1488 233 1517 magno
249 1481 310 1508 ter-
329 1488 484 1522 terrore
516 1489 616 1530 erat,
647 1489 817 1536 propter
842 1481 1069 1522 adventum
1100 1480 1224 1521 simul
1246 1480 1421 1521 Aemilii
1446 1480 1544 1521 novi
1569 1494 1720 1520 consu-

115 1530 185 1551 rore
201 1524 258 1552 est.
327 1537 389 1587 lis,
413 1553 540 1593 quem
566 1553 662 1578 cum
691 1538 932 1594 ingentibus
960 1538 1085 1578 minis
1110 1537 1335 1578 adventare
1365 1537 1573 1586 audiebat,
1595 1536 1720 1578 simul

330 1595 497 1636 Octavii
524 1595 737 1650 praetoris.
802 1594 896 1636 Nec
917 1595 1056 1635 minus
1077 1594 1244 1636 terroris
1265 1610 1289 1635 a
1309 1594 1436 1635 classe
1460 1595 1657 1635 Romana
1676 1602 1719 1635 et
1733 1601 1752 1636 7

325 1652 512 1707 peliculo
533 1652 764 1693 maritimae
787 1667 882 1693 orae
903 1652 1096 1693 habebat.
1158 1651 1482 1693 Thessalonicae
1505 1650 1720 1692 Eumenes

325 1718 368 1749 et
387 1709 678 1765 Athenagoras
698 1719 919 1765 praeerant
940 1724 1036 1750 cum
1057 1724 1185 1764 parvo
1206 1708 1412 1765 praesidio
1428 1708 1608 1749 duorum
1625 1707 1720 1749 mil-

324 1765 429 1806 lium
461 1775 750 1807 caetratorum.
815 1766 880 1807 Eo
912 1774 954 1808 et
986 1766 1247 1807 Androclem
1282 1765 1540 1822 praefectum
1574 1765 1717 1816 mittit,

325 1823 482 1864 iussum
514 1824 590 1864 sub
621 1824 721 1879 ipsis
752 1823 968 1865 navalibus
996 1831 1128 1864 castra
1158 1823 1323 1864 habere.
1387 1823 1579 1863 Aeneam
1605 1822 1717 1864 mille

325 1880 489 1935 equites
506 1895 602 1921 cum
619 1881 840 1936 Antigono
861 1881 973 1921 misit
994 1880 1048 1921 ad
1064 1880 1283 1921 tutandam
1304 1879 1554 1920 maritimam
1574 1894 1714 1921 oram:

325 1946 385 1986 ut,
408 1952 663 1992 quocunque
692 1937 812 1978 litore
842 1937 1090 1992 applicuisse
1122 1952 1248 1977 naves
1278 1936 1462 1977 hostium
1489 1935 1716 1986 audissent,

325 1993 540 2049 extemplo
561 1994 719 2034 ferrent
739 1994 970 2049 agrestibus
991 2008 1126 2048 opem.
1195 1993 1397 2049 Quinque
1419 1992 1550 2034 millia
1571 1992 1718 2035 Μ300-

325 2049 486 2091 donum
517 2050 641 2090 missa
660 2050 714 2091 ad
734 2050 988 2106 praesidium
1010 2050 1154 2106 Pythii
1174 2058 1217 2091 et
1238 2050 1402 2099 Petrae,
1425 2050 1577 2105 quibus
1597 2065 1718 2106 prae-

117 2116 239 2164 Ripam
326 2107 451 2162 positi
472 2119 591 2147 013111
612 2106 841 2156 Histiaeus,
864 2116 907 2148 et
929 2107 1193 2161 Theogenes,
1216 2115 1258 2148 et
1280 2106 1455 2148 Medon.
1519 2106 1601 2147 His
1621 2122 1719 2163 pro-

116 2159 314 2231 Extupeimu-
326 2164 457 2213 fectis,
493 2164 627 2219 ripam
660 2164 822 2205 munire
856 2164 1010 2219 Enipei
1046 2164 1231 2204 fluminis
1265 2179 1481 2219 aggressus
1513 2172 1588 2213 est,
1618 2164 1718 2220 quia

116 2211 174 2232 m.
326 2221 435 2262 sicco
471 2220 588 2261 alveo
631 2221 793 2262 transiri
833 2231 1007 2277 poterat.
1071 2221 1186 2261 Huic
1226 2230 1274 2262 ut
1313 2221 1448 2262 omnis
1488 2220 1748 2264 multitudo8

323 2285 501 2327 vacaret,
534 2278 713 2318 feminae
750 2293 803 2319 ex
839 2278 1087 2334 propinquis
1123 2278 1294 2319 urbibus
1330 2286 1448 2319 cocta
1482 2278 1637 2319 cibaria
1670 2278 1748 2330 in9

369 2407 386 2437 3
411 2398 626 2436 Gladiatorio]
664 2398 741 2429 Sub.
768 2400 916 2430 Proerm‘o
947 2399 998 2429 vel
1086 2398 1107 2430 6
1132 2401 1281 2440 Triyinta
1317 2402 1401 2439 dies]
1444 2400 1571 2431 Diebus
1604 2399 1716 2441 viginti

325 2445 571 2472 auctoramento.
626 2441 728 2471 Multi
761 2441 882 2480 quippe
912 2441 998 2481 inge·
1044 2443 1223 2481 perfectum
1258 2443 1318 2473 hoc
1351 2444 1476 2474 bellum
1509 2442 1618 2474 scribit
1647 2444 1715 2483 Ap-

325 2483 381 2513 nui
398 2493 511 2522 operas
526 2493 598 2512 suas
613 2493 729 2513 arenae
745 2488 832 2513 certa
847 2484 995 2514 mercede
1042 2485 1127 2524 pian.
1145 2486 1185 2515 de
1203 2485 1242 2516 Β.
1261 2486 1353 2525 Illyr.
1370 2496 1401 2524 p.
1421 2484 1490 2525 761.

326 2526 488 2562 locabant,
504 2528 541 2554 ut
557 2525 787 2564 depugnarent.
811 2526 963 2556 TURNEB.
1087 2534 1102 2566 7
1126 2529 1195 2558 Nec
1221 2529 1328 2558 minus
1354 2529 1501 2567 terroris]
1535 2537 1578 2558 sc.
1599 2527 1716 2558 Terror

369 2578 390 2605 4
411 2568 558 2598 Etlevam
587 2569 735 2605 uoeorem]
774 2568 892 2598 Paullo
922 2572 998 2598 ante
1041 2569 1222 2599 maritimus
1236 2580 1300 2599 non
1316 2570 1420 2599 minor
1434 2570 1573 2600 terrestri
1589 2573 1666 2600 erat.

327 2619 413 2649 supr.
436 2618 485 2647 30.
510 2619 642 2639 uxorem
673 2609 783 2640 Gentii
811 2610 891 2649 regis
914 2612 998 2641 Etu-
1085 2612 1103 2641 8
1126 2613 1217 2642 Huic
1231 2617 1268 2642 ut
1283 2613 1400 2649 omnis]
1428 2613 1527 2651 Operi
1547 2613 1623 2642 huic
1639 2612 1714 2642 Mu-

326 2657 393 2682 tam
418 2654 525 2681 noster
551 2651 685 2682 vocavit.
739 2652 926 2682 Videndum
957 2663 998 2683 an
1042 2656 1129 2683 retus
1144 2654 1304 2684 emendat.
1349 2654 1412 2684 Sed
1429 2653 1715 2685 Drakenborchius

326 2703 425 2724 unam
441 2693 524 2723 hanc
540 2703 595 2723 rex
611 2693 768 2725 habuerit.
793 2694 905 2725 Smox.
1043 2695 1125 2725 nihil
1140 2696 1331 2726 mutandum
1349 2699 1467 2726 censet.

371 2743 387 2774 5
411 2736 628 2774 Scerdilaedo]
670 2736 745 2766 Hoc
783 2746 903 2766 nomen
940 2747 998 2776 pro
1085 2747 1104 2778 9
1129 2737 1240 2776 Cocta]
1278 2739 1373 2768 Cocta
1402 2741 1534 2768 auctore
1564 2737 1713 2769 Draken-

326 2779 412 2818 vulg.
428 2779 582 2809 Scerdilio
598 2788 637 2807 ex
660 2778 729 2808 cod.
746 2777 951 2817 integerrimo
967 2785 999 2809 et
1042 2779 1174 2810 borchio
1203 2779 1346 2819 reposuit
1374 2790 1503 2820 quoque
1533 2780 1713 2811 Bekkerus.

326 2831 365 2851 ex
393 2819 531 2859 Polybio
562 2820 784 2859 reponendum
816 2820 1000 2853 Gronovius
1044 2822 1142 2862 Vulg.
1158 2827 1294 2854 coactae.

325 2862 461 2894 monuit.
485 2862 525 2893 cf.
542 2872 628 2902 supr.
645 2862 731 2893 xxvi.
750 2871 798 2902 24.
