1888 3194
540 439 619 501 T.
681 439 946 502 LIVII
1018 438 1279 501 PATA
1300 437 1538 501 VINI

730 632 1070 684 LIBER
1138 630 1347 684 XLIV.

139 1023 183 1056 U.
201 1024 239 1056 C.
262 1023 333 1063 533·
452 1029 739 1073 RINCIPIO
767 1031 886 1081 veris,
911 1030 1027 1087 quod
1054 1030 1237 1072 hiemem
1266 1045 1371 1080 eam,
1393 1045 1478 1087 qua
1497 1029 1601 1072 haec
1621 1039 1738 1087 gesta

136 1067 333 1142 iiiagiuffq
450 1097 561 1139 sunt,
592 1088 828 1130 insecutum
861 1099 935 1138 est,
968 1089 1020 1130 ab
1057 1088 1196 1130 Roma
1226 1088 1437 1144 profectus
1471 1088 1524 1137 Q„
1549 1088 1736 1130 Marcius

137 1154 212 1185 Cos.
229 1156 262 1184 et

346 1144 569 1202 Philippus
585 1146 731 1188 consul
747 1162 843 1188 cum
860 1147 1048 1202 quinque
1066 1145 1261 1195 millibus,
1276 1145 1418 1202 quod
1407 1161 1453 1186 1n
1469 1145 1765 1202 supplemen-¹
1750 1189 1768 1210 2

215 1242 228 1269 t
273 1242 286 1269 t
347 1212 437 1244 tum
457 1204 673 1260 legionum
693 1219 833 1246 secum
857 1205 1102 1245 traiecturus
1119 1212 1218 1254 erat,
1242 1203 1515 1244 Brundisium
1531 1204 1734 1260 pervenit.

135 1249 334 1312 ffifffinzrhfa-
347 1260 410 1302 M.
434 1260 640 1318 Popillius
667 1262 893 1303 consularis
922 1271 964 1303 et
989 1261 1058 1303 alii
1087 1262 1177 1317 pari
1207 1261 1423 1302 nobilitate
1453 1261 1738 1303 adolescentes

138 1324 320 1356 Graeciam.
346 1318 504 1360 tribuni
534 1319 715 1360 militum
746 1320 791 1360 in
823 1319 1120 1361 Macedonicas
1147 1318 1333 1375 legiones
1360 1318 1573 1360 consulem
1605 1319 1738 1361 secuti

346 1384 455 1418 sunt.
518 1376 602 1418 Per
635 1392 705 1418 eos
735 1377 824 1419 dies
859 1387 901 1419 et
938 1377 988 1419 C.
1013 1376 1199 1418 Marcius
1236 1376 1409 1442 Figulus
1447 1385 1626 1433 praetor,
1668 1376 1737 1418 cui

346 1433 486 1475 classis
512 1435 727 1490 provincia
751 1443 959 1485 evenerat,
989 1434 1264 1475 Brundisium
1290 1434 1428 1476 venit:
1462 1443 1505 1476 et
1531 1434 1656 1476 simul
1683 1449 1737 1476 ex

347 1491 469 1533 Italia
488 1492 679 1548 profecti,
701 1492 931 1550 Corcyram
952 1492 1082 1534 altero
1103 1491 1185 1542 die,
1209 1492 1331 1533 tertio
1353 1492 1527 1533 Actium
1549 1491 1738 1533 Acarna-

346 1549 440 1590 niae
461 1558 629 1615 portum
645 1559 883 1592 tenuerunt.
946 1549 1052 1591 Inde
1069 1549 1227 1599 consul,
1245 1549 1299 1591 ad
1316 1549 1584 1591 Ambraciam
1599 1564 1738 1606 egres-

347 1622 428 1657 sus,
460 1607 609 1649 itinere
642 1608 826 1649 terrestri
857 1607 962 1664 petit
993 1606 1265 1649 Thessaliam.
1327 1607 1513 1658 Praetor,
1542 1616 1738 1664 superato

348 1664 547 1715 Leucata,
583 1664 854 1707 Corinthium
887 1665 1024 1706 sinum
1058 1665 1259 1715 invectus,
1291 1673 1334 1707 et
1367 1665 1550 1707 Creusae
1583 1665 1739 1707 relictis

346 1722 534 1772 navibus,
556 1731 666 1764 terra
685 1732 728 1764 et
747 1723 835 1779 ipse
857 1738 932 1779 per
953 1722 1136 1764 mediam
1158 1721 1377 1764 Boeotiam
1394 1722 1499 1779 (diei
1519 1722 1644 1764 unius
1664 1738 1732 1764 ex-

347 1778 491 1836 pedito
521 1779 601 1821 iter
627 1781 709 1836 est)
736 1780 983 1823 Chalcidem
1012 1779 1065 1822 ad
1095 1779 1270 1846 classem
1297 1780 1525 1822 contendit.
1590 1780 1740 1822 Castra

348 1853 398 1878 eo
421 1846 607 1893 tempore
630 1839 683 1879 A.
705 1837 941 1879 Hostilius
932 1854 977 1879 m
999 1837 1216 1879 Thessalia
1236 1837 1345 1879 circa
1372 1837 1737 1895 Palaepharsalum

348 1895 550 1945 habebat3
592 1895 700 1937 sicut
734 1896 851 1937 nulla
885 1911 928 1937 re
962 1895 1112 1937 bellica
1142 1895 1403 1937 memorabili
1436 1904 1565 1960 gesta,
1597 1896 1656 1937 ita
1684 1894 1769 1946 ad3

347 1961 542 1994 cunctam
573 1953 794 1994 militarem
826 1952 1089 2009 disciplinam
1120 1953 1171 1993 ab
1202 1953 1333 1994 effusa
1362 1952 1531 1994 licentia
1559 1952 1738 1995 formato

348 2009 494 2059 milite,
517 2018 560 2050 et
588 2010 709 2050 sociis
729 2025 825 2050 cum
846 2010 930 2051 fide
952 2009 1086 2059 cultis,
1109 2018 1150 2050 et
1171 2010 1222 2051 ab
1244 2010 1357 2051 omni
1385 2025 1539 2065 genere
1561 2010 1736 2052 iniuriae

348 2066 540 2107 defensis.
602 2066 767 2108 Audito
797 2067 1041 2108 successoris
1072 2066 1268 2117 adventu,
1298 2083 1429 2123 quum
1459 2083 1586 2117 arma,
1613 2068 1736 2118 viros,

349 2138 479 2179 equos
507 2139 603 2164 cum
628 2139 727 2165 cura
756 2124 1017 2189 inspexisset,
1047 2134 1192 2166 ornato
1220 2125 1408 2166 exercitu
1432 2125 1597 2166 obviam
1621 2125 1740 2167 veni·-

349 2181 437 2222 enti
472 2180 632 2221 consuli
667 2182 876 2238 processit.
941 2181 997 2223 Et
1032 2182 1190 2247 primus
1226 2197 1370 2223 eorum
1406 2198 1650 2239 congressus
1684 2198 1737 2224 ex

351 2238 592 2294 dignitate
582 2253 764 2295 ipsorum
788 2254 834 2280 ac
863 2239 1047 2281 Romani
1074 2240 1267 2290 nominis,
1290 2249 1332 2281 et
1360 2239 1404 2280 in
1432 2241 1555 2282 rebus
1582 2240 1770 2290 deinde4

1433 2297 1455 2319 *
1483 2298 1518 2340 *.
1585 2298 1738 2340 Paucis

137 1196 283 1227 Marcius

350 2295 593 2352 gelendis*
596 2327 606 2337 .
667 2296 898 2338 Proconsul
937 2297 1050 2339 enim
1085 2297 1138 2338 ad
1174 2297 1405 2339 exercitum

398 2440 408 2459 1
436 2430 515 2460 Cum
549 2431 690 2470 quinque
724 2431 880 2468 millibus]
921 2431 1023 2461 Deest

351 2472 494 2512 profecto
510 2472 561 2502 hie
578 2473 709 2511 aliquid.
756 2473 921 2503 Numerus
937 2473 1022 2504 enim

350 2515 496 2545 absolute
523 2518 555 2544 et
582 2526 638 2554 per
664 2526 708 2552 se,
736 2526 800 2545 non
831 2515 959 2546 adiecta
989 2526 1022 2546 re

351 2567 433 2596 quae
446 2562 641 2593 numeretur,
654 2562 736 2588 stare
753 2558 785 2587 in
802 2558 944 2588 oratione
958 2569 1022 2588 non

352 2603 465 2639 potest.
498 2600 560 2629 Sed
577 2604 609 2630 et
624 2611 776 2630 numerus
790 2600 858 2640 ipse
874 2601 935 2631 hoc
952 2602 1022 2631 loco

353 2642 478 2672 videtur
494 2642 622 2672 vitiatus
638 2653 715 2680 esse,
727 2653 825 2681 quum
843 2653 927 2682 supr.
942 2643 1020 2674 xliii.

357 2694 402 2715 12.
421 2685 595 2715 decreverit
616 2689 745 2715 senatus
764 2685 797 2715 in
817 2686 1021 2724 supplemen—

352 2731 421 2757 tum
455 2727 657 2758 Macedonici
693 2727 851 2757 exercitus
878 2729 1022 2767 peditum

353 2771 567 2800 Romanorum
590 2781 645 2800 seiz*
665 2771 778 2806 millio,
791 2771 944 2800 sociorum
968 2781 1020 2801 no-

353 2813 449 2842 minis
464 2813 574 2842 Lacim'
597 2823 652 2843 sem
674 2813 795 2842 millia.-
819 2813 939 2852 equites
960 2815 1020 2843 Ro-

355 2865 463 2885 manos
484 2856 633 2885 ducentos
656 2855 904 2895 quinqzmyinla,
925 2857 1021 2886 socios

354 2902 516 2928 trecentos.
540 2898 646 2928 Canv.

402 2949 415 2969 2
441 2942 532 2977 Quod
556 2941 589 2970 itz
616 2940 887 2980 supplementum]
926 2941 1019 2971 Prae-

1068 2431 1260 2470 positionem
1281 2433 1316 2461 in
1337 2432 1509 2462 delendam
1530 2436 1639 2463 censet
1655 2433 1736 2464 Gro-

1067 2473 1189 2504 novius.
1230 2474 1517 2505 Drakenborehius
1533 2485 1645 2506 vocem
1662 2481 1738 2517 quot

1067 2527 1124 2556 pro
1140 2518 1224 2557 quod
1238 2517 1456 2556 reponendam
1473 2518 1663 2557 suspicatur.

1111 2568 1128 2598 3
1151 2560 1206 2589 Ad
1228 2564 1375 2590 cunctam
1399 2561 1571 2592 militarem
1597 2562 1736 2601 discipli-

1067 2603 1158 2640 nam]
1190 2602 1242 2632 Ad
1264 2612 1359 2632 omne
1379 2602 1526 2633 militaris
1549 2602 1737 2643 disciplinae

1065 2654 1174 2684 genus.

1109 2698 1129 2724 4
1150 2688 1196 2717 Ec
1226 2687 1261 2717 in
1288 2687 1382 2717 ‘rebus
1412 2688 1525 2718 deinde
1548 2689 1734 2727 ,qerendiffj

1068 2729 1168 2760 Hunc
1181 2729 1287 2759 locum
1299 2728 1343 2759 sie
1359 2729 1469 2768 explet
1487 2729 1647 2768 Sigonius:
1673 2732 1693 2746 “
1704 2735 1737 2761 et

1065 2771 1097 2801 in
1114 2773 1207 2802 rebus
1223 2771 1339 2801 deinde
1354 2771 1500 2810 gerendis
1512 2782 1636 2803 summe
1647 2773 1737 2804 utilis

1067 2814 1222 2853 Philippo
1259 2813 1383 2844 consuli
1420 2814 1492 2844 fuit.
1560 2815 1735 2845 Proconsul

1065 2856 1150 2886 enirn
1167 2857 1207 2886 ad
1224 2856 1400 2887 exercitum
1415 2867 1594 2894 conversus,
1608 2868 1681 2888 eum
1694 2859 1735 2889 ad

1065 2909 1131 2928 rem
1158 2899 1282 2929 fortiter
1308 2899 1479 2939 gerendam
1507 2899 1653 2931 hortatus
1677 2905 1737 2939 est,

1066 2952 1167 2980 coque
1178 2942 1300 2973 consuli
1312 2941 1431 2973 tradito
1442 2942 1583 2973 Romam
1594 2953 1738 2974 reversus
