1888 3194
320 173 404 213 390
814 170 1226 215 PRAEFATIO

320 275 652 331 corruptissimos
683 285 824 318 tamen
854 277 958 328 illos,
981 293 1086 334 quos
1116 278 1161 319 in
1190 277 1411 319 Annotatt.
1443 275 1497 317 ad
1530 274 1716 317 Sallustii

321 341 433 385 Hist.
467 344 561 385 Lib.
597 343 678 385 III.
711 344 963 401 Fragmenta
996 361 1035 402 p.
1067 348 1133 387 86.
1169 360 1260 401 sqq.
1290 345 1495 395 recensui‚
1536 344 1716 386 intactos

320 411 590 467 relinqueret,
612 427 708 453 cum
730 414 1071 455 annotationibus
1091 413 1246 454 criticis
1266 413 1450 454 edidero.

380 480 542 530 Restat,
576 489 624 522 ut
658 481 711 522 de
752 482 927 532 ratione,
962 497 1089 538 quam
1125 482 1170 523 in
1208 482 1321 523 Livii
1359 482 1466 523 libro
1508 480 1718 522 tricesimo

321 549 446 590 tertio
478 549 532 590 ad
562 549 717 590 codicis
750 549 1070 605 Bambergensis
1101 558 1144 590 et
1176 549 1412 590 editionum
1448 549 1717 604 antiquarum

322 615 452 657 fidem
485 616 651 658 edendo
685 625 811 672 atque
843 617 1043 657 varietate
1077 616 1308 657 lectionum
1341 617 1387 657 in
1419 616 1580 666 ceteris,
1613 631 1718 672 quos

323 684 458 725 codex
479 683 549 724 ille
570 684 772 732 continet,
798 683 910 724 Livii
931 683 1046 724 libris
1067 683 1293 739 diligenter
1319 684 1531 725 enotanda
1551 693 1719 725 secutus

323 767 427 802 sum,
450 751 708 807 paucissimis
735 751 957 792 absolvam.
1019 751 1210 792 Primum
1241 751 1430 792 omnium
1457 752 1598 807 igitur,
1619 752 1720 793 licet

323 835 460 876 nuper
490 818 772 860 homunculus
804 819 946 859 nescio
980 819 1087 874 quis,
1117 819 1191 875 qui
1224 819 1303 860 sibi
1335 827 1491 869 caveat,
1524 834 1592 870 ne,
1624 821 1719 860 dum

324 885 411 924 vult
448 885 621 924 validius
660 884 806 939 inflare
845 900 936 934 sese,
974 893 1022 925 ut
1062 884 1281 925 Phaedrus
1321 884 1391 934 ait,
1434 892 1553 940 rupto
1592 887 1722 926 iaceat

325 968 498 1008 corpore,
521 952 794 992 minutiarum
816 952 1004 993 studium
1026 952 1129 993 mihi
1150 952 1317 1009 publice
1340 952 1552 1003 obiecerit,
1574 953 1619 994 in
1640 953 1721 994 hoc

326 1035 495 1076 quoque
525 1020 665 1061 labore
694 1019 856 1061 fortiter
883 1036 930 1061 ac
959 1030 1127 1061 strenue
1157 1021 1413 1062 exantlando
1443 1036 1497 1062 ne
1529 1021 1722 1062 minutis-

325 1089 449 1130 simas
471 1088 643 1144 quidem
665 1104 729 1129 res
752 1089 1025 1145 negligendas
1050 1104 1138 1130 esse
1165 1089 1415 1140 existimavi,
1438 1089 1554 1132 haud
1573 1090 1722 1131 imme—

326 1172 417 1198 mor
449 1172 608 1206 eorum,
643 1172 750 1212 quae
786 1156 982 1197 Erasmus
1018 1157 1327 1198 Roterodamus
1359 1167 1402 1199 et
1432 1157 1539 1199 Dav.
1569 1157 1722 1198 Ruhn-

326 1225 476 1266 kenius
512 1225 565 1265 de
602 1224 796 1265 codicum
837 1240 963 1265 manu
999 1225 1247 1280 scriptorum
1284 1225 1506 1267 collatione
1542 1225 1585 1266 in
1628 1225 1723 1266 uni-

327 1307 493 1333 versum
530 1303 844 1348 praeceperunt.
909 1292 985 1333 Ille
1022 1292 1135 1333 enim
1172 1293 1216 1333 in
1251 1293 1508 1349 praefatione
1545 1293 1723 1335 editioni

330 1360 609 1416 Moguntinae
652 1360 859 1416 praefixa:
914 1361 1098 1410 Nullum,
1141 1361 1292 1416 inquit,
1335 1369 1418 1402 tam
1458 1363 1722 1416 depravatum

329 1431 539 1485 exemplar,
561 1430 661 1470 mule
682 1430 816 1470 sollers
833 1428 1105 1470 σοηιὶτὲειΐον22
1122 1444 1199 1471 non
1216 1430 1341 1470 multa
1359 1437 1479 1486 queat
1493 1432 1720 1480 restitzcere3

331 1568 460 1599 datione
476 1567 636 1605 substitui,
652 1578 775 1598 memor
795 1578 905 1598 eorum
922 1577 1005 1606 quae

331 1611 363 1640 in
404 1610 507 1649 Epist.
539 1611 580 1640 ad
615 1610 757 1640 Goeller.
794 1621 823 1649 p.
856 1617 927 1649 447.
959 1619 1004 1648 sq.

331 1653 530 1692 scripseram.
596 1653 715 1683 Postea
752 1657 862 1682 tamen
901 1652 1005 1691 Kopi-

332 1695 431 1725 tarius
462 1705 518 1734 per
548 1694 657 1732 literas
687 1695 767 1725 inihi
803 1694 1006 1734 significavit,

332 1738 526 1767 vocabulum
546 1739 654 1768 minus
677 1737 709 1767 in
732 1737 841 1768 codice
864 1736 1005 1777 reperiri.

334 1780 427 1810 Nihil
444 1780 540 1819 igitur
555 1780 728 1819 quicquam
745 1781 948 1811 mutandum.

378 1832 415 1852 22
441 1823 539 1862 Apud
555 1822 725 1862 scriptores
742 1822 886 1858 Latinos,
903 1832 922 1852 a
938 1821 1005 1861 qui-

334 1866 393 1895 bus
408 1865 604 1895 somniorum
627 1868 724 1903 atque
746 1865 890 1895 ominum
911 1865 1006 1894 inter-

334 1911 451 1947 pretes,
466 1912 502 1937 ut
524 1907 767 1943 Quinctilianus
792 1907 898 1938 Instit.
917 1907 1006 1937 Orat.

335 1951 405 1981 ΙΙΙ.
423 1949 452 1981 6.
475 1959 525 1988 30.
549 1950 606 1987 ait,
629 1952 819 1981 coniectores
842 1952 1008 1987 vocantur,

333 1993 449 2023 frustra
461 2003 595 2032 quaeras
609 1993 799 2022 vocabulum
817 1993 1009 2022 coniectator

335 2036 375 2065 ab
390 2035 525 2064 Erasmo
542 2035 727 2065 confictum.
767 2034 884 2072 Neque
900 2038 1009 2063 nostra

335 2081 442 2107 aetate
458 2077 585 2113 desunt,
601 2076 654 2115 qui
673 2076 798 2106 Erasmi
820 2076 1007 2114 exemplum

335 2123 520 2158 sequantur.
560 2119 643 2149 Prae
659 2119 772 2148 ceteris
787 2123 896 2148 tamen
914 2119 1008 2148 Ferd.

338 2161 551 2198 Hauthalius,
582 2161 671 2190 cuius
701 2160 912 2191 Latinitatem
945 2171 1008 2190 non

337 2205 428 2240 salso,
456 2204 511 2233 sed
539 2203 653 2233 merito
680 2207 860 2242 suspectam
890 2213 930 2233 cx
960 2202 1009 2239 iis,

337 2257 419 2286 quae
436 2246 476 2276 de
497 2256 578 2276 nora
598 2245 726 2276 Horatii
742 2245 895 2281 editione,
912 2255 1008 2284 quam

338 2289 470 2318 molitur
485 2292 516 2318 et
538 2298 654 2327 magno
675 2288 767 2318 hiatu
791 2287 1009 2327 pr‹)m1ttit,in

340 2331 448 2363 Iahnii
481 2331 598 2362 Annal.
634 2331 787 2369 philolog.
826 2335 856 2360 et
893 2331 1008 2369 paeda—

337 2384 406 2413 gog.
429 2384 456 2404 a.
482 2373 571 2411 1830.
599 2373 673 2404 Vol.
700 2373 748 2404 ΙΙ.
774 2373 864 2403 Fasc.
892 2373 952 2403 IV.
978 2383 1007 2411 p.

339 2426 410 2455 450.
424 2426 490 2455 sqq.
508 2415 656 2446 disseruit
672 2420 768 2455 atque
785 2425 823 2445 ex
842 2415 952 2445 libello
965 2415 1011 2444 ita

339 2459 514 2498 inscripto:
547 2458 623 2488 Auli
648 2458 748 2488 Persii
773 2458 882 2488 Flacci
907 2457 1010 2488 Satira

340 2501 444 2540 prima
468 2501 554 2530 edita
581 2504 612 2530 et
641 2500 794 2540 castigata
817 2501 858 2530 ad
887 2500 1008 2530 XXX.

340 2543 496 2573 editiones
519 2543 766 2581 antiquissimas,
787 2547 846 2573 etc.
872 2553 891 2572 a
917 2543 1010 2572 Ferd.

342 2585 500 2615 Hauthal.
528 2585 669 2624 Lipsiae,
697 2586 785 2623 1833.
812 2587 852 2615 de
879 2595 941 2624 quo
970 2585 1011 2613 G.

343 2627 514 2665 Pinzgerns
543 2627 575 2656 in
607 2627 888 2665 ephemeridibus:
927 2627 1010 2656 Zeit-

341 2669 450 2700 schrift
461 2670 476 2698 f
477 2672 512 2699 ‘ur
521 2669 572 2698 die
583 2668 1013 2699 Alterthumswissenschat't.

347 2712 435 2751 1835.
463 2711 526 2742 No.
553 2720 687 2749 30—33.
711 2721 740 2750 p.
766 2710 942 2749 246-266.
967 2721 1012 2740 sc.-

343 2764 415 2784 verc
431 2753 574 2793 quidem,
589 2753 643 2782 sed
660 2756 746 2782 recte
762 2753 926 2789 iudicavit,
944 2763 1013 2791 cog-

342 2806 454 2826 noscas
484 2796 571 2833 licet,
605 2796 665 2825 hoc
698 2795 756 2825 sibi
787 2795 936 2834 sumpsit.
967 2799 1014 2831 ut,

342 2838 613 2879 quemadmodum
635 2837 666 2867 in
689 2837 800 2867 multis
819 2837 890 2867 aliis
910 2837 950 2867 ab
966 2836 1011 2866 in-

343 2884 492 2921 corrupta
518 2880 623 2911 Latini
652 2879 805 2911 sermonis
831 2879 1011 2919 integritate

1050 1565 1252 1603 descisceret,
1277 1564 1324 1595 ita
1353 1566 1526 1605 impressor
1551 1574 1608 1605 pro
1636 1569 1724 1605 typo·

1046 1609 1193 1648 ,qraplms
1210 1612 1242 1639 et
1255 1609 1431 1647 yarrulare
1452 1618 1510 1647 pro
1522 1609 1654 1647 garrire
1669 1617 1724 1647 po-

1049 1655 1148 1682 neret.
1195 1651 1295 1686 Quod
1327 1661 1428 1690 quum
1458 1650 1491 1680 in
1525 1650 1726 1690 praefatione

1051 1693 1326 1725 Commentationi
1343 1693 1384 1723 de
1405 1693 1442 1724 C.
1456 1692 1602 1724 Sallustii
1619 1692 1726 1731 Crispi

1051 1737 1138 1767 Hist.
1154 1735 1224 1767 Lib.
1240 1735 1308 1767 III.
1327 1735 1540 1775 Fragmentis,
1556 1738 1616 1766 etc.
1633 1745 1724 1775 prae-

1050 1779 1145 1809 missa
1169 1789 1200 1818 p.
1222 1787 1268 1809 12.
1292 1788 1349 1817 per
1373 1777 1481 1808 iocum
1504 1777 1606 1818 magis
1627 1787 1726 1817 quam

1051 1821 1131 1851 serio
1155 1825 1187 1851 et
1210 1830 1381 1860 suppresso
1398 1820 1572 1851 Hauthalii
1595 1820 1726 1851 nomine

1051 1863 1339 1903 reprehendissem,
1376 1866 1444 1893 tam
1485 1862 1625 1902 graviter
1657 1862 1726 1900 ille,

1052 1916 1151 1945 quun]
1180 1916 1213 1936 se
1240 1905 1306 1945 peti
1333 1905 1492 1944 sensisset,
1518 1908 1727 1944 exasperatus

1052 1953 1111 1986 est,
1124 1952 1159 1978 ut
1175 1948 1207 1977 in
1224 1948 1305 1978 libro
1321 1948 1365 1978 sic
1380 1947 1552 1987 inscripto:
1576 1946 1726 1986 Beitr'age

1053 2001 1109 2020 zur
1132 1990 1341 2025 Geschichte,
1361 1990 1612 2029 Verbesserung,
1635 1989 1726 2020 Fest-

1052 2033 1194 2071 stellung
1221 2033 1287 2062 und
1314 2032 1498 2071 Erkliirung
1524 2032 1581 2061 des
1605 2031 1728 2062 Textes

1054 2076 1109 2105 der
1125 2075 1251 2105 Satiren
1268 2075 1323 2104 des
1340 2074 1468 2104 Persius
1482 2084 1541 2104 von
1559 2073 1617 2105 Dr.
1630 2074 1725 2105 Ferd.

1055 2117 1216 2147 Hauthal.
1240 2116 1381 2156 Leipzig.
1409 2117 1498 2155 1837.
1522 2126 1618 2155 quem
1641 2115 1726 2146 miri-

1054 2160 1115 2189 fica
1145 2170 1220 2189 sane
1248 2159 1386 2189 censoris
1414 2159 1537 2198 publici
1562 2168 1660 2196 nunc,
1686 2160 1727 2190 sit

1052 2203 1136 2238 licet,
1148 2205 1185 2231 ut
1202 2201 1388 2241 Propertius
1404 2201 1460 2239 ait,
1472 2205 1502 2232 et
1508 2202 1603 2239 ferro
1615 2202 1728 2232 durior

1053 2249 1083 2275 et
1104 2245 1245 2283 chalybe,
1261 2254 1280 2274 a
1303 2254 1437 2274 censura
1458 2244 1584 2281 remoti,
1600 2247 1727 2274 nostrae

1054 2288 1216 2326 quondam
1244 2286 1434 2326 disciplinae
1464 2286 1600 2323 alumni,
1626 2286 1726 2317 facili-

1054 2334 1119 2359 tate
1143 2329 1407 2368 indulgentiaque
1430 2328 1560 2359 adiutus
1581 2329 1727 2359 Dresdae

1053 2372 1085 2402 in
1110 2372 1237 2402 officina
1261 2371 1542 2402 Blochmanniaua
1564 2370 1652 2410 typis
1673 2381 1727 2401 ex-

1054 2414 1256 2444 scribendum
1297 2414 1431 2451 curavit,
1463 2416 1506 2450 et,
1538 2423 1638 2452 quum
1674 2423 1728 2443 me

1054 2457 1147 2487 illum
1171 2466 1244 2487 meo
1267 2456 1346 2486 mihi
1369 2466 1441 2486 aere
1465 2458 1727 2494 comparaturum

1055 2510 1122 2529 esse
1145 2503 1231 2529 recte
1254 2499 1448 2537 desperaret,
1463 2497 1543 2536 ipse,
1569 2496 1640 2536 quis
1663 2507 1728 2528 ere-

1056 2542 1138 2572 dat?
1162 2542 1203 2571 ad
1224 2551 1276 2571 me
1296 2540 1482 2577 transmisit,
1498 2550 1529 2578 p.
1547 2540 1726 2579 373—382.

1056 2584 1190 2622 aliisque
1210 2583 1288 2613 locis
1308 2582 1527 2612 taeterrimum
1543 2581 1729 2612 aoerbitatis

1057 2636 1132 2656 suae
1149 2625 1233 2655 virus
1254 2625 1286 2655 in
1307 2635 1359 2654 ine
1379 2627 1552 2661 evomeret,
1567 2624 1728 2664 simulque

1058 2667 1209 2697 conviciis
1230 2677 1268 2697 ac
1292 2666 1413 2705 probris
1434 2676 1486 2696 me
1507 2666 1729 2704 insectaretur,

1058 2714 1091 2739 ut
1106 2709 1231 2748 pueruli
1248 2709 1280 2738 in
1297 2708 1396 2739 triviis
1411 2709 1526 2746 solent,
1538 2718 1602 2739 non
1615 2708 1729 2747 verbis,

1057 2753 1113 2781 sed
1136 2751 1317 2781 verberibus
1342 2751 1527 2790 castigandi.
1575 2751 1639 2781 Par
1659 2750 1728 2790 pari

1058 2794 1173 2824 referre
1199 2798 1230 2824 et
1256 2793 1518 2823 muliercularum
1547 2793 1610 2823 ritu
1635 2793 1728 2824 alter-

1057 2836 1119 2866 cari
1145 2846 1208 2866 non
1232 2835 1356 2873 honori,
1373 2836 1428 2866 sed
1452 2835 1600 2866 dedecori
1624 2836 1728 2867 duco:

1057 2879 1096 2908 dc
1135 2889 1167 2909 re
1206 2888 1307 2917 pauca
1345 2879 1472 2910 addam.
1531 2877 1730 2909 Hauthaliun
