1888 3194
926 168 1216 207 INDEX.

379 247 428 280 M.
447 245 612 288 Geganius
641 244 838 284 Macerinus,
867 255 930 277 cos.
957 245 1048 276 sedat

421 290 577 322 coitiones
594 289 806 326 tribunorum,
822 288 973 319 adversus
992 298 1047 318 no-

421 334 537 364 bilium
559 333 760 363 iuventutem
782 334 866 362 ortas
882 340 912 370 3,
927 329 977 370 65.
1002 341 1047 361 se-

422 377 564 407 cundum
578 386 639 406 cos.
653 387 684 414 4,
697 375 725 405 8.
749 374 895 411 Volscos,
909 374 1047 404 Ardeam

418 419 615 456 obsidentes,
641 417 765 448 obsidet
794 416 862 456 ipse
889 426 918 457 9.
950 416 1048 447 vincit

423 462 570 499 Volscos,
594 464 626 491 et
652 461 710 490 sub
739 460 848 498 iugum
874 458 973 489 mittit
1001 468 1047 489 10.

422 504 586 544 componit
603 504 728 534 Ardeae
743 512 803 540 res,
819 502 895 532 ibid.
918 500 1001 531 redit
1016 501 1048 531 in

421 548 535 577 urbem
565 546 707 585 triumph
711 555 778 582 ⁴.,1ns
808 544 883 574 ibid.
918 544 1048 574 tertium

423 600 485 621 cos.
521 596 567 629 17.
608 598 717 619 censor
755 586 900 626 probavit
938 586 1048 616 villam

422 632 587 672 publicam
624 631 658 661 in
695 639 809 676 campo
847 628 967 659 Martio
999 637 1048 658 22.

423 676 525 706 Mam.
543 673 731 709 Aemilium,
747 671 801 710 qui
818 671 955 701 dictator
977 680 1048 700 cen-

423 727 541 754 suram,
585 714 857 763 quinquennalem
907 716 1049 749 eatenus,

422 760 507 790 intra
518 758 593 788 311111
608 761 639 788 et
652 767 706 787 sex
720 766 878 786 mensmm
888 756 1050 794 redegerat

423 801 576 841 spatium,
592 799 678 830 omni
695 798 870 839 ignominia
884 798 983 828 afficit
1001 807 1049 837 24.

425 844 464 874 cf.
482 849 514 874 et
529 853 560 884 9,
577 852 616 882 33
633 846 665 872 et
682 851 731 880 34.

382 887 541 918 Proculus
558 885 721 925 Geganius
734 882 931 921 Macerinus,
944 893 1005 914 cos.
1020 894 1050 922 4,

430 939 478 960 12.

382 972 422 1004 T.
436 971 611 1012 Geganius,
628 980 657 1009 2,
674 979 723 1008 34.

382 1015 479 1052 Gelo,
497 1013 651 1044 Η10101113
672 1013 766 1050 1111113,
782 1011 890 1043 deficit
912 1012 953 1042 ad
970 1012 1050 1042 Poe-

424 1067 482 1088 nos
500 1066 550 1096 23,
567 1066 615 1095 30.
640 1066 723 1086 mors
744 1055 810 1085 eius
831 1055 912 1085 adeo
937 1065 1051 1102 oppor-

424 1104 516 1137 tuna,
531 1104 567 1130 ut
588 1103 710 1139 patrem
728 1108 855 1137 quoque
871 1097 1051 1136 suspicione

424 1147 583 1191 aspergat,
607 1141 683 1172 ibid.
715 1141 793 1178 eius,
817 1141 894 1170 dum
922 1140 1051 1178 viveret,

424 1185 457 1215 in
475 1186 564 1216 cultu
580 1184 756 1223 habituque
772 1164 929 1213 modestia
946 1192 996 1221 24,
1014 1191 1041 1222 5.

383 1228 554 1259 Geminius
570 1227 702 1264 Metius,
715 1226 894 1266 praefectus
906 1226 1051 1264 equitum

426 1271 695 1307 Tusculanorum,
708 1269 767 1298 init
783 1279 856 1298 011111
873 1268 909 1298 T.
926 1267 1051 1298 Manlio

425 1313 582 1353 singulare
598 1316 760 1342 certamen
773 1312 802 1349 8,
819 1318 844 1350 7.
868 1310 1004 1341 vincitur
1020 1314 1052 1341 et

425 1355 625 1393 interficitur,
642 1355 718 1385 ibid.

383 1398 490 1429 Genio
513 1399 585 1428 Deo
609 1397 748 1437 quinque
771 1395 907 1426 maiores
929 1395 1051 1426 hostiae

427 1451 537 1472 caesae
554 1451 604 1478 21,
621 1439 670 1471 62.

386 1483 528 1515 Gentem
544 1483 660 1513 habere
681 1493 714 1513 se
735 1482 829 1519 solos,
846 1480 971 1521 patricii
986 1481 1051 1520 glo-

428 1527 593 1557 riabantur
611 1535 659 1563 10,
676 1526 704 1555 8.

385 1569 502 1600 Gentis
517 1568 649 1608 enuptio
666 1577 717 1608 39,
737 1577 784 1608 19.

385 1611 558 1643 Gentilitia
573 1621 662 1641 sacra
679 1619 708 1650 5,
725 1617 774 1648 52.

385 1654 535 1692 Gentius,
553 1653 739 1693 Illyriorum
757 1662 824 1690 rex,
842 1650 933 1682 variis
950 1651 1052 1682 crimi-

426 1697 522 1728 nibus
547 1697 750 1727 insimulatus
780 1695 868 1735 apud
895 1698 1053 1733 senatum,

425 1741 549 1780 legatos
571 1740 711 1770 Romam
732 1738 832 1768 mittit
856 1738 898 1768 ad
918 1748 1053 1777 purgan-

427 1784 506 1813 dum
522 1792 555 1813 se
572 1792 623 1820 40,
640 1791 689 1820 42.
713 1792 787 1812 eum
803 1784 989 1820 suspectum
1007 1781 1053 1811 Is-

427 1835 535 1856 senses
555 1825 651 1865 legati
667 1824 801 1862 faciunt,
817 1827 971 1862 tanquam
989 1833 1053 1853 uno

426 1868 534 1898 animo
548 1868 707 1898 viventem
722 1877 795 1897 cum
810 1867 926 1896 Perseo
939 1876 990 1904 42,
1005 1865 1053 1897 26.

425 1912 469 1941 ad
489 1921 564 1941 eum
586 1910 682 1949 legati
704 1910 801 1940 Rom.
821 1908 896 1939 ibid.
920 1912 967 1938 est
989 1909 1053 1939 Ro-

427 1953 531 1984 manis
553 1956 719 1992 suspectus
741 1961 792 1990 43,
819 1960 865 1982 11.
893 1951 1054 1982 obsidibus

427 1997 514 2027 ultro
546 1995 687 2035 citroque
717 1995 811 2032 datis,
837 1994 949 2024 foedus
978 1994 1054 2024 facit

428 2049 503 2070 cum
521 2039 638 2069 Perseo
651 2049 702 2076 44,
717 2047 765 2076 23.
789 2036 918 2067 coniicit
934 2037 1055 2076 legatos

428 2082 526 2113 Rom.
561 2081 594 2111 in
632 2090 789 2111 carcerem
829 2087 877 2119 27.
918 2079 1055 2118 pecunia

429 2128 526 2164 pacta
550 2124 716 2154 fraudatur
741 2133 760 2153 a
788 2123 916 2159 Perseo,
943 2123 1055 2152 decem

429 2167 656 2197 tantummodo
671 2165 802 2196 talentis
816 2164 967 2204 acceptis,
978 2165 1054 2194 ibid.

430 2210 497 2240 eius
511 2219 611 2249 genus
626 2213 657 2239 et
670 2208 755 2238 facta
771 2217 820 2245 30.
844 2207 967 2246 copiae,
979 2207 1055 2237 ibid.

430 2252 568 2282 vincitur
583 2262 603 2281 a
619 2251 714 2281 Rom.
732 2259 781 2289 31.
804 2250 884 2289 petit
904 2248 1055 2285 indutias,

429 2294 507 2324 ibid.
531 2293 620 2323 dedit
640 2303 673 2323 se
691 2292 723 2322 in
740 2295 932 2331 potestatem
948 2290 1054 2321 Anicii

430 2335 595 2376 praetoris,
618 2335 695 2365 ibid.
727 2334 761 2364 in
791 2333 966 2363 custodiam
993 2337 1053 2363 tra-

432 2378 529 2415 ditur,
550 2377 624 2407 ibid.
649 2387 722 2407 011111
743 2376 877 2415 coniuge
898 2378 929 2405 et
949 2375 1055 2405 liberis

431 2421 464 2451 in
480 2419 681 2459 triumphum
698 2419 825 2449 ducitur
839 2421 914 2448 ante
929 2428 1055 2448 currum

433 2464 471 2494 L.
485 2462 591 2493 Anicu
616 2460 770 2501 praetoris
795 2468 846 2499 45,
867 2469 916 2499 43.
946 2460 1055 2499 Spole-

432 2506 514 2536 tium
531 2504 670 2535 mittitur
685 2504 717 2533 in
734 2502 923 2540 custodiam,
938 2503 1013 2534 ibid.

392 2549 521 2586 Genua,
543 2549 628 2585 urbs,
651 2556 700 2583 21,
722 2555 771 2584 32.
799 2545 924 2584 capitur
946 2556 965 2575 a
986 2546 1055 2576 Ma-

433 2601 527 2631 gone,
551 2589 748 2621 Hamilcaris
770 2588 836 2618 filio
862 2588 911 2625 28,
936 2587 983 2626 46.
1016 2589 1056 2619 ab

435 2644 472 2664 οο
488 2633 604 2671 diruta,
620 2631 848 2662 exaedificatur
867 2641 886 2661 a
902 2631 1058 2662 Romanis

435 2686 486 2715 30,
506 2685 530 2707 1.

393 2719 432 2752 C.
446 2717 622 2755 Genucius,
642 2717 725 2747 inter
747 2715 866 2756 primos
885 2726 1018 2756 augures
1040 2727 1058 2747 e

436 2762 531 2802 plebe
548 2764 670 2791 creatos
690 2769 737 2796 10,
753 2768 782 2800 9.

394 2805 455 2837 Cn.
469 2803 646 2841 Genucius,
660 2802 731 2833 trib.
748 2802 794 2842 pl.
811 2801 896 2832 domi
917 2811 992 2831 suae
1008 2812 1058 2832 oc-

438 2847 521 2878 cisus
538 2855 567 2884 2,
584 2853 632 2884 54.

392 2890 457 2921 Cn.
482 2888 646 2920 Genucius
679 2887 834 2927 plebeius,
862 2886 933 2918 trib.
964 2887 1058 2918 milit.

439 2930 595 2963 consulari
622 2933 780 2971 potestate
807 2937 836 2969 5,
862 2938 909 2968 13.
943 2928 1058 2961 iterum

1133 245 1205 276 trib.
1225 244 1319 277 milit.
1340 245 1386 277 18.
1410 243 1639 285 praecipitatus
1657 244 1692 277 in
1709 244 1756 277 in-

1133 288 1241 326 sidias,
1270 293 1346 319 ante
1376 288 1464 329 signa
1493 288 1576 319 inter
1604 288 1758 329 primores

1134 331 1231 369 cadit,
1246 331 1323 362 ibid.

1093 373 1153 404 Cn.
1171 373 1347 412 Genucius,
1364 384 1425 405 cos.
1444 380 1472 413 7,
1489 383 1517 413 3.

1093 416 1130 447 L.
1145 416 1322 455 Genucius,
1349 427 1388 447 ex
1415 417 1510 456 plebe
1537 417 1648 448 consul
1674 425 1704 455 7,
1731 425 1757 448 1.

1134 460 1310 489 secundum
1341 470 1403 490 cos.
1431 471 1460 498 4.
1494 459 1644 490 adversus
1675 459 1758 490 Her-

1133 501 1221 531 nicos
1244 502 1415 541 profectus,
1432 502 1518 532 male
1540 512 1607 532 rem
1628 501 1709 541 gerit
1727 499 1757 533 6.

1133 543 1332 581 interficitur,
1348 544 1423 575 ibid.

1093 585 1130 615 L.
1143 585 1318 624 Genucius,
1327 587 1398 617 trib.
1413 587 1455 626 pl.
1466 586 1527 617 fert
1536 587 1577 617 ad
1588 587 1758 627 populum,

1134 638 1175 657 ne
1190 628 1352 658 foenerare
1368 628 1463 659 liceat
1481 636 1509 667 7,
1525 639 1576 667 4²·

1094 669 1131 700 L.
1146 669 1321 708 Genucius,
1338 681 1399 701 003.
1420 681 1468 708 10,
1487 680 1511 701 1.

1094 712 1131 743 L.
1147 712 1323 749 Genucius,
1339 714 1380 743 ad
1395 723 1501 753 regem
1517 713 1700 753 Syphacem
1715 714 1758 745 10-

1136 759 1228 795 gatus
1247 762 1296 794 27,
1313 766 1340 793 4.

1095 797 1143 828 M.
1159 798 1335 835 Genucius,
1352 808 1415 828 cos.
1432 809 1462 836 4,
1481 808 1507 829 1.

1095 840 1143 871 M.
1157 840 1334 878 Genucius,
1348 840 1419 871 trib.
1435 840 1503 871 mil.
1519 839 1708 872 interficitur
1726 840 1760 872 in

1137 883 1258 923 proelio
1275 893 1348 913 cum
1365 883 1453 914 Boiis
1470 891 1520 922 35,
1537 891 1565 922 5.

1096 925 1135 956 T.
1150 926 1326 963 Genucius,
1342 926 1414 956 trib.
1433 926 1476 965 pl.
1493 929 1605 956 auctor
1619 925 1761 966 agrariae

1137 968 1226 1008 legis,
1243 969 1327 999 diem
1344 968 1421 999 dicit
1436 968 1475 999 T.
1494 968 1646 999 Menenio
1665 979 1694 1008 2,
1710 976 1760 1008 52.

1095 1011 1134 1042 T.
1149 1012 1313 1042 Genucius
1329 1010 1489 1042 decemvir
1503 1014 1628 1042 creatur
1643 1021 1694 1050 31,
1709 1020 1760 1051 33.

1095 1054 1247 1085 Genusus
1263 1055 1366 1085 amnis
1381 1065 1432 1093 44,
1449 1063 1498 1092 30.

1095 1096 1299 1128 Geraesticus
1314 1102 1425 1137 portus
1440 1096 1593 1127 Teiorum
1609 1104 1661 1137 37,
1674 1103 1713 1138 27
1728 1100 1760 1128 et

1137 1141 1186 1171 28.

1096 1181 1280 1220 Geraestus,
1297 1183 1449 1213 Euboeae
1464 1186 1574 1222 portus
1590 1191 1640 1222 31,
1656 1189 1707 1223 45.

1095 1225 1299 1265 Gergithum,
1315 1225 1470 1265 oppidum
1488 1225 1539 1264 38,
1555 1235 1604 1266 39.

1097 1268 1279 1307 Germalus,
1303 1268 1392 1298 locus
1415 1268 1448 1298 in
1474 1269 1552 1298 urbe
1578 1269 1685 1299 Roma
1708 1276 1760 1307 33,

1139 1310 1188 1341 26.

1095 1353 1281 1384 Germanici
1296 1355 1395 1384 saltus
1411 1363 1442 1394 9,
1458 1352 1507 1392 36.

1097 1396 1286 1434 Geroniuin,
1306 1396 1372 1426 sive
1397 1395 1588 1434 Gerunium,
1611 1396 1686 1426 urbs
1710 1405 1760 1434 22,

1142 1439 1190 1476 18,
1208 1448 1246 1476 24
1263 1443 1294 1468 et
1310 1448 1358 1480 39.

1097 1481 1303 1517 Gerruuium,
1319 1482 1487 1511 castellum
1504 1489 1555 1519 31,
1572 1487 1620 1520 27.

1096 1524 1207 1563 Gisgo,
1224 1524 1346 1563 legatus
1362 1524 1403 1554 ad
1420 1523 1610 1563 Philippum
1628 1532 1678 1562 23,
1694 1532 1745 1563 34.

1097 1566 1207 1606 Gisgo,
1223 1567 1409 1597 dissuadens
1430 1577 1555 1606 pacem,
1575 1567 1615 1596 ab
1636 1565 1762 1597 Hanni·

1138 1610 1211 1640 bale
1227 1619 1244 1639 e
1260 1609 1420 1649 superiore
1435 1610 1506 1640 loco
1518 1609 1696 1640 detrahitur
1711 1618 1762 1649 30,

1139 1660 1189 1691 37·

1097 1695 1248 1733 Gitanae,
1265 1694 1355 1735 Epiri
1371 1694 1527 1735 oppidum
1543 1704 1594 1734 42,
1611 1695 1660 1734 38.

1098 1738 1302 1768 Gladiatores
1340 1739 1429 1778 apud.
1465 1738 1649 1778 Campanos
1685 1736 1763 1768 dicti

1140 1780 1299 1811 Samnites
1315 1791 1345 1822 9,
1362 1790 1411 1819 40.

1099 1823 1300 1854 Gladiatoria
1316 1824 1501 1863 spectacula
1514 1832 1565 1862 23,
1577 1832 1627 1863 30.
1649 1822 1701 1862 28,
1712 1831 1762 1855 21.

1143 1874 1257 1914 31250-
1283 1875 1333 1907 39,
1350 1865 1400 1904 46·
1423 1876 1475 1905 41,
1491 1875 1541 1905 33·

1098 1909 1237 1940 Gladius
1253 1912 1284 1939 et
1300 1919 1412 1948 parma
1432 1913 1506 1939 sunt
1525 1918 1614 1939 arma
1629 1908 1763 1939 velitum

1141 1960 1192 1990 31,
1219 1959 1267 1990 35.
1303 1951 1435 1991 ponderi
1463 1951 1590 1982 additur
1615 1952 1656 1981 ab
1681 1951 1764 1981 inso-

1140 1994 1227 2024 lente
1251 1994 1349 2024 Gallo
1373 2001 1402 2033 5,
1424 1994 1474 2033 48.
1502 1993 1599 2033 gladii
1619 1994 1763 2024 Arabum

1140 2037 1385 2076 sagittariorum,
1400 2036 1605 2067 insidentium
1622 2035 1763 2074 camelis,

1140 2083 1264 2117 tenues,
1288 2079 1374 2119 longi
1398 2083 1554 2118 quaterna
1579 2077 1687 2108 cubita
1711 2086 1763 2118 37,

1141 2132 1191 2159 40.
1221 2122 1390 2152 Gallorum
1411 2120 1513 2160 inepti
1536 2129 1586 2158 22,
1607 2119 1657 2158 46.
1686 2120 1763 2152 His-

1141 2163 1308 2203 panienses
1336 2171 1364 2202 7,
1395 2173 1441 2194 10.
1474 2172 1525 2201 22,
1549 2161 1599 2201 46.
1634 2172 1686 2202 31,
1713 2173 1763 2202 34.

1140 2206 1252 2246 gladiis
1277 2205 1434 2236 destrictis
1460 2205 1605 2235 discincti
1631 2205 1764 2237 destitu-

1141 2252 1238 2278 untur
1257 2248 1374 2279 milites
1393 2247 1585 2287 ignominiae
1601 2258 1697 2279 causa
1713 2255 1764 2288 27,

1144 2299 1189 2329 13.

1100 2332 1227 2363 Gnossii
1245 2339 1296 2371 37,
1311 2331 1360 2364 60.
1385 2343 1436 2371 42,
1452 2340 1502 2372 51.

1100 2375 1255 2415 Gomphi,
1272 2376 1344 2406 urbs
1366 2376 1551 2407 Thessaliae
1568 2385 1623 2415 31,
1639 2386 1688 2416 41.
1712 2385 1764 2416 32,

1145 2427 1191 2456 14.
1214 2417 1264 2456 36,
1284 2427 1330 2456 13.
1353 2419 1404 2457 38,
1422 2429 1448 2449 2.
1471 2418 1696 2459 Gomphorum
1711 2429 1764 2449 ex-

1142 2461 1263 2500 peditio
1296 2461 1458 2501 ingentem
1490 2466 1642 2492 terrorem
1672 2461 1765 2492 affert

1143 2503 1306 2534 Thessalis
1330 2513 1381 2542 32,
1409 2514 1456 2542 14.
1484 2503 1652 2543 Gomphos
1678 2503 1765 2544 capit

1143 2546 1362 2586 Amynander,
1377 2546 1454 2577 ibid.

1102 2588 1223 2626 Gonni,
1248 2588 1312 2619 sive
1340 2588 1476 2619 Gonnus
1497 2597 1548 2627 33,
1571 2597 1616 2620 10.
1641 2588 1693 2627 36,
1717 2599 1766 2621 10.

1144 2640 1196 2669 42,
1207 2639 1256 2670 54.
1278 2631 1445 2670 oppidum,
1457 2631 1553 2661 situm
1564 2630 1597 2661 in
1609 2631 1765 2670 faucibus,

1143 2684 1206 2713 qua
1226 2674 1485 2713 tempe'adeuut,
1500 2673 1577 2705 ibid.
1595 2677 1627 2704 et
1647 2672 1698 2713 36,
1717 2683 1765 2705 10.

1144 2726 1195 2755 42,
1211 2715 1261 2755 67·
1285 2726 1336 2754 442
1352 2714 1381 2746 6.

1104 2758 1408 2798 Gonnocondylum,
1431 2757 1588 2798 oppidum
1613 2759 1765 2790 Perrhae-

1144 2801 1215 2831 biae
1231 2810 1282 2842 39,
1299 2808 1347 2840 25.

1103 2843 1274 2881 Gordium,
1290 2843 1446 2883 oppidum
1463 2844 1515 2883 38,
1534 2844 1580 2876 18.

1103 2886 1342 2924 Gordiutichos,
1357 2886 1446 2917 locus
1462 2887 1512 2926 38,
1531 2897 1578 2926 13.

1104 2929 1270 2969 Gorgopas
1286 2932 1409 2969 praeest
1425 2929 1496 2960 urbi
1512 2928 1635 2970 Gythio
1651 2938 1703 2969 34,
1717 2936 1766 2971 29.

1863 2661 1888 3194 ἰ
