1888 3194
698 214 991 254 INDEX.

194 300 252 322 nos
272 291 314 321 ob
333 293 462 330 raptum
483 289 624 319 filiarum
644 298 672 327 1,
686 299 707 330 9
723 293 756 319 et
775 298 822 320 10.

194 337 307 364 tenent
335 342 441 363 arcem
477 340 523 362 11.
558 331 717 371 proelium
747 341 822 361 cum

195 374 354 407 Romanis
380 383 417 404 12
442 377 474 404 et
502 382 550 413 13.
582 383 646 413 pax
673 373 823 404 convenit

197 427 244 457 13.
277 417 363 448 bello
385 416 479 456 petiti
504 426 524 447 a
548 416 649 447 Tullo
677 416 822 447 Hostilio

193 460 366 491 vincuntur
396 468 436 498 30
463 462 495 490 et
525 468 576 498 31.
614 458 738 496 Sabini,
767 458 822 499 qui

193 513 267 533 cum
298 501 395 533 Tatio
424 501 638 542 migraverant
668 502 822 540 Romam,

192 545 395 585 Capitolium
433 548 466 575 et
499 554 604 575 arcem
638 544 823 575 incolebant

193 596 243 627 33.
271 587 398 619 Sabinis
422 588 545 618 bellum
569 587 666 618 infert
689 587 823 627 Tarqui-

192 630 265 661 nius
281 629 330 670 36.
353 630 534 661 funduntur
550 639 599 670 37.
622 630 745 661 bellum
767 640 822 671 pa-

191 677 265 704 rant
289 683 318 710 2,
342 672 388 704 16.
416 683 541 713 pacem,
564 678 671 704 creato
696 673 822 704 Romae

193 715 361 754 dictatore,
387 720 502 756 petunt
530 716 576 747 18.
610 716 748 746 Sabinus
773 721 822 747 tu-

191 760 316 790 multus
341 757 389 790 26.
420 759 537 790 iterum
560 759 682 789 bellum
708 762 823 798 parant

194 811 244 841 31.
269 802 451 839 vincuntur,
472 801 548 832 ibid.
577 812 666 832 arma
690 802 821 832 coniun-

191 848 271 885 gunt
295 845 489 876 Veientibus
512 849 623 875 contra
644 845 822 881 Romanos,

192 888 249 918 sed
265 888 444 918 caeduntur
460 896 476 926 5
483 897 510 927 3.
534 898 635 927 usque
655 888 696 918 ad
715 892 823 927 portas

192 930 280 961 urbis
295 931 490 970 populantes
506 930 660 961 incedunt
672 929 724 970 63.
738 930 777 961 cf.
790 934 823 961 et

192 971 244 1011 64.
277 973 401 1004 bellum
432 973 573 1004 inferunt
604 973 762 1004 Romanis
792 982 822 1011 3,

194 1014 234 1047 26
259 1020 291 1046 et
316 1025 366 1055 30.
399 1025 507 1056 pugna
531 1026 605 1046 cum
631 1015 743 1046 iisdem
771 1014 821 1047 62.

192 1058 366 1089 vincuntur
393 1069 412 1090 a
441 1059 598 1090 Romanis
627 1057 676 1098 63.
711 1068 821 1089 eorum

193 1105 297 1132 castra
313 1101 450 1141 direpta,
466 1101 544 1133 ibid.

150 1143 289 1175 Sabinus
311 1154 386 1184 ager
408 1143 439 1181 6,
466 1152 514 1182 27.
545 1144 683 1175 Sabinus
706 1145 821 1175 bovem

191 1186 292 1218 mirae
335 1186 567 1227 magnitudinis
609 1187 651 1218 ad
695 1187 822 1218 Dianae

191 1229 420 1260 Aventinensis
449 1229 559 1260 fanum
592 1229 682 1260 ducit
716 1240 742 1267 1,
771 1237 822 1269 45.

192 1271 303 1303 Sabini
329 1272 461 1303 iuvenes
487 1272 614 1303 Romae
637 1278 742 1303 scorta
766 1282 823 1312 per

192 1315 286 1346 ludos
300 1315 431 1355 rapiunt
449 1324 478 1353 2,
498 1316 545 1346 18.

149 1356 278 1389 Sacella
298 1358 430 1398 publica
448 1367 501 1397 40,
517 1366 567 1397 51.
591 1358 746 1389 sacellum
768 1359 822 1389 Se-

191 1400 296 1431 monis
318 1400 413 1432 Sanci
435 1401 466 1438 8,
487 1410 536 1432 20.
562 1401 744 1432 Pudicitiae
767 1411 822 1441 pa-

191 1442 303 1474 triciae
319 1443 351 1474 in
367 1444 436 1474 foro
451 1443 559 1474 boario
580 1453 628 1481 10,
645 1452 694 1483 23.

150 1485 248 1534 Sacer
268 1496 342 1527 ager
362 1487 448 1526 apud
470 1486 616 1517 Milesios
636 1495 687 1526 37,
704 1495 753 1528 39.
778 1487 822 1517 la-

194 1538 243 1569 pis
258 1539 311 1568 41,
331 1537 377 1568 17.
400 1539 493 1560 mons
510 1539 539 1566 2,
555 1538 605 1568 32.
631 1539 660 1569 3,
677 1538 728 1568 52.

151 1571 250 1603 Sacra
266 1571 317 1602 via
334 1581 363 1610 2,
383 1582 429 1611 13.
453 1572 568 1603 Sacrae
588 1572 733 1611 equitum
750 1572 822 1603 alae

192 1615 280 1655 apud
299 1615 497 1646 Macedonas
512 1626 564 1654 44,
580 1624 632 1653 42.

151 1657 340 1689 Sacerdotes
355 1657 475 1698 publici
494 1657 544 1696 26,
563 1666 610 1696 23.
634 1667 686 1697 42,
703 1658 752 1690 28.
776 1669 821 1689 sa-

193 1701 337 1732 cerdotes
360 1705 446 1731 creat
468 1700 581 1732 Numa
605 1711 632 1738 1,
652 1711 699 1732 20.
726 1701 821 1732 velati

193 1743 258 1774 suis
283 1743 469 1784 insignibus,
492 1748 569 1774 eunt
594 1743 757 1784 supplices
780 1744 821 1775 ad

193 1791 297 1817 castra
309 1787 473 1818 Coriolani
489 1796 517 1824 2,
530 1795 579 1828 39.
604 1797 678 1817 cum
696 1787 821 1826 patricii

192 1829 252 1860 soli
271 1839 398 1869 semper
411 1829 558 1866 fuissent,
574 1829 647 1860 novi
664 1829 704 1860 de
726 1830 821 1869 plebe

191 1872 377 1912 alleguntur
405 1882 452 1910 10,
477 1870 570 1903 6—8.
601 1872 763 1910 nonnulli,
786 1877 821 1903 ut

193 1915 312 1946 flamen
331 1915 448 1953 Dialis,
463 1915 540 1946 olim
563 1915 822 1955 ingrediebantur

192 1962 339 1988 senatum
359 1966 409 1998 27,
421 1959 450 1989 8.
471 1968 541 1989 raro
555 1959 675 1989 fiebant
692 1958 823 1989 iuvenes

192 2004 248 2031 aut
264 2001 485 2032 adolescentes
502 2011 552 2042 29,
569 2001 619 2040 38.
644 2001 746 2032 coacti
769 2001 821 2032 sti-

194 2043 347 2083 pendium
377 2044 452 2074 dare
479 2044 510 2074 in
542 2044 663 2074 bellum
692 2053 744 2082 33,
771 2054 820 2082 42.

193 2086 342 2126 Abydeni
371 2097 443 2117 cum
471 2086 581 2117 infulis
606 2087 778 2117 mittuntur
804 2098 823 2117 a

191 2129 391 2169 principibus
410 2131 451 2160 ad
468 2130 648 2161 dedendam
668 2129 822 2170 Philippo

192 2172 303 2203 urbem
335 2181 388 2211 31,
419 2181 464 2212 17.
504 2171 719 2203 Athenienses
748 2183 821 2204 cum

192 2214 368 2255 insignibus
388 2215 453 2246 suis
473 2215 600 2247 obviam
619 2216 731 2245 Attalo
753 2226 822 2256 pro-

192 2257 292 2288 deunt
315 2266 367 2297 31,
395 2267 441 2296 14.
472 2258 629 2289 exsecrari
652 2258 824 2297 quotannis

192 2299 344 2331 iubentur
370 2300 575 2341 Philippum,
603 2301 718 2331 liberos
742 2301 823 2339 eius,

192 2352 389 2383 regnumque
413 2354 462 2382 44.
495 2344 755 2384 Tarquinienses,
778 2344 822 2375 fa-

192 2385 283 2417 cibus
297 2386 482 2417 ardentibus
496 2387 717 2426 anguibusque
735 2397 822 2427 prae-

193 2428 277 2466 latis,
307 2428 494 2460 Romanum
525 2429 661 2460 militem
693 2431 824 2461 turbant

195 2478 224 2511 7,
253 2480 298 2511 17.
333 2471 587 2502 Bacchanalium
613 2473 822 2512 comprehen-

191 2514 314 2545 duntur
335 2523 387 2556 39,
412 2525 457 2553 ¹4·
485 2515 686 2545 sacerdotum
712 2525 822 2547 nume-

193 2566 246 2587 rus
266 2567 313 2595 10,
333 2567 360 2597 7.

149 2599 393 2631 Sacramentum
408 2600 546 2631 militare
561 2609 590 2639 3,
605 2609 652 2631 20.
670 2601 709 2632 cf.
723 2604 755 2631 ct
774 2609 824 2638 22,

193 2643 243 2682 38.
267 2648 467 2674 sacramento
483 2644 589 2674 dicere
606 2655 636 2682 4,
654 2652 703 2682 53.
730 2653 780 2681 24,
795 2646 822 2674 8.

192 2691 393 2717 sacramento
409 2686 582 2726 adiguntur
603 2686 742 2717 iuniores
758 2696 823 2716 om-

193 2737 250 2758 nes
292 2751 302 2766 ,
319 2738 357 2770 29
373 2733 406 2759 et
422 2739 473 2768 43.
506 2739 553 2766 10,
571 2741 599 2767 4.
630 2734 662 2760 et
685 2729 825 2760 seniores

193 2768 224 2807 6,
276 2793 283 2801 .
320 2780 368 2809 ιο,
399 2781 447 2803 21.
480 2776 682 2802 sacramento
712 2772 824 2802 dicunt

192 2811 290 2843 ctiam
316 2813 454 2845 minores
483 2815 703 2854 septendecim
733 2814 826 2845 nimis

195 2864 246 2894 25,
259 2863 288 2893 5.
307 2861 507 2887 sacramento
519 2857 694 2895 adiguntur
705 2857 824 2888 milites

192 2897 343 2937 singulari
362 2898 422 2929 ritu
444 2908 491 2935 1ο,
508 2900 556 2938 38.

150 2941 282 2972 Sacrata
299 2941 362 2972 lex.
381 2940 442 2972 vid.
462 2941 540 2972 Lex.

868 290 1085 324 Sacrificaturi
1118 293 1190 324 vivo
1224 294 1358 325 flumine
1393 295 1540 335 perfundi

910 333 1072 365 debebant
1093 345 1120 372 1,
1135 343 1186 375 45.

867 374 1032 406 Sacrificia
1053 378 1138 408 laeta
1160 376 1212 417 36,
1235 387 1261 408 1.
1289 379 1414 418 aliquot
1437 385 1541 411 extra-

909 418 1069 450 ordinaria
1085 420 1212 451 Romae
1228 430 1268 450 ex
1284 420 1437 453 fatalibus
1453 423 1543 453 libris

908 460 998 491 facta
1029 471 1080 498 22,
1111 470 1162 501 57.
1196 462 1388 494 sacrificium
1421 465 1542 496 Iunoni

911 503 1059 543 Reginae
1075 514 1095 534 a
1112 505 1267 536 matronis
1282 505 1404 536 factum
1424 515 1474 545 27,
1491 516 1541 546 37.

910 546 1102 577 novendiale
1123 556 1175 586 34,
1192 556 1242 586 45.
1266 551 1386 578 statum
1407 554 1542 588 quotan-

909 588 960 620 nis
981 599 1055 620 cum
1076 599 1194 630 magna
1215 589 1410 621 caerimonia
1426 592 1462 621 fit
1479 592 1541 622 Ae—

909 642 1002 668 neae,
1012 632 1168 663 conditori
1181 633 1311 664 Aeneae
1322 633 1434 673 oppidi
1448 643 1500 672 40,
1513 646 1541 672 4.

867 674 1046 706 Sacrificuli
1066 686 1105 706 ex
1125 675 1232 706 alieno
1251 686 1356 707 errore
1372 681 1541 715 quaestum

909 717 1064 748 facientes
1088 726 1138 757 25,
1166 728 1191 749 1.
1220 718 1419 750 sacrificulus
1442 718 1541 750 Grae-

910 770 966 791 cus
981 760 1013 791 in
1031 761 1194 792 Etruriam
1212 761 1432 792 Bacchanalia
1455 762 1541 792 inve-

909 803 958 833 hit
975 812 1026 844 39,
1043 804 1072 835 8.

867 845 1089 886 Sacrilegium.
1103 846 1166 878 vid.
1180 846 1383 887 Proserpina.
1394 858 1414 878 a
1425 847 1542 878 Fulvio

909 899 1039 919 censore
1058 890 1264 920 commissum
1282 899 1334 928 42,
1350 899 1379 929 3.
1403 890 1473 921 eius
1493 891 1542 921 ul-

908 931 954 962 tio
971 932 1020 963 28.
1044 932 1082 963 C.
1098 932 1239 963 Lucretii
1259 942 1311 972 43,
1326 942 1356 974 9.

867 973 1080 1014 Sacriportus,
1091 975 1180 1006 locus
1189 976 1231 1006 ad
1242 975 1426 1015 quindecim
1437 975 1543 1007 millia

909 1018 950 1047 ab
967 1017 1110 1048 Tarento
1127 1017 1179 1056 26,
1196 1027 1248 1060 39.

867 1059 1068 1091 Sacrosancti
1084 1061 1216 1100 quinam
1232 1060 1351 1091 fuerint
1367 1070 1398 1100 3,
1415 1068 1465 1101 55.

867 1102 1000 1133 Sacrum
1032 1103 1224 1134 novendiale
1256 1103 1385 1144 publice
1414 1113 1541 1144 suscep-

908 1149 990 1183 tum,
1007 1146 1093 1185 quod
1110 1146 1272 1186 lapidibus
1292 1146 1426 1186 pluisset
1446 1156 1473 1184 1,
1490 1155 1540 1186 31.

908 1188 1160 1219 anniversarium
1179 1189 1305 1221 Cereris
1322 1189 1539 1220 intermissum

911 1240 962 1269 22,
979 1230 1028 1270 56.
1056 1242 1181 1262 sacrum
1205 1242 1225 1262 a
1247 1232 1448 1263 Samnitibus
1469 1232 1541 1262 hor-

910 1274 1008 1304 rendo
1025 1273 1087 1304 ritu
1104 1275 1302 1305 celebratum
1323 1284 1372 1312 10,
1386 1275 1424 1314 38
1441 1279 1473 1305 et
1490 1284 1540 1316 39.

909 1316 1161 1347 anniversarium
1200 1317 1347 1348 Eretriae
1382 1318 1540 1358 Amaryn-

908 1358 1008 1389 thidis
1035 1359 1163 1390 Dianae
1190 1368 1242 1399 35,
1270 1359 1319 1399 38.
1353 1369 1442 1390 sacra
1466 1371 1540 1400 gen-

909 1401 1007 1432 tilitia
1029 1411 1059 1442 5,
1075 1410 1124 1441 52.
1149 1402 1292 1442 publica,
1313 1402 1390 1433 ibid.
1415 1402 1541 1433 Graeco

910 1444 973 1475 ritu
996 1445 1133 1476 Herculi
1155 1455 1175 1476 a
1195 1445 1340 1476 Romulo
1360 1445 1448 1476 facta
1474 1455 1501 1482 1,
1521 1445 1542 1476 6

909 1490 941 1518 et
966 1495 992 1526 7.
1019 1488 1165 1527 Apollini
1191 1491 1224 1518 et
1249 1488 1406 1525 Latonae,
1430 1498 1470 1518 ex
1494 1498 1541 1519 se-

909 1531 1152 1561 natusconsulto
1176 1539 1226 1570 25,
1248 1540 1295 1562 12.
1320 1535 1454 1562 externa
1475 1531 1541 1562 Ro-

909 1582 982 1603 mae
999 1573 1098 1604 vetita
1115 1582 1165 1612 25,
1185 1583 1210 1604 1.
1235 1582 1288 1615 39,
1308 1572 1354 1605 16.

867 1614 1095 1655 Sagalassenus
1109 1626 1184 1656 ager
1201 1617 1252 1656 38,
1272 1624 1318 1656 15.

868 1657 1030 1698 Sagittarii
1049 1667 1100 1697 27,
1113 1660 1162 1697 38.
1183 1659 1306 1689 Arabes
1321 1666 1373 1697 37,
1389 1667 1439 1696 4ο.
1464 1659 1540 1690 Cre-

908 1705 1014 1732 tenses
1030 1711 1082 1739 42,
1099 1710 1149 1740 35.
1170 1710 1222 1740 43,
1234 1711 1263 1743 9.
1283 1701 1408 1741 equites
1424 1709 1476 1742 37,
1489 1702 1538 1741 38.

866 1744 1018 1784 Sagmina
1037 1754 1064 1782 1,
1081 1754 1130 1782 24·
1156 1754 1208 1784 30,
1222 1753 1273 1783 43.

866 1787 986 1827 Sagala
1022 1797 1184 1827 purpurea
1220 1787 1285 1818 duo
1322 1797 1396 1818 cum
1432 1786 1541 1818 fibulis

908 1829 1012 1861 aureis
1041 1829 1173 1870 singulis
1200 1830 1391 1861 Masinissae
1417 1830 1540 1860 donant

910 1873 1051 1903 Romani
1080 1882 1132 1912 30,
1159 1880 1205 1912 17.
1238 1873 1385 1913 sagulum
1412 1873 1540 1913 gregale

912 1923 941 1955 7,
957 1924 1007 1954 34.
1033 1915 1249 1955 Hispanicum
1269 1924 1319 1954 27,
1339 1925 1386 1957 19.

866 1958 949 1999 Saga
965 1969 1003 1989 ex
1022 1959 1141 1998 praeda
1158 1958 1253 1989 militi
1269 1959 1346 1989 data
1365 1968 1413 1996 10,
1432 1967 1482 1998 30.

867 2001 1045 2042 Saguntina
1061 2001 1164 2032 rabies
1181 2010 1232 2040 31,
1253 2010 1299 2040 17.

868 2045 1059 2084 Saguntum,
1072 2044 1183 2075 civitas
1195 2043 1440 2084 opulentissima
1455 2043 1541 2074 ultra

912 2087 1041 2118 Iberum
1071 2097 1120 2124 21,
1144 2094 1170 2126 7.
1204 2091 1410 2127 oppugnatur
1433 2090 1465 2117 et
1490 2097 1539 2117 ca-

910 2130 997 2169 pitur
1011 2130 1052 2160 ab
1066 2129 1255 2160 Hannibale
1267 2128 1299 2166 6,
1311 2133 1343 2160 et
1361 2138 1406 2169 15.
1425 2139 1539 2159 aurum

909 2177 1142 2213 argentumque
1158 2182 1253 2203 omne
1273 2172 1304 2202 in
1322 2172 1426 2212 ignem
1444 2171 1541 2202 conii-

909 2215 1011 2253 ciunt,
1021 2216 1199 2255 eodemque
1209 2219 1310 2246 semet
1323 2215 1382 2255 ipsi
1397 2214 1542 2254 plerique

910 2258 1125 2298 praecipitant
1153 2268 1199 2296 14.
1227 2258 1353 2288 obsides
1378 2257 1541 2297 Hispano-

910 2311 979 2331 rum
1000 2301 1133 2341 Sagunti
1153 2311 1202 2338 22,
1220 2310 1268 2332 22.
1293 2301 1473 2340 Saguntum
1496 2310 1541 2330 re-

910 2343 1028 2384 cipitur
1057 2354 1076 2374 a
1109 2343 1276 2381 Romanis,
1303 2347 1335 2374 et
1366 2342 1544 2374 cultoribus

909 2386 1050 2426 antiquis
1079 2386 1257 2418 restituitur
1285 2395 1336 2424 24,
1366 2395 1416 2424 42.
1443 2386 1482 2416 cf.
1510 2391 1542 2416 ct

912 2430 963 2467 28,
980 2438 996 2468 3
1022 2453 1029 2460 .

867 2440 1035 2513 Sagunti‘di
1053 2481 1103 2510 21,
1117 2481 1144 2503 2.
1165 2472 1203 2502 iis
1219 2471 1361 2502 minatur
1375 2471 1540 2502 Hannibal

909 2514 939 2547 6.
974 2516 1096 2555 legatos
1125 2516 1264 2546 Romam
1294 2514 1440 2551 mittunt,
1466 2513 1543 2543 ibid.

909 2558 1008 2589 fidem
1034 2568 1135 2598 usque
1160 2558 1200 2588 ad
1232 2556 1404 2597 pernicicm
1431 2556 1542 2586 colunt

913 2608 940 2639 7.
973 2611 1083 2632 eorum
1112 2601 1143 2630 in
1172 2599 1336 2630 obsidione
1363 2598 1542 2629 constantia

915 2652 961 2674 Η.
996 2643 1090 2684 legati
1117 2642 1368 2682 Saguntinorum
1395 2641 1426 2672 111
1452 2651 1541 2671 sena-

911 2690 980 2716 tum
1005 2686 1254 2717 introducuntur
1279 2687 1329 2720 28,
1355 2694 1403 2725 39.
1432 2693 1541 2714 eorum

911 2729 1024 2767 oratio,
1048 2740 1111 2768 qua
1137 2728 1254 2767 gratias
1280 2733 1379 2765 agunt
1406 2725 1543 2759 neuntui.

913 2771 988 2802 ibid.
1012 2772 1077 2802 alia
1093 2771 1342 2810 Saguntinorum
1362 2768 1477 2808 legatio
1491 2777 1544 2806 30,

915 2823 962 2845 21.

869 2856 1001 2896 Salapia
1027 2866 1079 2894 24,
1105 2865 1144 2887 2ο
1168 2860 1200 2886 et
1220 2864 1270 2895 ⁴7-
1297 2853 1435 2883 traditur
1459 2853 1543 2883 Mur-

911 2900 995 2930 ccllo
1012 2909 1085 2929 cum
1109 2898 1267 2938 pracsidio
1286 2896 1406 2928 Punico
1425 2894 1475 2932 26,
1493 2897 1543 2934 38.

916 2951 965 2980 27,
986 2951 1009 2971 ι.
