1888 3194
373 142 458 179 458

582 137 948 180 SYLLABUS
993 137 1573 180 PRAECIPUARUM

505 228 668 284 colligo,
691 228 756 270 vel
783 228 1008 270 Nicolaum
1040 229 1226 271 Savetier
1252 228 1434 278 Livium,
1457 229 1542 269 suis
1567 228 1767 284 impensis

507 301 723 335 excusum,
762 286 1078 327 distrahendum
1116 286 1278 327 dedisse
1317 286 1481 327 duobus
1515 284 1766 341 bibliopolis,

508 343 732 384 Ambrosio
769 343 948 393 Girault,
983 354 1025 384 et
1060 343 1237 384 Nicolao
1271 344 1478 399 Crespin;
1522 342 1589 383 vel
1625 342 1768 382 ambos

506 400 611 449 illos,
634 401 738 441 inita
762 401 972 450 societate,
997 401 1166 441 Livium
1192 416 1318 456 opera
1342 400 1555 441 Savetiei
1531 415 1559 440 11
1583 398 1770 463 imprimi

507 472 684 506 curasse,
717 467 759 498 et
785 473 997 513 quemque
1026 473 1171 498 eorum
1202 466 1370 514 recepta
1400 456 1655 513 exemplaria
1685 456 1769 497 suis

506 515 746 555 nominibus
788 524 963 555 notasse.
1043 514 1285 555 Editionem
1326 515 1433 555 hanc
1475 512 1770 555 Levescatium

506 586 682 620 curasse,
713 571 748 612 I.
773 571 839 612 Fr.
867 570 1106 611 Gronovius
1138 571 1180 611 in
1216 571 1352 612 Pr.aef
1377 571 1591 612 Fabricius
1623 571 1668 610 in
1696 569 1770 610 Bi-

506 628 653 669 blioth.
692 628 833 668 Latin.
876 636 918 667 et
961 627 1172 668 Hearnius
1213 643 1260 668 ac
1305 626 1495 668 Clericus
1536 628 1580 668 in
1621 627 1768 668 Indice

509 685 641 725 Editt.
672 684 762 724 Liv.
794 693 1009 724 testantur.
1076 683 1204 724 Certe
1233 685 1321 724 eius
1350 684 1575 725 Dedicatio
1603 685 1656 725 ad
1677 683 1767 725 Ioh.

508 742 560 782 de
590 741 739 780 Tartas
767 739 801 781 Ι.
828 740 883 781 U.
908 740 1259 781 consultissimum
1288 741 1331 780 in
1360 741 1495 796 capite
1527 741 1651 781 huius
1681 740 1771 782 edi-

510 798 633 838 tionis
655 807 802 838 exstat.
865 797 951 837 Vix
975 807 1112 838 tamen
1143 797 1302 852 aliquid
1324 812 1365 838 se
1389 813 1463 838 suo
1485 798 1675 846 contulit,
1697 798 1772 838 sed

507 855 664 909 ubique
685 854 815 895 ferme
838 854 1067 895 editionem
1092 854 1394 895 Ascensianam
1420 854 1519 895 anni
1541 853 1770 897 MDXIII.

508 911 574 952 vel
601 912 701 952 anni
724 911 946 952 MDXVI.
971 920 1138 953 secutus
1169 921 1242 961 est,
1266 921 1308 953 et
1338 911 1538 953 lectiones
1566 911 1646 952 illis
1676 911 1773 953 solis

509 969 695 1025 proprias
717 969 942 1024 adoptavit.

384 1031 506 1069 1530.
539 1026 709 1067 Parisiis
730 1026 842 1082 apud
865 1026 1047 1067 Badium
1070 1027 1335 1076 Ascensium,
1359 1027 1402 1066 in
1423 1027 1556 1067 forma
1576 1026 1747 1068 maiore.

567 1083 619 1124 In
654 1083 775 1124 titulo
807 1083 902 1124 libri
938 1084 1041 1125 haec
1077 1093 1176 1124 nota
1211 1084 1490 1140 conspicitur:
1541 1083 1774 1124 ‘Vaenun-

511 1148 521 1165 ⁶
539 1141 693 1181 dantur
737 1141 815 1196 ipsi
863 1141 1078 1182 Ascensio.
1131 1142 1267 1182 1530.’
1343 1141 1634 1182 Dedicationis
1676 1142 1774 1182 sub-

513 1198 708 1253 ‘scriptio
749 1199 813 1238 his
848 1199 983 1239 verbis
1025 1198 1269 1254 concipitur.
1334 1197 1399 1238 ‘E
1439 1197 1776 1254 Chalcographia

514 1262 525 1279 ‘
542 1265 682 1296 nostra
708 1255 821 1310 apud
843 1255 1073 1296 Parrhisios
1101 1271 1264 1297 rursum
1293 1255 1345 1296 ad
1373 1265 1539 1296 sextum
1563 1255 1774 1296 Calendas

514 1319 525 1337 ‘
543 1312 752 1353 Novemb.
780 1314 912 1353 MD.
929 1313 1093 1353 XXX?
1153 1313 1223 1353 Ad
1244 1313 1372 1353 finem
1401 1322 1540 1353 autem
1569 1312 1664 1353 libri
1690 1312 1772 1353 XI.

512 1370 616 1410 haec
652 1369 830 1410 formula
869 1369 1048 1410 additur.
1114 1369 1231 1410 ‘Sub
1271 1369 1388 1425 prelo
1427 1370 1686 1410 Ascensiano
1722 1369 1776 1410 ad

517 1426 622 1467 ‘VL
658 1426 748 1468 Cal.
781 1426 988 1467 Novemb.
1026 1428 1161 1467 1530?
1225 1426 1369 1474 Quum
1401 1436 1540 1467 autem
1571 1441 1682 1467 anno
1712 1441 1776 1467 se·

516 1484 663 1539 quenti
684 1484 963 1524 MDXXXI.
991 1483 1136 1524 Simon
1162 1484 1385 1539 Grynaeus
1406 1483 1594 1539 quinque
1615 1491 1776 1539 postre-

517 1556 605 1581 mos
628 1540 737 1580 Livii
759 1539 897 1589 libros,
921 1555 944 1580 a
964 1556 1006 1581 se
1036 1541 1078 1580 in
1104 1541 1218 1582 Msto
1240 1550 1403 1581 vetusto
1430 1549 1627 1596 repertos,
1650 1555 1777 1596 opera

516 1597 711 1638 Frobenii
761 1598 943 1652 primum
986 1597 1173 1639 Basileae
1224 1597 1435 1647 edidisset,
1478 1613 1577 1638 mox
1626 1597 1776 1638 eodem

518 1655 655 1695 adhuc
677 1670 787 1695 anno
813 1654 1038 1696 Ascensius
1067 1671 1150 1696 non
1184 1655 1309 1696 modo
1340 1670 1485 1696 recens
1509 1655 1702 1696 inventos
1729 1669 1777 1696 ac

516 1712 747 1767 publicatos
782 1711 891 1752 Livii
925 1712 1050 1753 libros
1084 1713 1194 1769 typis
1226 1713 1310 1753 suis
1346 1712 1512 1753 Parisiis
1545 1712 1776 1767 descripsit,

513 1769 593 1810 hoc
645 1769 843 1824 temporis
893 1769 1129 1811 charactere
1175 1778 1269 1826 post
1313 1769 1404 1810 libri
1454 1770 1600 1811 XLV.
1648 1769 1776 1810 finem

516 1826 686 1867 addito:
728 1832 738 1849 ⁶
758 1826 844 1868 Sub
876 1827 991 1882 prelo
1014 1828 1273 1868 Ascensiano
1307 1842 1418 1867 anno
1450 1826 1776 1867 M.D.XXXI.

519 1890 529 1907 ‘
546 1899 687 1924 mense
711 1883 867 1925 Iulioz’
889 1899 1032 1925 verum
1060 1885 1185 1925 etiam
1211 1883 1539 1938 Chronologiam
1565 1882 1776 1932 Glareani,

517 1957 625 1997 quae
661 1941 704 1981 in
741 1941 887 1982 eadem
929 1942 1115 1982 editione
1153 1941 1382 1982 Basileensi
1418 1941 1599 1996 primum
1641 1939 1778 1980 lucem

518 1999 692 2053 aspexit,
716 1999 760 2038 in
782 1998 971 2039 ordinem
998 1998 1210 2039 litelalnm
1234 1998 1304 2053 dio
1292 1998 1417 2046 ›essit,
1441 2012 1487 2037 ac
1507 1997 1612 2037 libro
1635 1995 1777 2038 XLV.

519 2056 709 2104 subiecit,
761 2055 903 2096 addita
953 2055 1029 2096 hac
1080 2055 1409 2110 subscriptione:
1465 2060 1476 2077 ‘
1500 2053 1587 2095 Sub
1637 2053 1779 2110 praelo

522 2112 811 2153 ‘Ascensiano
862 2113 915 2152 ad
961 2112 1062 2152 Idus
1102 2112 1230 2153 Iulias
1274 2112 1402 2152 Anno
1449 2112 1512 2153 M.
1529 2113 1583 2152 l).
1597 2111 1778 2153 XXXI.

516 2169 695 2225 Insuper
715 2169 844 2210 editio
873 2170 975 2210 hacc
1003 2169 1150 2210 eadem
1178 2169 1319 2209 omnia
1345 2153 1648 2224 complectitur,
1671 2183 1779 2224 quae

520 2226 725 2266 editiones
756 2226 913 2281 priores
937 2227 1213 2267 Ascensianas
1243 2241 1446 2266 annornm
1475 2226 1781 2267 MDX111.et

521 2283 571 2323 M
579 2283 710 2323 DX&
718 2283 750 2323 I.
776 2283 991 2323 continere
1013 2293 1136 2324 antea
1155 2298 1229 2324 suo
1251 2283 1343 2324 loco
1363 2283 1466 2324 dixi.

395 2342 518 2380 1531.
553 2338 740 2379 Basileae
763 2339 874 2394 apud
897 2340 1197 2390 Frobenium,
1188 2356 1231 2380 m
1252 2341 1385 2381 forma
1406 2340 1575 2381 maiore.

581 2395 749 2436 Titulus
777 2396 1022 2452 splendidae
1051 2398 1175 2438 huius
1200 2397 1396 2438 editionis
1418 2405 1604 2446 testatur,
1626 2396 1781 2437 librum

520 2468 720 2493 excusum
743 2468 830 2494 esse
864 2459 875 2477 ⁶
892 2454 1079 2495 Basileae
1105 2455 1148 2495 in
1171 2455 1335 2496 officina
1356 2454 1617 2495 Frobeniana
1637 2468 1779 2494 mense

521 2509 705 2550 ‘Martio
741 2526 851 2551 anno
886 2512 1226 2553 M.D.XXXI.'
1286 2511 1493 2567 Apposita
1529 2510 1693 2551 Erasmi
1728 2510 1782 2551 ad

525 2566 723 2607 Carolum
743 2567 998 2609 Montioium
1016 2569 1225 2609 Praefatio
1242 2568 1339 2609 data
1360 2577 1422 2608 est
1451 2574 1463 2591 ‘
1479 2567 1591 2623 apud
1611 2567 1782 2608 Fribur-

523 2630 649 2679 ‘gum
680 2623 906 2679 Brisgoiae,
933 2625 1080 2667 Calen.
1106 2625 1271 2666 Martiis
1303 2640 1414 2665 anno
1443 2625 1782 2667 M.D.XXXI.’

523 2680 829 2722 Praefationem
871 2682 959 2722 eius
1005 2683 1223 2738 excipiunt
1263 2682 1442 2723 decades
1482 2681 1593 2721 Livii
1633 2681 1780 2737 prima,

528 2738 660 2787 tertia,
684 2746 724 2778 et
747 2748 905 2794 quarta,
929 2755 976 2780 ac
997 2739 1149 2794 cuique
1171 2754 1313 2779 earum
1335 2738 1543 2794 praefixae
1565 2738 1779 2788 librorum,

523 2810 625 2850 quas
646 2795 876 2845 continent,
902 2796 1148 2852 Epitomae:
1182 2796 1281 2836 hinc
1303 2795 1470 2837 decadis
1492 2796 1664 2860 quintae
1685 2795 1781 2837 libri

522 2853 709 2911 quinque
743 2853 925 2908 pliores:
965 2869 1069 2910 quos
1102 2868 1215 2894 nunc
1247 2853 1429 2909 primum
1464 2853 1574 2909 typis
1607 2867 1781 2894 excusos
