1888 3194
324 182 407 220 236
640 179 649 184 ‘
836 176 1207 219 EPITOMAE

325 267 670 324 proficisceretur,
693 266 845 308 accidit
866 281 960 316 vox,
987 266 1130 315 Mane,
1150 265 1373 308 Mancine:
1405 278 1512 320 quae
1534 263 1718 319 auspicia

327 325 461 366 tristia
490 324 630 373 fuisse,
664 333 817 365 eventu
852 324 1073 379 probatum
1106 332 1178 364 est.
1241 322 1391 363 Victus
1423 321 1537 363 enim
1568 336 1592 361 a
1623 319 1718 361 Nu-

326 381 523 423 mantinis
545 389 588 422 et
608 381 749 422 castris
770 391 934 430 exutus,
958 395 1089 436 quum
1117 395 1210 436 spes
1238 379 1354 420 nulla
1379 378 1573 420 servandi
1597 391 1719 418 exer-

326 439 434 480 citus
455 446 574 488 esset,
597 453 742 494 pacem
770 453 866 479 cum
891 438 941 478 iis
962 437 1061 478 fecit
1080 437 1415 493 ignominiosam,
1438 450 1564 492 quam
1585 443 1719 476 ratam

327 511 415 537 esse
448 504 617 537 senatus
647 495 791 537 vetuit.
854 495 1049 550 Triginta
1083 494 1212 535 millia
1245 494 1534 535 Romanorum
1567 507 1591 532 a
1624 490 1719 532 Nu-

328 553 613 594 mantinorum
664 552 846 592 millibus
897 560 1095 607 quattuor
1138 552 1250 592 victa
1299 559 1428 592 erant.
1491 550 1546 591 D.
1570 548 1720 590 Iunius

329 610 605 658 Lusitaniam,
644 609 816 664 triginta
851 608 1016 649 urbium
1059 608 1455 664 expugnationibus,
1492 621 1625 663 usque
1666 604 1721 646 ad

329 681 521 708 occasum
554 674 597 706 et
632 665 852 707 Oceanum
885 665 1151 720 perdomuit3
1184 673 1238 713 et,
1265 679 1397 719 quum
1427 664 1601 705 fluvium
1630 662 1720 705 Ob-

327 724 527 764 livionem
550 722 722 762 transire
747 721 910 762 nollent
930 721 1096 770 milites,
1119 729 1311 776 ereptum
1335 721 1532 775 signifero
1552 721 1721 776 signum

328 781 416 836 ipse
439 778 662 827 transtulit,
681 786 724 819 et
744 778 815 826 sic,
834 787 880 818 ut
902 777 1302 833 transgrederentur,
1324 777 1539 832 persuasit.
1589 776 1722 817 Alex-

329 836 449 878 andri
477 835 599 884 filius,
622 849 697 875 rex
729 834 886 890 Syriae,
910 834 1058 875 decem
1087 849 1218 875 annos
1246 833 1475 875 admodum
1505 833 1676 882 habens,
1698 848 1724 874 a

330 893 531 942 Diodoto,
569 891 643 947 qui
680 891 886 948 Tryphon
922 891 1309 947 cognominabatur,
1347 898 1483 932 tutore
1523 905 1610 940 suo,
1647 905 1724 945 per

329 949 519 991 fraudem
553 949 712 990 occisus
746 957 833 997 est,
866 948 1072 1004 corruptis
1105 948 1291 997 medicis,
1322 948 1409 1003 qui,
1443 963 1540 988 eum
1574 947 1723 988 calculi

330 1006 473 1048 dolore
502 1006 691 1047 consumi
720 1005 773 1046 ad
801 1005 1004 1062 populum
1034 1006 1215 1055 mentiti,
1242 1005 1343 1046 dum
1375 1013 1530 1054 secant,
1557 1004 1724 1046 occide-

329 1072 438 1105 runt.

971 1177 1087 1219 LVI.

332 1293 387 1334 D.
408 1291 627 1334 IUNIUS
657 1291 908 1333 BRUTUS
937 1292 980 1332 in
1009 1291 1214 1348 Hispania
1235 1292 1431 1333 ulteriore
1454 1291 1631 1333 feliciter
1651 1291 1724 1332 ad-

331 1365 474 1391 versus
498 1349 718 1391 Gallaecos
738 1350 952 1405 pugnavit.
1016 1349 1222 1390 Dissimili
1251 1357 1406 1390 eventu
1435 1348 1497 1390 M.
1515 1348 1725 1390 Aemilius

333 1407 522 1463 Lepidus
553 1407 775 1462 proconsul
807 1406 1002 1448 adversus
1024 1406 1237 1448 Vaccaeos
1263 1421 1351 1447 rem
1380 1406 1519 1462 gessit,
1541 1405 1726 1446 cladem-

333 1479 416 1520 que
452 1464 631 1505 similem
670 1463 958 1505 Numantinae
999 1479 1142 1520 passus
1177 1472 1251 1504 est.
1314 1463 1387 1503 Ad
1423 1462 1726 1504 exsolvendum

334 1521 591 1562 Numantini
622 1520 803 1561 foederis
837 1520 1039 1576 religione
1073 1520 1290 1576 populum,
1321 1519 1563 1570 Mancinus,
1593 1534 1726 1575 quum

333 1578 457 1619 huius
488 1578 549 1618 rei
581 1586 724 1618 auctor
754 1577 910 1627 fuisset,
940 1578 1108 1618 deditus
1136 1577 1422 1626 Numantinis,
1454 1592 1540 1618 non
1571 1585 1633 1618 est
1661 1591 1727 1618 re-

334 1644 492 1691 ceptus.
556 1634 757 1675 Lustrum
779 1650 803 1675 a
823 1635 1065 1676 censoribus
1086 1634 1303 1675 conditum
1325 1643 1398 1675 est.
1463 1635 1603 1676 Censa
1629 1642 1728 1675 sunt

334 1692 488 1733 civium
517 1692 655 1747 capita
683 1700 869 1732 trecenta
893 1692 1042 1747 viginti
1071 1692 1149 1732 tria
1179 1691 1321 1741 millia,
1343 1700 1559 1747 nongenta
1578 1691 1728 1746 viginti

336 1750 422 1790 tria.
486 1748 657 1789 Fulvius
679 1748 852 1790 Flaccus
880 1749 1025 1790 consul
1047 1748 1262 1790 Vardaeos
1289 1749 1334 1789 in
1356 1748 1524 1805 Illyrico
1549 1748 1725 1804 subegit.

337 1806 399 1847 M.
421 1806 654 1848 Cosconius
680 1815 847 1861 praetor
873 1806 918 1846 in
940 1806 1122 1847 Thracia
1149 1821 1245 1847 cum
1278 1805 1504 1847 Scordiscis
1531 1820 1728 1861 prospere

334 1863 551 1919 pugnavit.
616 1863 762 1910 Quum
792 1862 950 1904 bellum
977 1863 1290 1904 Numantinum
1321 1863 1424 1904 vitio
1455 1862 1611 1903 ducum
1641 1877 1729 1903 non

336 1921 425 1961 sine
466 1919 627 1975 pudore
668 1919 837 1975 publico
873 1920 1054 1969 duraret,
1092 1920 1253 1960 delatus
1293 1928 1356 1960 est
1390 1919 1502 1960 ultro
1541 1919 1729 1974 Scipioni

337 1977 539 2017 Africano
571 1991 595 2016 a
625 1984 773 2016 senatu
804 1976 1045 2031 populoque
1077 1976 1271 2016 Romano
1302 1975 1566 2016 consulatus:
1601 1990 1730 2031 quem

337 2048 469 2089 quum
490 2032 551 2072 illi
571 2047 719 2087 capere
741 2033 794 2073 ob
810 2032 959 2088 legem,
978 2048 1085 2088 quae
1103 2033 1280 2082 vetabat,
1300 2046 1554 2088 quemquam
1576 2032 1730 2074 iterum

338 2089 555 2130 consulem
583 2088 684 2137 fieri,
708 2104 794 2129 non
821 2089 978 2138 liceret,
1001 2089 1125 2131 sicuti
1155 2090 1283 2145 priori
1310 2089 1541 2139 consulatu,
1567 2089 1730 2146 legibus

337 2146 498 2187 solutus
531 2154 604 2186 est.
669 2145 836 2186 Bellum
869 2146 1029 2196 servile,
1059 2147 1103 2187 in
1140 2146 1281 2187 Sicilia
1312 2155 1463 2196 ortum,
1490 2162 1623 2202 quum
1656 2162 1731 2203 op-

337 2203 463 2259 primi
490 2217 514 2243 a
541 2203 801 2258 praetoribus
829 2218 915 2244 non
942 2204 1159 2259 potuisset,
1191 2204 1240 2245 C.
1260 2203 1408 2244 Fulvio
1429 2203 1591 2245 consuli
1612 2218 1731 2245 man-

338 2260 484 2301 datum
507 2268 580 2300 est.
640 2259 780 2300 Huius
801 2260 900 2301 belli
921 2260 1089 2301 initium
1111 2261 1190 2302 fuit
1212 2260 1360 2302 Eunus
1381 2276 1535 2311 servus,
1557 2261 1730 2302 natione

342 2316 496 2373 Syrus3
530 2316 616 2372 qui,
639 2325 850 2358 contracta
871 2318 1096 2373 agrestium
1121 2333 1334 2359 servorum
1361 2333 1501 2367 manu,
1523 2327 1566 2360 et
1587 2318 1731 2359 solutis

339 2373 568 2429 ergastuliS,
592 2373 689 2414 iusti
714 2374 924 2415 exercitus
951 2389 1175 2416 numerum
1203 2375 1402 2431 implevit.
1467 2374 1605 2416 Cleon
1625 2390 1731 2430 quo-

340 2445 436 2486 que,
455 2430 559 2470 alter
579 2445 732 2480 servus,
751 2431 804 2472 ad
825 2432 1090 2488 septuaginta
1111 2432 1242 2473 millia
1262 2446 1475 2474 servorum
1495 2432 1729 2481 contraxit;

341 2496 395 2536 et,
418 2487 548 2542 copiis
569 2487 734 2537 iunctis,
757 2497 903 2529 contra
923 2489 1126 2545 populum
1149 2489 1388 2531 Romanum
1412 2489 1730 2546 exercitumque

341 2544 430 2585 eius
451 2543 606 2584 bellum
628 2559 750 2600 saepe
771 2556 998 2601 gesserunt.

966 2716 1106 2758 LVII.

346 2828 548 2870 SCIPIO
572 2828 934 2871 AFRICANUS
957 2829 1360 2872 NUMANTIUM
1383 2829 1557 2880 obsedit,
1579 2838 1622 2872 et
1642 2845 1733 2872 cor-

343 2895 512 2942 ruptum
554 2886 723 2927 licentia
764 2886 1013 2943 luxuriaque
1061 2888 1292 2929 exercitum
1339 2887 1391 2929 ad
1432 2888 1733 2929 severissimam
