1888 3194
538 189 663 231 LIB.
696 188 841 229 XLII.
884 188 1030 231 CAP.
1067 194 1130 232 12.
1467 199 1523 238 49

139 289 152 308 ‘
164 298 249 325 non
283 282 337 332 vi,
368 295 454 322 non
486 279 596 330 dolo,
628 279 863 336 Philippus,
897 280 1038 321 omnia
1071 290 1281 336 expertus,
1318 284 1518 338 potuisset
1537 295 1577 327 U.
1594 295 1632 328 C.
1654 295 1726 335 580.

139 347 152 366 ‘
165 339 312 389 moliri,
344 338 589 380 admirando
623 352 764 379 rerum
798 352 990 379 successu
1025 339 1218 380 tenuisse.
1280 339 1516 384 Accessisse
1530 339 1570 370 Α·
1594 338 1633 370 C·
1657 347 1727 378 ¹7²·

138 397 218 440 ‘ad
237 397 344 438 vires
364 411 469 446 eam,
492 411 598 452 quae
626 395 753 452 longo
775 404 974 452 tempore,
997 395 1138 437 multis
1165 397 1408 454 magnisque
1430 414 1517 441 me-

137 455 251 497 ‘ritis
271 463 496 512 pareretur,
517 453 818 495 auctoritatem.
882 452 994 494 Nam
1022 454 1135 510 apud
1159 453 1361 497 Graeciae
1389 465 1515 513 atque
1596 461 1658 500 12.

137 512 292 555 ‘Asiae
313 512 500 554 civitates
528 511 661 553 vereri
689 511 947 553 maiestatem
974 511 1064 553 eius
1091 527 1247 554 omnes.
1311 513 1418 564 Nec,
1441 530 1516 571 pro

105 577 107 579 ’
136 571 312 628 ‘quibus
340 570 509 620 meritis,
531 585 607 626 pro
629 585 712 625 qua
739 569 1026 610 munificentia
1055 578 1216 611 tantum
1238 571 1277 612 ei
1300 571 1515 622 tribuatur,

134 634 353 670 ‘cerne-re:
387 643 465 669 nec
495 628 633 669 dicere
664 642 739 684 pro
769 636 883 668 certo
913 642 1045 683 posse,
1076 637 1215 669 utrum
1245 628 1442 672 felicitate
1473 630 1517 671 id

134 686 340 743 ‘quadam
361 686 450 728 eius
477 685 650 735 accidat,
673 700 739 734 an,
762 685 877 741 quod
902 685 990 742 ipse
1017 695 1210 727 vereatur
1236 686 1389 737 dicere,
1411 688 1518 729 invi-

135 750 147 769 ‘
162 745 233 786 dia
252 744 448 786 adversus
471 743 685 785 Romanos
710 743 894 784 favorem
921 743 981 784 illi
1003 743 1208 785 conciliet.
1270 743 1388 787 Inter
1408 739 1517 802 ipsos

135 808 147 827 ‘
162 818 331 860 quoque
353 817 472 859 reges
492 802 706 858 ingentem
732 801 990 851 auctoritate,
1016 801 1180 843 Seleuci
1200 802 1328 843 filiam
1349 803 1516 861 duxisse

136 867 147 885 ⁶
163 876 274 911 eum,
297 875 382 901 non
409 869 637 916 petentem,
668 859 742 900 sed
765 859 945 915 petitum
975 859 1106 900 ultro:
1140 875 1325 902 sororem
1352 861 1516 903 dedisse

136 919 335 960 ‘Prusiae
366 918 553 974 precanti
583 928 708 974 atque
739 917 896 966 oranti3
939 917 1166 959 celebratas
1201 933 1289 960 esse
1320 928 1516 976 utrasque

136 982 149 1001 ‘
161 977 328 1033 nuptias
347 975 622 1032 gratulatione
639 975 842 1031 donisque
860 975 1229 1017 innumerabilium
1245 976 1516 1033 legationum,

136 1040 149 1059 ‘
160 1043 203 1076 et
215 1033 329 1076 velut
341 1033 577 1090 auspicibus
591 1033 855 1074 nobilissimis
868 1033 1241 1089 populisdeductas
1250 1050 1350 1076 esse.
1382 1035 1518 1077 Boeo-

135 1097 148 1117 ‘
160 1101 295 1134 torum
309 1100 493 1147 gentem,
509 1100 714 1147 captatam
729 1090 940 1146 Philippo,
954 1106 1171 1146 nunquam
1185 1092 1238 1133 ad
1251 1093 1518 1134 scribendum

134 1149 368 1192 ‘amicitiae
396 1148 542 1190 foedus
570 1148 723 1189 adduci
750 1148 957 1204 potuisse:
992 1149 1122 1189 tribus
1152 1164 1266 1191 nune
1293 1150 1394 1191 locis
1422 1159 1518 1192 cum

135 1207 313 1250 ‘Perseo
337 1206 484 1248 foedus
511 1207 687 1248 incisum
716 1205 845 1247 literis
869 1221 979 1247 esse:
1015 1222 1099 1247 uno
1121 1206 1292 1257 Thebis,
1314 1207 1444 1249 altero
1466 1209 1519 1250 ad

134 1265 330 1315 ‘Delum‚
353 1265 642 1322 augustissimo
663 1273 705 1306 et
726 1263 996 1305 celeberrimo
1018 1264 1062 1304 in
1084 1265 1252 1322 templo,
1271 1266 1394 1307 tertio
1415 1266 1520 1308 Del-

135 1329 148 1349 ‘
188 1323 264 1366 his.
317 1322 368 1364 In
386 1322 574 1364 Achaico
590 1322 768 1364 concilio
785 1337 894 1371 vero,
912 1322 991 1363 nisi
1008 1322 1192 1364 discussa
1204 1338 1268 1365 res
1281 1339 1355 1380 per
1366 1339 1520 1380 paucos

135 1339 401 1424 ‘Romanum
426 1380 649 1437 imperium
675 1380 931 1422 intentantes
959 1389 1078 1431 esset,
1101 1396 1151 1422 eo
1179 1396 1269 1423 rem
1296 1397 1425 1438 prope
1446 1382 1520 1424 ad-

135 1445 147 1465 ‘
159 1439 342 1490 ductam,
361 1448 407 1481 ut
420 1439 557 1480 aditus
573 1438 672 1480 etin
692 1438 895 1480 Achaiam
912 1437 1090 1480 daretur.
1136 1439 1210 1489 At,
1227 1439 1409 1490 hercule,
1425 1455 1520 1482 suos

135 1497 351 1548 ‘honores‚
369 1497 487 1539 cuius
509 1496 656 1538 merita
676 1496 720 1537 in
736 1511 829 1538 eam
848 1506 1016 1553 gentem
1038 1497 1246 1553 privatim,
1264 1513 1318 1539 an
1338 1498 1518 1555 publice,

136 1562 148 1581 ‘
160 1555 244 1597 sint
260 1556 427 1605 maiora,
443 1555 512 1596 vix
525 1555 609 1596 dici
622 1563 772 1611 posset,
790 1554 940 1611 partim
957 1554 1141 1596 desertos
1154 1570 1229 1612 per
1249 1556 1456 1597 incultum
1471 1571 1519 1598 ac

136 1619 148 1639 ‘
161 1613 471 1670 negligentiam,
486 1613 637 1669 partim
653 1611 859 1654 hostiliter
874 1612 1055 1655 sublatos
1068 1628 1167 1654 esse.
1210 1612 1314 1664 Iam,
1332 1614 1518 1664 Aetolos,

136 1677 286 1728 ‘quem
303 1671 506 1728 ignorare,
530 1671 573 1711 in
594 1669 867 1711 seditionibus
887 1671 971 1711 suis
991 1686 1076 1712 non
1098 1671 1149 1712 ab
1172 1670 1386 1722 Romanis,
1404 1672 1478 1714 sed
1497 1688 1521 1714 a

137 1735 149 1754 ‘
162 1729 314 1771 Perseo
331 1727 582 1785 praesidium
598 1727 776 1784 petisse?
809 1726 888 1768 His
901 1743 998 1768 eum
1011 1727 1162 1769 fultum
1177 1729 1442 1771 societatibus
1458 1739 1520 1771 at-

137 1793 149 1812 ‘
161 1802 243 1844 que
265 1786 456 1828 amicitiis
477 1801 547 1827 eos
563 1785 811 1827 domesticos
831 1794 1051 1841 apparatus
1072 1785 1169 1827 belli
1190 1786 1356 1837 habere,
1380 1796 1425 1828 ut
1447 1803 1520 1829 ex-

137 1845 290 1886 ‘ternis
311 1859 396 1885 non
417 1852 561 1900 egcat3
595 1843 765 1899 triginta
790 1842 919 1884 millia
946 1843 1150 1899 peditum,
1173 1844 1360 1900 quinque
1390 1845 1520 1887 millia

136 1902 350 1958 ‘equitum
367 1918 376 1942 :
410 1901 454 1942 in
475 1901 622 1942 decem
638 1915 768 1941 annos
785 1900 1040 1942 frumentum
1057 1917 1313 1958 praeparare,
1333 1912 1378 1944 ut
1394 1903 1520 1944 absti-

135 1967 148 1985 ‘
159 1975 259 2002 nere
268 1969 311 2001 et
326 1974 402 2001 suo
418 1969 461 2000 et
477 1958 659 1999 hostium
675 1973 773 2014 agro
790 1957 1070 1999 frumentandi
1089 1974 1211 2000 causa
1226 1960 1365 2016 possit.
1429 1960 1518 2002 Iam

135 2024 147 2043 ‘
158 2017 380 2075 pecuniam
397 2025 556 2058 tantam
571 2015 738 2066 habere,
753 2025 800 2056 ut
812 2015 958 2057 decem
973 2015 1155 2058 millibus
1168 2018 1519 2060 mercenariorum

134 2082 147 2101 ‘
162 2075 355 2125 militum,
370 2085 534 2132 practer
550 2073 836 2115 Macedonum
849 2073 1002 2130 copias,
1016 2074 1271 2131 stipendium
1286 2076 1328 2116 in
1344 2076 1519 2118 totidem

134 2139 147 2159 ‘
161 2149 292 2176 annos
307 2142 597 2190 praeparatum
613 2132 784 2173 habeat:
818 2141 984 2188 praeter
1003 2147 1204 2183 annuum,
1223 2133 1337 2190 quod
1358 2149 1411 2175 cx
1432 2150 1520 2176 me-

134 2198 147 2217 ‘
158 2191 266 2234 tallis
278 2191 402 2248 regiis
422 2191 570 2248 capiat,
588 2189 776 2247 vectigal.
839 2189 972 2231 Arma
987 2189 1052 2231 vel
1069 2191 1200 2232 tribus
1217 2192 1341 2233 tantiS
1361 2193 1519 2235 exerci-

134 2250 270 2293 ‘tibus
299 2250 343 2291 in
374 2248 690 2291 armamentaria
719 2247 985 2304 congessisse.

177 2425 194 2454 5
217 2416 341 2447 Seleuci
359 2415 485 2454 filiam]
520 2413 694 2450 Laodicen,
719 2423 801 2452 quae

133 2459 272 2490 deducta
294 2458 335 2488 ad
358 2468 432 2488 eum
453 2457 554 2487 fuerat
569 2467 589 2486 a
606 2455 752 2493 Rhodiis,
769 2460 803 2485 ut

133 2506 269 2533 testatur
285 2501 400 2541 Polyb.
422 2500 508 2530 xxvi.
527 2507 552 2538 7.
603 2499 700 2530 Unde
722 2498 803 2528 infra

133 2544 213 2576 dicit
236 2544 400 2575 Eumenes
423 2542 551 2583 nuptias
573 2542 645 2573 illas
667 2541 803 2581 auspici-

133 2588 193 2618 bus
214 2586 418 2618 nobilissimis
439 2585 566 2626 populis
581 2585 758 2616 celebratas
772 2588 804 2615 et

133 2631 289 2662 deductas
303 2640 379 2661 esse.
404 2629 510 2661 (ἷκεν.

176 2671 197 2704 6
226 2674 317 2704 Velut
339 2673 540 2712 auspicibus]
579 2671 653 2701 Vox
678 2670 805 2710 propria

133 2715 167 2747 in
183 2715 310 2756 negotio
326 2714 473 2755 nuptiali.
514 2714 644 2745 Etenim
659 2713 806 2753 auspices

135 2758 256 2799 nuptiis
270 2759 357 2798 apud
377 2758 541 2788 Romanos
561 2757 804 2796 interponeban—

135 2805 199 2839 tur,
221 2801 274 2841 qui
301 2800 440 2841 auguriis
462 2800 676 2841 exquirerent,
698 2804 803 2830 utrum

136 2843 316 2875 volentibus
346 2843 554 2883 propitiisque
583 2842 642 2873 diis
672 2842 803 2882 nuptiae

137 2886 260 2917 fierent.
287 2888 392 2918 Ciu-zv.
431 2887 470 2917 cf.
492 2886 565 2916 Val.
593 2885 685 2916 Max.
716 2885 746 2916 ii.
780 2895 802 2916 ι.

137 2928 155 2966 ἐ
177 2938 200 2959 ι.
225 2928 293 2960 Cic.
311 2929 385 2960 Div.
403 2929 421 2960 i.
444 2929 488 2959 16.
506 2928 560 2959 ubi
579 2929 724 2968 auspices
745 2939 803 2958 nu-

133 2972 278 3012 ptiarum
291 2975 364 3002 sunt
376 2971 561 3011 nuptiarum
572 2971 804 3009 conciliatores,

195 3027 291 3054 VOL.
317 3026 373 3053 tv.

1049 2247 1331 2300 Iuventutem,
1361 2260 1408 2291 ut
1434 2250 1517 2292 iam

847 2412 1001 2452 auspicia,
1030 2423 1112 2453 quae
1146 2423 1255 2444 earum
1293 2413 1516 2444 auctoritatem

848 2456 1049 2493 confirment,
1065 2460 1223 2495 petentes.

893 2508 908 2538 7
930 2499 1079 2529 Sublalos
1103 2500 1184 2537 csse]
1222 2499 1285 2530 Sed
1311 2499 1330 2529 ii
1358 2499 1445 2530 haud
1472 2500 1518 2530 ita

848 2541 952 2572 multo
970 2546 1040 2582 post
1055 2541 1192 2572 Eumeni
1209 2542 1345 2573 restituti
1361 2547 1447 2581 sunt,
1459 2543 1517 2573 nisi

848 2583 903 2623 qui
928 2584 1051 2624 aliquid
1078 2584 1252 2622 habebant,
1273 2585 1359 2624 quod
1381 2590 1438 2616 aut
1463 2596 1518 2626 pa-

849 2637 917 2657 rum
939 2627 1089 2658 decorum
1114 2633 1196 2658 esset
1212 2627 1414 2659 Achaeorum
1433 2638 1518 2660 com-

850 2670 950 2707 muni,
965 2674 1021 2701 aut
1045 2670 1166 2709 legibus
1188 2675 1388 2711 repugnaret.
1412 2672 1519 2703 CnEv.

850 2714 888 2744 cs.
908 2713 1021 2753 Polyb.
1040 2713 1138 2743 xxvii.
1162 2723 1207 2752 15.
1230 2714 1338 2744 xxviii.
1359 2722 1386 2753 7.

891 2757 910 2785 8
934 2757 1144 2787 Frumentum
1159 2758 1378 2797 praeparare]
1419 2759 1518 2787 Prac-

846 2804 1000 2839 paratum
1016 2799 1218 2830 scribendum
1235 2799 1363 2830 coniicit
1379 2800 1518 2831 Crevier.

847 2847 879 2872 et
895 2853 934 2873 ex
951 2842 1218 2886 praecedentibus
1232 2842 1449 2882 supplendum
1462 2843 1517 2872 lm-

848 2886 929 2916 bere.

890 2937 910 2969 9
933 2926 1154 2967 Iuventatem]
1177 2927 1311 2959 Etiamsi
1327 2926 1519 2959 Macedonia

849 2970 967 3002 milites
993 2971 1057 3001 ism
1083 2970 1290 3010 suppeditare
1315 2981 1376 3000 non
1404 2973 1519 3009 posset,

1265 3026 1289 3052 E
