1888 3194
352 181 434 221 356
845 178 1256 223 PRAEFATIO

338 287 484 340 facere
503 286 548 326 in
568 285 712 328 codice
734 287 951 344 reperitur.
970 315 1022 322 --
1041 287 1146 345 Cap.
1169 290 1238 330 45.
1269 303 1342 329 cur
1368 289 1640 328 decerneretur
1666 288 1746 329 bel-

352 356 445 396 lum.
461 354 634 397 —Ibid.
659 357 772 397 nulla
793 359 990 398 mitescere
1013 364 1113 398 arte.
1129 381 1181 387 —
1196 356 1304 398 Ibid.
1328 359 1514 397 immitem
1539 363 1577 397 et
1599 357 1745 411 impla-

351 423 714 480 cabilem—Cap.
748 428 816 466 46.
862 426 946 476 Qui
984 441 1106 467 mirem
1140 428 1223 466 eius
1255 427 1406 466 ordinis
1439 425 1744 480 offendisset.—

350 490 458 532 Ibid.
481 495 618 533 vocari
637 495 694 533 ad
711 509 750 534 se
770 501 1012 549 quaestorem
1035 496 1160 534 iussit.
1232 493 1430 544 Quaestor
1455 494 1499 534 id
1515 508 1597 548 pro
1621 491 1745 533 nihilo

349 562 498 601 habuit.
514 584 564 591 --
582 559 686 617 Cap.
710 563 778 604 47.
813 577 901 602 cum
937 562 1224 616 Carthaqinem
1253 564 1456 603 venissent.
1471 559 1646 602 —Ibid.
1679 574 1745 600 ve-

349 631 451 670 nisse
480 644 598 670 se.—
615 628 719 684 Cap.
747 632 815 670 48.
850 631 907 669 ad
937 628 1247 670 mara—Ibid.
1282 645 1401 670 naves
1433 630 1586 684 aliquot
1613 629 1745 669 Phoe-

348 699 479 738 nicum
501 699 719 737 onerarias.
735 722 787 727 —
801 696 910 738 Ibid.
935 698 1105 752 leqatum
1127 713 1167 737 se
1197 698 1354 751 Tyrum
1377 699 1549 737 missum.
1565 723 1617 729 —-
1631 694 1740 737 Ibid.

347 767 405 806 ad
429 767 473 805 id
495 766 601 820 quod
624 779 755 805 serum
786 772 883 804 erat.
899 789 953 795 ——
969 764 1076 805 Ibid.
1110 765 1227 819 vulfso
1246 765 1490 818 fremebant.
1506 763 1684 804 —Ibid.
1707 769 1746 804 et

333 834 586 887 factionibus
616 831 963 888 discordi—Cap.
993 835 1061 873 49.
1096 834 1332 887 nuntiosque
1362 832 1412 872 ab
1442 847 1484 872 eo
1514 832 1572 871 ad
1598 831 1744 871 Antio-

347 902 463 940 chum
493 907 531 940 et
549 900 709 940 Aetolos
739 902 888 950 missos,
913 901 1153 955 consiliaque
1183 902 1285 941 inita
1314 900 1571 954 impellendae
1595 899 1652 939 ad
1676 899 1744 939 de-

332 971 549 1023 fectionem
578 969 851 1024 Cartha'qinis,
874 984 943 1009 nec
970 970 1050 1009 alio
1075 984 1162 1009 eum
1184 984 1305 1024 quam
1337 969 1395 1008 ad
1412 968 1656 1008 Antiochum
1680 982 1743 1008 re-

340 1053 429 1092 yem
455 1036 858 1092 profectum—Ibid.
898 1038 969 1078 Ibi
992 1038 1219 1092 profectum
1252 1039 1332 1078 iam
1367 1052 1494 1092 reyem
1530 1038 1572 1077 in
1596 1035 1742 1076 Asiam

345 1122 433 1147 cum
464 1105 824 1147 audisset.—Lib.
850 1106 1072 1148 XXXIV.
1100 1106 1202 1161 Cap.
1227 1108 1265 1146 2.
1295 1107 1378 1146 sine
1411 1111 1538 1146 tutore
1567 1110 1739 1145 auctore.

342 1197 395 1202 —-
412 1173 516 1230 Cap.
541 1177 608 1215 24.
631 1190 752 1229 quam
778 1175 852 1214 ulli
877 1175 1053 1223 barbari,
1076 1176 1194 1214 immo
1221 1189 1343 1229 quam
1370 1176 1561 1214 immanes
1591 1173 1742 1213 belluae

343 1245 491 1283 vivunt.
507 1266 559 1271 —
576 1241 681 1298 Cap.
701 1245 768 1284 53.
792 1243 842 1282 P.
864 1243 1122 1296 Sempronius
1143 1242 1302 1296 Sophus
1317 1242 1462 1282 consul.
1478 1268 1532 1274 -—
1547 1238 1652 1296 Cap.
1669 1242 1737 1281 55.

351 1311 531 1352 Cornelio
558 1311 713 1359 Gallia,
735 1311 921 1350 Minucio
941 1310 1114 1364 Liqures
1135 1317 1353 1350 evenerunt.
1421 1309 1564 1350 Sortiti
1575 1314 1741 1363 praeto-

343 1394 417 1429 res,
452 1379 495 1420 C.
517 1379 758 1420 Scribonius.
774 1377 933 1418 ——Lib.
958 1377 1158 1419 XXXV.
1187 1375 1291 1433 Cap.
1315 1380 1383 1418 48.
1410 1378 1595 1431 principe
1614 1377 1740 1417 altero

343 1449 462 1488 unius
495 1450 679 1488 civitatis.
697 1446 860 1487 —Lib.
898 1445 1169 1487 XXXVIII.
1212 1444 1317 1501 Cap.
1359 1448 1422 1486 13.
1461 1445 1666 1485 castellum
1699 1446 1741 1485 vi

343 1518 455 1571 cepit,
479 1522 640 1570 captum
661 1515 1010 1555 Alabandensibus
1032 1514 1171 1554 reddit.

400 1582 571 1623 Deinde
593 1582 780 1638 egregias
801 1581 984 1623 virorum
1001 1580 1222 1622 doctorum
1243 1580 1505 1622 coniecturas
1524 1579 1570 1621 in
1585 1579 1740 1622 oratio-

342 1650 406 1691 nis
427 1658 675 1692 contextum
695 1650 780 1691 sive
806 1657 996 1706 receptas
1023 1649 1109 1690 sive
1137 1648 1398 1705 recipiendas
1424 1656 1738 1706 peropportune

340 1719 571 1760 confirmat.
635 1716 725 1759 Has
760 1717 928 1759 illorum
963 1717 1206 1759 nominibus
1239 1717 1412 1760 adiectis
1443 1717 1644 1774 deinceps
1677 1717 1740 1759 ita

339 1787 663 1837 recensebimus,
700 1795 747 1828 ut
783 1786 929 1828 Franc.
973 1785 1211 1828 Bartholini
1251 1794 1294 1828 et
1326 1786 1429 1828 Ant.
1477 1785 1740 1843 Quaerengii

339 1855 656 1897 emendationes
683 1855 728 1895 in
755 1854 950 1896 Romana
978 1854 1073 1896 libri
1104 1854 1305 1897 tricesimi
1330 1855 1443 1896 tertii
1471 1854 1658 1896 editione
1683 1868 1738 1896 ex

340 1923 651 1979 corruptissimo
702 1922 858 1964 codicis
906 1922 1230 1979 Bambergensis
1283 1922 1478 1979 exemplo
1528 1922 1738 1978 descripta

338 1991 571 2047 propositas
606 1990 858 2031 omittamus.
922 1989 1016 2030 Lib.
1049 1990 1202 2032 XXX.
1237 1989 1341 2045 Cap.
1365 1993 1433 2031 44.
1467 1990 1635 2030 Necesse
1666 1996 1735 2039 est,

339 2062 381 2100 in
401 2074 469 2099 vos
488 2060 575 2099 odio
595 2065 721 2098 vestro
742 2059 961 2098 consultum
983 2059 1032 2098 ab
1047 2058 1243 2099 Romanis
1264 2059 1436 2098 credatis
1456 2072 1532 2114 pro
1553 2057 1641 2098 Nec
1656 2072 1737 2098 esse

339 2129 381 2167 in
402 2141 468 2166 vos
489 2127 577 2166 odio
597 2132 723 2166 vestro
739 2133 816 2166 etc.
836 2124 966 2165 Drak.
983 2148 1035 2153 —
1050 2124 1143 2165 Lib.
1165 2125 1342 2166 XXXI.
1365 2123 1470 2181 Cap.
1490 2128 1528 2166 2.
1552 2127 1623 2180 qui
1641 2132 1736 2166 tunc

338 2196 380 2235 in
389 2196 609 2248 provinciis
624 2200 742 2234 erant
754 2208 830 2249 pro
847 2196 917 2248 qui
932 2200 1025 2234 tunc
1041 2196 1082 2234 in
1091 2194 1244 2248 proelio
1261 2208 1349 2234 cum
1363 2194 1480 2234 Boiis
1493 2200 1621 2243 erant,
1632 2192 1732 2235 Alb.

340 2261 577 2303 Ruben.—
596 2260 700 2317 Cap.
733 2265 772 2302 4.
818 2262 866 2301 T.
899 2261 1112 2312 Quinctius
1142 2262 1400 2302 Flamininus
1436 2276 1512 2317 pro
1557 2261 1607 2312 Q.
1630 2261 1735 2302 Fla-

338 2332 497 2380 minius,
530 2329 652 2385 Pigh.
672 2352 725 2358 —-
744 2328 848 2385 Cap.
885 2332 923 2370 5.
959 2332 1253 2371 renuntiassent
1283 2344 1359 2386 pro
1389 2333 1732 2386 pronuntiassent,

340 2397 470 2439 Drak.
486 2396 660 2438 ——Ibid.
699 2403 783 2437 tum
819 2398 1048 2451 responderi
1071 2398 1233 2452 placere
1267 2412 1344 2454 pro
1381 2405 1464 2440 tum
1499 2399 1733 2453 respondere

334 2467 506 2520 placere,
536 2463 651 2505 Duk.
683 2471 725 2505 et
749 2463 872 2505 Crev.
888 2487 939 2494 —
956 2463 1060 2521 Cap.
1089 2469 1152 2507 14.
1186 2473 1224 2506 et
1251 2467 1426 2507 irritatio
1455 2466 1611 2521 quidem
1640 2467 1731 2506 ani-

339 2549 491 2574 morum
511 2547 587 2588 pro
608 2540 646 2573 et
665 2535 839 2573 irritatio
854 2534 1093 2582 animorum,
1112 2532 1177 2574 Fr.
1200 2531 1332 2574 Gron.
1350 2553 1399 2559 —-
1415 2531 1519 2587 Cap.
1543 2534 1606 2572 15.
1626 2547 1729 2582 cum,

337 2603 373 2641 si
401 2603 631 2641 institissent
658 2608 751 2641 tunc
770 2601 962 2655 Philippo
989 2616 1065 2657 pro
1093 2604 1130 2642 si
1152 2603 1385 2642 institissent
1409 2607 1503 2641 tunc
1523 2601 1728 2656 Philippo,

338 2667 452 2709 Duk.
469 2667 633 2709 Vocula
653 2676 747 2709 tunc
767 2669 812 2710 in
832 2669 977 2710 codice
997 2684 1196 2726 peperam
1213 2668 1365 2710 omissa
1379 2676 1453 2710 est.
1468 2690 1521 2698 —
1536 2668 1641 2725 Cap.
1657 2670 1725 2712 27.

345 2736 498 2777 Cnidus
526 2750 603 2791 pro
631 2737 749 2785 Ilion,
779 2736 860 2777 Iac.
884 2736 1015 2778 Gron.
1032 2759 1085 2765 -
1101 2736 1205 2792 Cap.
1230 2739 1296 2778 29.
1328 2739 1371 2778 in
1402 2737 1584 2778 Siciliam
1615 2743 1729 2779 tran-

336 2806 571 2846 scenderunt
607 2818 682 2860 pro
723 2807 765 2845 in
810 2805 992 2845 Siciliam
1032 2806 1349 2855 conscenderunt,
1396 2803 1519 2848 Crev.
1542 2827 1595 2833 --
1615 2804 1725 2847 Ibid.

336 2874 456 2914 cidem
491 2887 567 2928 pro
602 2874 784 2922 eiusdem,
822 2872 944 2914 Crev.
964 2897 1016 2902 —
1036 2871 1140 2929 Cap.
1173 2876 1238 2914 31.
1273 2889 1320 2914 ne
1351 2876 1430 2928 ipsi
1459 2874 1614 2928 quidem
1649 2886 1726 2929 pro
