1888 3194
913 173 1204 211 INDEX.

372 248 549 289 Lycurgus,
578 251 733 288 tyrannus
769 246 1037 279 Lacedaemonio-

414 301 485 321 rum
498 300 553 339 34,
569 290 618 322 26.

373 333 482 373 Lycus
495 334 529 364 in
545 333 736 365 Dassaretiis
752 342 803 372 32,
818 343 848 374 9.

373 376 423 416 Ly
427 376 479 406 dia
494 377 630 407 donatur
646 376 786 407 Eumeni
802 377 853 415 38,
869 385 919 418 39.

373 410 564 458 Lyncestae,
580 419 692 459 populi
709 428 760 457 45,
775 428 825 458 30.

373 461 515 501 Lyncus,
530 462 685 502 oppidum
704 461 753 499 26,
770 470 819 500 25.
845 471 896 501 31,
911 471 961 500 33.

374 504 590 544 Lysimachia,
609 505 683 535 urbs
704 513 755 543 32,
772 514 821 543 34.
846 514 897 543 34,
914 512 962 542 57.
995 504 1038 534 di-

414 547 528 586 ripitur
553 551 586 578 et
610 547 790 577 incenditur
817 557 835 577 a
862 547 1040 576 Thracibus

415 598 467 628 33,
490 590 540 629 38.
573 599 644 620 eam
670 590 834 620 restituere
861 589 949 628 cupit
976 590 1041 618 An-

414 632 551 670 tiochus,
566 632 641 662 ibid.
673 636 708 662 ut
725 632 859 662 Seleuco
880 631 947 661 filio
970 641 1041 661 eam

415 675 469 705 det
484 675 571 714 regni
587 675 694 704 sedem
711 684 760 712 40
778 674 818 704 cf.
835 678 866 703 et
882 682 998 712 35,15.

374 717 596 757 Lysimachus,
611 716 755 755 Philippi
771 715 903 751 amicus,
918 715 950 744 in
967 726 1040 745 con—

414 759 520 789 silium
536 760 576 789 ab
593 769 630 789 eo
646 758 816 788 adhibetur
829 758 870 788 ad
886 757 1041 788 iudicium

415 801 574 832 Demetrii
590 811 642 838 40,
658 801 687 832 8.

374 844 523 884 Lysinoe,
538 844 613 873 urbs
628 843 679 881 38,
698 853 744 883 15.

344 898 347 900 ·
374 886 477 927 Lysis,
493 886 619 924 fluvius,
634 885 710 917 ibid.

682 1014 731 1046 M.

373 1099 568 1131 Macedonia
592 1109 619 1137 1,
638 1109 663 1130 1.
687 1109 718 1141 9,
738 1099 784 1130 18.
815 1099 1042 1131 Macedoniam

414 1144 613 1182 populantur
630 1142 774 1173 Dardani
792 1150 842 1182 27,
854 1152 903 1182 33.
927 1147 994 1173 tota
1010 1154 1043 1174 se

415 1185 503 1216 dedit
530 1185 668 1216 Aemilio
693 1186 821 1222 Paullo,
844 1185 967 1216 consuli
991 1197 1042 1224 44,

415 1235 465 1267 45.
504 1229 543 1259 de
570 1228 763 1259 Macedonia
789 1229 1041 1259 senatusconsul-

414 1274 483 1301 tum
507 1278 559 1309 45,
584 1271 630 1302 18.
666 1270 694 1301 ei
722 1271 849 1301 libe1tas
875 1272 969 1301 datur
992 1281 1041 1312 29.

414 1313 566 1344 dividitur
581 1313 614 1343 in
630 1316 781 1353 quattuor
798 1313 951 1353 regiones,
966 1313 1041 1345 ibid.

415 1359 448 1386 et
465 1365 514 1395 30.

373 1398 570 1429 Macedones
588 1405 616 1437 7,
634 1397 682 1430 26.
713 1408 822 1429 eorum
838 1398 933 1438 legati
950 1398 981 1429 in
998 1409 1043 1429 se-

414 1445 526 1472 natum
547 1441 730 1477 introducti,
747 1446 922 1480 queruntur
937 1442 977 1472 de
993 1442 1042 1473 M.

414 1484 546 1514 Aurelio
568 1493 619 1523 30,
638 1494 687 1521 42.
718 1485 936 1515 Macedonum
960 1484 1041 1524 legio

414 1527 447 1557 in
472 1527 666 1557 Hannibalis
688 1527 830 1556 exercitu
847 1535 896 1565 33.
931 1527 1041 1557 Mace-

415 1570 535 1599 donum
558 1569 661 1609 gentis
679 1569 828 1600 nobilitas
845 1578 895 1608 31,
915 1578 941 1600 1.
971 1570 1042 1600 Ma-

415 1612 551 1642 cedones
576 1615 734 1642 terrentur
758 1612 910 1642 foeditate
934 1613 1042 1643 vulne-

413 1664 496 1691 rum,
516 1654 672 1685 Romanis
694 1654 790 1684 armis
811 1654 973 1684 illatorum
992 1665 1041 1694 34.

414 1707 525 1727 eorum
539 1697 664 1727 animos
679 1696 737 1727 sibi
753 1697 923 1728 conciliare
935 1698 1042 1728 studet

416 1739 588 1779 Philippus
611 1749 662 1778 32,
681 1747 709 1778 5.
745 1740 908 1780 copiarum
932 1751 1042 1771 nume-

414 1792 467 1812 rus
479 1792 530 1822 33,
544 1793 572 1820 4.
597 1783 816 1813 Macedonum
833 1793 905 1813 cum
923 1783 1042 1813 Roma-

414 1824 463 1855 nis
492 1835 599 1865 pugna
628 1826 669 1855 ad
700 1826 961 1865 Cynoscephalas
991 1835 1042 1865 33,

417 1874 528 1907 7—10.
552 1868 790 1900 interfectorum
805 1878 874 1898 ossa
889 1869 965 1908 legit
977 1870 1042 1899 An-

413 1910 501 1940 tioch
507 1921 541 1941 us
552 1911 593 1941 ad
603 1910 865 1950 Cynoscephalas
875 1910 926 1949 36,
934 1912 962 1943 8.
989 1922 1042 1942 ex-

415 1953 582 1993 pelluntur
605 1953 736 1984 urbibus
758 1954 972 1984 Athamaniae
991 1954 1042 1993 38,

418 2005 444 2026 1.
479 1996 684 2027 offenduntur
706 2007 726 2026 a
752 1996 907 2036 Philippo
935 2007 986 2035 40,
1013 2006 1042 2035 3.

415 2048 524 2069 eorum
553 2039 660 2069 classis
685 2039 812 2079 fugatur
841 2050 859 2069 a
887 2040 1043 2070 Romanis

415 2092 467 2119 44,
483 2090 533 2119 30.
563 2082 759 2112 Macedones
778 2081 860 2112 inter
875 2086 907 2112 et
924 2083 1043 2113 Roma.-

415 2133 472 2154 nos
497 2124 635 2161 fortuna,
661 2134 725 2154 non
755 2124 842 2155 iussu
871 2124 1042 2164 imperato-

414 2176 497 2204 rum,
518 2166 723 2197 commissum
747 2171 907 2197 certamen
925 2178 976 2205 44,
992 2177 1042 2205 40.

415 2208 588 2239 vincuntur
611 2219 632 2239 a
658 2210 774 2240 Paullo
797 2209 936 2239 Aemilio
959 2220 1044 2247 40—

416 2260 466 2288 42.
499 2251 577 2281 belli
601 2251 672 2281 finis
694 2259 745 2290 45,
763 2261 791 2292 9.
824 2252 1041 2282 Macedonum

415 2303 547 2331 regnum
571 2294 730 2332 quomodo
753 2298 783 2323 et
807 2303 864 2332 per
879 2303 958 2332 quos
978 2304 1042 2324 cre-

418 2335 507 2373 verit,
521 2335 598 2366 ibid.
629 2339 700 2375 post
715 2341 850 2366 mortem
868 2335 1042 2366 Alexandri

415 2377 449 2407 in
479 2378 583 2408 multa
615 2388 710 2417 regna
740 2377 937 2415 distractum,
966 2378 1041 2409 ibid.

416 2420 635 2450 Macedonum
665 2420 825 2459 principes
851 2420 883 2450 in
913 2420 1042 2451 Italiam

416 2461 462 2492 ire
483 2462 633 2492 iubentur
655 2471 704 2500 32.
741 2462 974 2493 Macedonibus
996 2463 1041 2494 111-

416 2505 552 2536 terdicta
571 2505 639 2535 auri
654 2508 686 2535 et
701 2505 820 2544 argenti
843 2506 975 2536 metalla
991 2515 1042 2545 45,

419 2557 468 2589 29.
499 2551 531 2578 et
557 2547 717 2578 connubia
742 2551 832 2577 extra
858 2548 936 2578 fines
959 2559 1042 2587 suos,

417 2590 494 2622 ibid.

377 2633 590 2663 Macedonica
616 2633 758 2673 phalanx
785 2642 888 2674 9,19.
925 2635 1042 2681 praeda

419 2683 470 2715 45,
487 2684 525 2714 33
543 2679 574 2706 et
590 2685 640 2717 39.
665 2675 867 2706 Macedonici
885 2677 1042 2707 exercitus

418 2718 575 2748 Romanis
598 2717 773 2757 comparati
797 2728 897 2759 9,19.
932 2719 1040 2750 Mace—

418 2760 524 2791 donici
549 2760 627 2791 belli
652 2771 765 2791 causac
791 2771 863 2791 011111
888 2761 1042 2801 Philippo

419 2812 471 2842 35,
491 2813 517 2840 1,
534 2811 562 2842 5.
591 2803 669 2833 item
692 2813 765 2833 cum
790 2803 904 2834 Perseo
924 2812 975 2844 39,
992 2813 1040 2843 23.

419 2845 622 2876 Macedonici
645 2845 802 2877 exercitus
825 2846 969 2876 lustratio
989 2857 1040 2886 40,

419 2887 447 2918 6.
474 2888 720 2920 Macedonicum
736 2898 824 2920 mare
838 2899 890 2928 44,
909 2898 955 2920 11.

1082 249 1237 287 Macella,
1256 250 1330 280 urbs
1353 249 1493 288 Siciliae,
1513 248 1620 281 deficit
1641 259 1662 280 a
1683 250 1750 281 Ro-

1124 292 1227 322 manis
1245 290 1295 329 26,
1312 302 1361 324 21.

1083 334 1263 365 Macellum
1279 335 1405 365 Romae
1425 335 1574 366 incendio
1594 333 1751 366 consumi-

1125 380 1177 407 tur
1194 376 1243 412 26,
1261 386 1309 417 27.
1333 378 1474 408 reficitur
1491 386 1541 418 27,
1561 388 1607 409 11.

1083 419 1306 457 Machanidas,
1343 425 1497 460 tyrannus
1536 421 1751 451 Lacedaemo-

1125 462 1262 500 niorum,
1277 463 1362 493 bello
1379 464 1459 502 petit
1474 464 1622 494 Achaeos
1639 470 1689 503 27,
1701 472 1752 504 29,

1126 505 1165 535 cf.
1189 509 1221 535 et
1246 505 1295 541 28,
1320 513 1347 543 5.
1389 506 1497 544 Eleos,
1524 506 1751 546 Olympiorum

1126 547 1270 577 sollenne
1293 548 1450 578 ludicrum
1471 553 1630 588 parantes,
1645 558 1752 588 aggre-

1127 589 1158 619 di
1172 589 1283 619 statuit
1297 590 1346 627 28,
1360 598 1385 629 7.
1406 594 1495 620 metu
1507 591 1653 631 Philippi
1667 601 1752 621 com-

1128 631 1285 670 primitur,
1301 632 1377 662 ibid.

1085 673 1199 704 Macra
1215 675 1327 711 Come,
1343 674 1499 713 oppidum
1515 684 1567 714 32,
1586 685 1634 714 13.

1086 716 1209 753 Macra,
1225 716 1340 746 fluvius
1357 726 1407 757 39,
1424 726 1474 755 32.
1498 727 1550 755 40,
1565 728 1616 756 41.

1085 758 1189 788 Macn
1206 769 1378 798 0111111141
1396 768 1520 798 22.,45
1535 770 1582 791 12.

1086 800 1217 839 Macris,
1233 801 1336 831 insula
1352 808 1403 840 37,
1423 811 1470 841 13,
1488 803 1526 832 28
1543 807 1575 833 et
1591 812 1641 844 29.

1086 843 1289 879 Maduateni..
1305 844 1462 875 Thraciae
1478 845 1589 884 populi
1606 845 1658 884 38,
1673 855 1725 884 40.

1085 886 1253 926 Madytus,
1269 886 1458 918 Chersonesi
1474 889 1548 918 urbs
1564 897 1615 927 31,
1630 886 1678 919 16.
1701 897 1753 928 33,

1084 972 1272 1010 Maeander,
1284 972 1315 1002 fl.
1330 978 1381 1011 37,
1394 980 1432 1012 45
1449 976 1481 1003 et
1497 972 1545 1012 56.
1569 972 1637 1004 eius
1651 973 1755 1005 amnis

1126 1015 1230 1045 fontes
1259 1015 1409 1046 Celaenis
1446 1015 1590 1046 oriuntur
1622 1016 1674 1055 38,
1706 1025 1754 1056 13.

1127 1058 1207 1087 vado
1223 1058 1364 1097 superari
1379 1068 1443 1088 non
1460 1062 1566 1098 potest
1584 1068 1632 1089 12.

1087 1099 1214 1130 Maecia
1236 1101 1337 1131 tribus
1359 1101 1470 1132 addita
1484 1101 1515 1140 8,
1534 1108 1580 1141 17.
1599 1101 1640 1133 cf.
1655 1104 1688 1132 et
1704 1111 1755 1143 29,

1129 1150 1179 1181 37-

1087 1184 1124 1216 P.
1138 1185 1319 1223 Maecilius,
1333 1185 1406 1217 trib.
1422 1186 1466 1226 pl.
1485 1196 1514 1224 2,
1531 1187 1582 1225 58.

1087 1228 1140 1268 Sp.
1158 1228 1330 1258 Maecilius
1358 1230 1472 1259 absens
1500 1233 1649 1268 quartum
1680 1229 1754 1262 trib.

1127 1271 1172 1310 pl.
1197 1275 1321 1301 creatur
1343 1282 1373 1310 4,
1397 1272 1448 1310 48.
1484 1272 1628 1302 turbator
1656 1272 1755 1313 vulgi,

1128 1313 1205 1344 ibid.

1087 1356 1210 1393 Maedi,
1227 1356 1340 1396 populi
1357 1355 1408 1394 26,
1425 1363 1473 1395 25.
1499 1356 1550 1394 28,
1566 1364 1595 1396 5.

1088 1398 1249 1436 Maedica,
1278 1399 1363 1438 regio
1391 1397 1441 1436 26,
1469 1408 1518 1438 25.
1556 1408 1608 1437 40,
1635 1408 1684 1431 21.
1721 1398 1756 1430 111

1128 1441 1312 1471 Maedicam
1349 1441 1526 1472 exercitum
1560 1441 1650 1472 ducit
1680 1441 1756 1473 Phi-

1128 1484 1248 1523 lippus,
1264 1483 1339 1514 ibid.

1087 1526 1124 1557 P.
1138 1526 1290 1564 Maelius,
1305 1526 1377 1557 trib.
1400 1525 1494 1557 milit.
1518 1526 1677 1558 consulari
1699 1537 1756 1568 po-

1128 1572 1244 1599 testate
1261 1577 1290 1608 5,
1310 1578 1356 1600 12.
1379 1569 1495 1600 iterum
1514 1570 1562 1601 18.

1088 1611 1131 1647 Q.
1145 1611 1297 1649 Maelius,
1312 1611 1383 1643 trib.
1400 1612 1444 1651 pl.
1461 1622 1492 1653 9,
1504 1612 1534 1643 8.

1087 1654 1142 1694 Sp.
1156 1654 1309 1692 Maelius,
1329 1665 1369 1685 ex
1392 1654 1530 1694 equestri
1553 1654 1674 1693 ordine,
1696 1655 1757 1686 lar-

1127 1697 1263 1736 gitiones
1278 1697 1428 1728 frumenti
1444 1698 1548 1728 facere
1562 1697 1701 1729 instituit
1722 1698 1756 1729 in

1127 1749 1274 1770 annonae
1300 1739 1431 1770 caritate
1454 1751 1484 1778 4,
1511 1749 1557 1779 13.
1595 1741 1635 1771 de
1660 1751 1756 1781 regno

1128 1783 1270 1822 parando
1296 1782 1408 1823 agitat,
1433 1782 1510 1814 ibid.
1554 1787 1687 1814 vocatur
1714 1783 1756 1814 ad

1129 1825 1317 1855 dictatorem
1334 1825 1563 1857 Cincinnatum
1581 1835 1629 1864 14.
1656 1827 1697 1856 ab
1712 1827 1756 1857 A-

1128 1867 1204 1898 hala
1220 1868 1352 1898 Servilio
1375 1868 1524 1907 magistro
1544 1868 1689 1908 equitum
1705 1879 1756 1899 oc-

1129 1910 1255 1948 ciditur,
1265 1910 1340 1941 ibid.
1364 1911 1485 1941 factum
1501 1911 1644 1942 defendit
1658 1911 1757 1942 dicta-

1129 1956 1178 1983 tor
1197 1961 1243 1991 15.
1267 1954 1381 1984 domus
1396 1953 1465 1984 eius
1480 1953 1617 1984 diruitur
1634 1952 1682 1985 16.

1086 1995 1254 2026 Maenium
1270 1996 1387 2026 atrium
1402 2005 1454 2037 39,
1470 2007 1520 2035 44.

1087 2039 1124 2070 C.
1138 2038 1299 2076 Maenius,
1320 2049 1382 2070 cos.
1405 2039 1504 2069 vincit
1525 2037 1672 2069 Aricinos
1694 2038 1756 2070 La-

1130 2080 1293 2121 viniosque
1319 2082 1349 2119 8,
1379 2089 1425 2119 13.
1463 2081 1651 2120 triumphat,
1677 2081 1756 2113 ibid.

1128 2127 1235 2154 statua
1258 2123 1410 2163 equestris
1437 2122 1466 2153 ei
1491 2123 1524 2153 in
1550 2123 1618 2153 foro
1640 2123 1755 2163 posita,

1127 2165 1204 2197 ibid.
1229 2165 1451 2205 quaestionum
1464 2166 1504 2196 de
1520 2164 1691 2197 coniuratis
1701 2176 1756 2197 ex-

1128 2209 1336 2238 ercendarum
1366 2218 1461 2238 causa
1490 2207 1628 2238 dictator
1649 2218 1681 2250 9,
1705 2207 1756 2241 26.

1128 2249 1157 2279 01
1181 2250 1347 2280 minitatur
1375 2250 1612 2281 accusationem
1641 2251 1756 2282 nobili-

1127 2295 1187 2330 tas,
1201 2292 1279 2323 lbld
1295 2293 1334 2324 cf.
1352 2296 1384 2323 et
1399 2302 1430 2333 9,
1447 2302 1496 2331 34.
1526 2292 1593 2323 eius
1608 2294 1709 2324 oratio
1723 2303 1756 2335 9,

1130 2333 1178 2365 26.
1211 2335 1339 2365 abdicat
1365 2345 1397 2366 se
1423 2336 1593 2374 dictatura,
1617 2339 1661 2374 et,
1683 2346 1756 2368 reus

1127 2377 1242 2414 factus,
1257 2377 1442 2415 absolvitur,
1456 2378 1533 2409 ibid.

1087 2421 1124 2452 C.
1137 2420 1299 2458 Maenius,
1322 2423 1450 2460 praetor
1471 2430 1522 2459 40,
1546 2428 1595 2460 35.
1628 2424 1756 2453 exercet

1128 2462 1328 2502 quaestiones
1343 2463 1384 2493 de
1400 2462 1561 2494 veneficiis
1576 2472 1626 2503 43.

1087 2506 1124 2537 L.
1141 2505 1302 2543 Maenius,
1325 2505 1396 2536 trib.
1421 2506 1466 2545 pl.
1491 2506 1688 2546 rogationem
1713 2506 1755 2537 de

1129 2548 1270 2578 unciario
1285 2548 1414 2578 foenore
1429 2548 1490 2578 fert
1507 2555 1536 2588 7,
1555 2547 1601 2579 16.

1086 2591 1135 2622 M.
1152 2590 1313 2627 Maenius,
1339 2590 1409 2622 trib.
1440 2591 1485 2630 pl.
1512 2590 1589 2630 legis
1614 2590 1755 2630 agrariae

1127 2634 1210 2664 lator
1225 2643 1255 2670 4,
1271 2641 1321 2672 53.
1344 2632 1480 2672 impedit
1495 2633 1668 2671 delectum,
1683 2633 1725 2665 ib.

1085 2676 1132 2706 M.
1146 2675 1307 2712 Maenius,
1329 2675 1400 2705 trib.
1422 2675 1466 2714 pl.
1483 2673 1514 2712 6,
1534 2684 1580 2716 19.
1611 2676 1700 2706 dedit
1721 2687 1755 2707 se

1126 2718 1159 2748 in
1189 2718 1345 2748 seditione
1374 2717 1543 2748 Manliana
1571 2718 1756 2750 auctoritati

1130 2761 1274 2798 Patrum,
1298 2759 1375 2790 ibid.
1404 2759 1488 2790 diem
1515 2759 1593 2791 dicit
1617 2761 1756 2801 Manlio,

1127 2803 1204 2834 ibid.
1221 2806 1253 2833 et
1269 2812 1318 2833 2ο.

1085 2846 1132 2877 Μ.
1146 2845 1306 2881 Maenius,
1318 2845 1389 2876 trib.
1401 2844 1495 2876 milit.
1510 2844 1543 2875 in
1560 2855 1669 2886 pugna
1680 2856 1754 2877 cum

1127 2888 1267 2928 Magone
1283 2888 1392 2919 Poeno
1408 2887 1494 2919 cadit
1509 2896 1560 2927 3ο,
1581 2889 1628 2921 18.
