1888 3194
504 169 787 212 LIBROR.
834 169 1135 212 DEPERD.
1434 176 1516 215 245

706 425 923 468 LXXIII.

115 543 166 585 L.
189 542 405 585 IULIUS
447 541 698 585 CAESAR
739 542 886 584 consul
922 542 1030 584 male
1067 542 1266 585 adversus
1305 543 1514 587 Samnites

77 604 79 608 “
114 601 329 658 pugnavit.
393 599 508 642 Nola
541 599 707 642 colonia
741 600 786 640 in
821 608 1074 656 potestatem
1113 600 1366 643 Samnitium
1398 603 1515 644 venit

113 673 212 700 cum
234 658 283 699 L.
300 658 518 700 Postumio
539 668 745 714 praetore,
763 658 837 714 qui
858 658 910 699 ab
930 658 980 699 iis
1000 658 1246 700 interfectus
1262 668 1335 700 est.
1382 659 1514 701 Com-

114 715 256 773 plures
290 715 437 772 populi
472 715 525 756 ad
562 715 703 757 hostes
739 715 995 756 defecerunt.
1069 715 1215 764 Quum
1252 716 1300 758 P.
1326 716 1514 759 Rutilius

114 773 261 815 consul
282 773 390 814 male
412 773 610 814 adversus
630 772 771 814 hostes
788 772 952 814 Marsos
968 783 1206 829 pugnasset,
1224 783 1267 815 et
1287 774 1331 815 in
1354 775 1513 831 proelio

115 830 347 880 cecidisset,
388 830 438 872 C.
465 830 640 879 Marius,
679 829 838 885 legatus
874 830 976 880 eius,
1014 830 1186 872 meliore
1223 841 1380 873 eventu
1415 847 1514 874 cum

115 888 304 930 hostibus
336 888 540 930 conflixit.
606 887 692 929 Ser.
724 886 934 944 Sulpicius
967 887 1166 945 Pelignos
1197 888 1358 945 proelio
1390 889 1511 931 fudit.

120 945 174 995 Q.
207 945 381 1002 Caepio,
418 945 579 1002 legatus
622 944 788 994 Rutilii,
826 960 959 1001 quum
1000 946 1190 987 obsessus
1231 961 1427 1003 prospere
1468 947 1514 988 in

115 1003 257 1045 hostes
277 1003 494 1059 erupisset,
514 1012 556 1043 et
577 1002 630 1044 ob
652 1017 749 1043 eum
771 1017 1008 1043 successum
1030 1012 1257 1059 aequatum
1278 1004 1318 1045 ei
1338 1019 1436 1046 eum
1460 1003 1511 1046 C.

116 1059 257 1102 Mario
285 1069 393 1101 esset
423 1060 661 1115 imperium,
689 1059 934 1100 temerarius
960 1059 1107 1109 factus,
1134 1069 1177 1102 et
1203 1061 1515 1104 circumventus

115 1117 291 1167 insidiis,
327 1116 419 1158 fuso
454 1117 644 1158 exercitu
684 1115 849 1157 cecidit.
913 1115 962 1156 L.
1000 1115 1132 1158 Iulius
1171 1116 1328 1159 Caesar
1367 1119 1515 1161 consul

114 1174 292 1216 feliciter
322 1173 518 1215 adversus
553 1172 764 1214 Samnites
794 1173 1008 1229 pugnavit.
1074 1174 1143 1216 Ob
1176 1189 1269 1215 eam
1297 1176 1516 1217 victoriam

117 1231 281 1273 Romae
314 1245 413 1287 saga
443 1231 580 1287 posita
611 1239 734 1271 sunt:
769 1239 824 1279 et,
851 1239 898 1271 ut
924 1231 1039 1272 varia
1067 1231 1167 1272 belli
1192 1231 1362 1273 fortuna
1393 1242 1514 1283 esset,

117 1289 325 1331 Aesernia
359 1288 524 1330 colonia
558 1303 655 1329 cum
698 1287 760 1329 M.
785 1287 990 1330 Marcello
1028 1288 1071 1329 in
1106 1298 1358 1345 potestatem
1397 1289 1517 1332 Sam-

115 1347 268 1388 nitium
291 1346 418 1388 venit.
483 1345 569 1387 Sed
600 1345 650 1387 C.
671 1344 834 1386 Marius
861 1345 1021 1402 proelio
1050 1345 1214 1388 Marsos
1234 1346 1356 1397 fudit,
1381 1346 1517 1390 Herio

118 1404 283 1454 Asinio,
317 1411 509 1460 praetore
544 1402 899 1453 Marrucinorum,
933 1403 1082 1445 occiso.
1147 1403 1198 1445 C.
1225 1403 1438 1447 Caecilius
1473 1405 1517 1447 in

121 1460 261 1503 Gallia
283 1461 563 1518 Transalpina
586 1460 793 1503 Salluvios
813 1459 1064 1503 rebellantes
1084 1461 1196 1503 vicit.

713 1688 924 1730 LXXIV.

123 1807 221 1850 CN.
246 1804 566 1849 POMPEIUS
594 1804 905 1846 PICENTES
934 1805 1092 1861 proelio
1118 1806 1239 1856 fudit,
1262 1818 1305 1848 et
1326 1808 1515 1850 obsedit:

120 1874 293 1922 propter
319 1879 446 1920 quam
476 1863 692 1904 victoriam
722 1862 884 1903 Romae
916 1872 1156 1918 praetextae
1185 1875 1226 1905 et
1257 1864 1338 1906 alia
1368 1867 1521 1922 magis-

122 1932 305 1965 tratuum
327 1921 508 1978 insignia
523 1929 689 1976 sumpta
705 1928 814 1960 sunt.
861 1919 912 1960 C.
930 1919 1092 1961 Marius
1108 1936 1203 1962 cum
1223 1921 1376 1964 Marsis
1392 1923 1522 1965 dubio

119 1990 277 2022 eventu
317 1978 532 2036 pugnavit.
597 1977 807 2018 Libertini
848 1986 938 2017 tum
980 1977 1163 2032 primum
1205 1979 1384 2022 militare
1425 1996 1521 2022 coe-

176 2046 284 2079 runt.
348 2036 402 2077 A.
427 2035 590 2076 Plotius
624 2034 785 2091 legatus
829 2033 1026 2084 Umbros,
1064 2034 1114 2075 L.
1140 2034 1315 2078 Porcius
1355 2048 1522 2093 praetor

119 2053 299 2144 Marsos,
322 2108 452 2150 quum
476 2101 654 2148 uterque
676 2091 858 2148 populus
879 2090 1112 2142 defecisset,
1135 2093 1295 2149 proelio
1316 2095 1519 2137 vicerunt.

122 2151 380 2194 Nicomedes
421 2151 464 2191 in
508 2149 749 2206 Bithyniae,
788 2149 1096 2191 Ariobarzanes
1136 2151 1180 2191 in
1224 2150 1521 2209 Cappadociae

121 2224 252 2266 regna
290 2208 456 2251 reducti
496 2216 605 2249 sunt.
672 2206 752 2249 Cn.
777 2206 1007 2263 Pompeius
1046 2207 1193 2249 consul
1229 2207 1395 2252 Marsos
1433 2211 1523 2252 acie

122 2267 233 2309 vicit.
299 2266 444 2316 Quum
477 2280 571 2306 aere
604 2264 741 2306 alieno
772 2279 970 2320 oppressa
1000 2274 1109 2306 esset
1137 2265 1294 2317 civitas,
1325 2268 1379 2309 A.
1402 2266 1523 2309 Sem-

122 2325 296 2382 pronius
317 2323 479 2365 Asellio
510 2332 689 2379 praetor,
722 2321 923 2378 quoniam
955 2322 1190 2364 secundum
1221 2323 1432 2367 debitores
1459 2326 1524 2367 ius

123 2383 303 2431 dicebat,
326 2382 377 2423 ab
399 2381 462 2430 iis,
481 2381 554 2437 qui
576 2380 887 2429 fenerabantun
911 2379 954 2420 in
976 2380 1066 2421 foro
1087 2381 1247 2422 occisus
1267 2392 1341 2423 est.
1395 2382 1524 2425 Prae-

124 2450 238 2482 terea
255 2439 513 2481 incursiones
531 2438 744 2480 Thracum
763 2437 804 2478 in
824 2436 1122 2479 Macedoniam
1146 2439 1523 2497 populationesque

124 2507 324 2540 continet.

734 2664 919 2706 LXXV.

132 2781 184 2822 A.
209 2780 570 2822 POSTUMIUS
601 2781 877 2824 ALBINUS
906 2783 1080 2840 legatus,
1104 2800 1235 2841 quum
1265 2787 1382 2828 classi
1409 2803 1527 2843 prae-

130 2847 250 2886 esset,
281 2838 445 2879 infamis
477 2838 652 2879 crimine
687 2839 949 2894 proditionis,
982 2842 1034 2883 ab
1066 2843 1257 2884 exercitu
1290 2860 1365 2885 suo
1400 2845 1527 2885 inter-

132 2894 264 2934 fectus
298 2905 371 2935 est.
436 2895 484 2936 L.
510 2895 735 2937 Cornelius
774 2897 890 2939 Sulla
925 2898 1085 2954 legatus
1124 2900 1333 2942 Samnites
1369 2901 1528 2957 proelio
