1888 3194
640 187 1072 231 KREYSSIGII.
1466 196 1550 234 403

155 303 197 340 et
229 313 276 340 se
310 298 475 356 quidem
512 295 732 346 Phaneas,
769 302 812 337 et
851 297 924 352 qui
963 296 1109 337 adsint
1148 311 1228 350 pro
1268 302 1310 337 et
1346 297 1552 340 Pleaneas

154 367 242 408 sive
262 366 504 414 Phaeneas,
526 378 572 405 se
593 364 763 419 quidem
793 370 835 405 et
857 365 930 420 qui
956 364 1100 405 adsint
1129 363 1257 405 Frob.
1281 366 1319 405 2.
1338 388 1396 392 --
1411 364 1548 420 †Cap.

152 433 221 474 29.
248 433 298 474 Is
321 431 566 473 duodecimo
595 432 665 472 die
695 447 776 487 pro
810 432 1079 473 Duodecimo
1113 432 1152 473 is
1179 432 1248 472 die
1278 431 1408 473 Frob.
1437 434 1477 472 2.
1495 456 1552 461 —

153 499 288 554 *Cap.
311 499 379 540 31.
402 499 466 539 Et
486 498 590 540 Elei
612 504 750 540 tamen
775 514 856 554 pro
877 499 981 539 Elei
1003 505 1144 540 tamen
1166 498 1348 541 Ascens.
1367 523 1424 528 -—
1439 498 1549 540 Ibid.

152 565 398 608 Andaniam
433 581 513 620 pro
547 566 798 608 Eudaniam
830 566 959 607 Frob.
998 567 1031 607 1.
1050 566 1259 622 —*Cap.
1286 567 1353 609 36.
1386 566 1554 607 Blatris

151 648 335 690 magnae
357 633 495 675 Ideae
522 647 603 688 pro
636 634 788 675 matris
823 648 1008 690 magnae
1036 635 1144 676 deae
1167 633 1350 676 Ascens.
1366 634 1550 675 ——Ibid.

153 703 301 744 aedem
320 701 581 756 faciendam
615 716 672 742 ex
703 706 877 743 senatus
910 702 1100 743 consulto
1137 717 1216 756 pro
1257 704 1404 744 aedem
1429 701 1555 758 saci-

151 770 302 811 endam
333 769 462 811 Frob.
493 773 520 811 2
551 777 595 811 et
626 768 676 810 B.
697 793 754 798 —
772 769 883 810 Ibid.
919 770 1122 811 tredecim
1156 770 1282 811 annis
1312 785 1393 825 pro
1424 770 1553 811 tertio

151 838 315 879 decimo
357 852 468 879 anno
510 837 639 878 Frob.
683 839 722 878 2.
762 845 806 878 et
848 837 1098 892 B.—-Cap.
1131 838 1199 879 40.
1243 839 1434 879 addatur
1473 853 1554 893 pro

150 906 358 946 adiicitur
397 905 525 947 Frob.
563 907 602 946 2.
646 914 689 946 et
729 904 779 946 Β.
805 905 1023 959 ——†Ibid.
1072 912 1262 947 trecenos
1296 921 1376 960 pro
1417 912 1552 947 cente-

151 988 228 1015 nos
262 973 390 1015 Frob.
423 974 657 1029 2.—-Cap.
692 974 771 1014 41.·
798 974 999 1015 dubitare
1036 989 1115 1028 pro
1156 975 1384 1015 dubitabat
1422 973 1549 1015 Frob.

151 1042 191 1082 2.
210 1065 267 1070 —
283 1040 390 1096 Cap.
407 1042 475 1082 452.
498 1042 607 1082 adiit
628 1056 708 1095 pro
730 1041 821 1081 adit
844 1041 972 1081 Frob.
1001 1042 1034 1081 l.
1052 1066 1108 1069 —
1125 1041 1237 1082 Ibid.
1262 1048 1315 1091 et,
1331 1056 1552 1097 prospera

151 1122 232 1162 pro
250 1123 473 1163 prospera
496 1107 626 1149 Frob.
651 1110 690 1148 2.
709 1132 766 1136 —
782 1107 919 1161 *Cap.
943 1108 1012 1149 43.
1037 1114 1243 1164 potuerat
1273 1124 1350 1163 pro
1370 1115 1552 1164 poterat

120 1186 125 1189 “
153 1173 334 1216 Ascens.
358 1183 402 1217 et
424 1174 548 1229 Mog.
565 1175 779 1229 ——†Ibid.
811 1176 1004 1217 cecidere
1034 1191 1113 1230 pro
1143 1177 1388 1217 ceciderunt
1420 1176 1549 1217 Frob.

152 1244 193 1285 2.
211 1267 269 1272 —
285 1242 392 1298 Cap.
415 1243 483 1284 44.
513 1244 742 1299 detergunt
771 1258 850 1297 pro
879 1243 1130 1299 desringunt
1159 1243 1288 1284 Frob.
1313 1245 1351 1283 9.
1370 1268 1426 1272 —
1444 1243 1551 1299 Cap.

151 1310 220 1352 45.
263 1311 598 1352 Phoenicuntem
636 1311 825 1366 primum
865 1318 1042 1367 portum
1083 1312 1366 1367 Erythraeae
1410 1318 1554 1352 terrac

146 1379 438 1434 praetervecti
459 1393 538 1434 pro
560 1379 798 1420 Penicunte
815 1380 1000 1434 primum
1020 1386 1155 1435 portu
1177 1380 1400 1434 Erythrco
1422 1394 1555 1435 prae-

155 1447 331 1488 tervecti
356 1446 389 1487 F
393 1448 483 1488 rob.
504 1446 731 1488 Q.-—1bi‹l.
762 1447 809 1488 C.
826 1447 1000 1488 Atinius
1019 1463 1098 1502 pro
1127 1448 1174 1488 C.
1193 1447 1406 1488 Antistius
1427 1447 1552 1489 Frob.

155 1513 384 1555 52.——Lib.
425 1514 671 1556 XXXVII.
715 1515 853 1570 †Cap.
892 1518 931 1556 52.
975 1517 1120 1557 sortiti
1161 1531 1239 1570 pro
1274 1517 1419 1557 sortiti
1459 1523 1555 1557 sunt

157 1581 288 1623 Frob.
312 1583 348 1622 2.
368 1606 424 1610 —
441 1581 550 1623 Ibid.
579 1582 653 1623 Cn.
679 1583 858 1624 Fulvius
889 1599 966 1638 pro
997 1584 1061 1624 M.
1086 1584 1265 1625 Fulvius
1289 1584 1416 1625 Frob.
1441 1586 1480 1625 2.
1499 1608 1556 1612 —

156 1648 293 1704 †Cap.
316 1651 357 1690 6.
375 1649 537 1706 fugati
568 1650 624 1690 ab
653 1657 804 1691 senatu
822 1650 1010 1704 fuerant
1033 1667 1110 1705 pro
1129 1652 1290 1706 fugati
1320 1652 1376 1692 ab
1406 1659 1557 1693 senatu

157 1723 282 1758 erant
319 1717 618 1772 Alth—Cap.
652 1719 692 1758 7.
731 1718 827 1759 inde
862 1720 971 1760 enim
1006 1726 1070 1760 est
1104 1720 1303 1760 dimissus
1338 1735 1418 1774 pro
1459 1721 1557 1761 inde

159 1786 278 1827 Elim
309 1791 372 1826 est
404 1786 600 1826 dimissu-5·
632 1785 762 1827 Frob.
795 1789 834 1827 52.
867 1796 910 1828 et
942 1787 990 1827 B.
1009 1787 1189 1841 —Cap.
1221 1788 1260 1827 8.
1294 1789 1411 1828 circa
1443 1780 1557 1841 Thy-

158 1857 277 1894 atira
301 1868 379 1908 pro
406 1855 525 1895 circa
556 1854 812 1909 Thyatiram
845 1855 973 1895 Frob.
997 1857 1037 1896 Ξ).
1058 1880 1110 1883 —
1129 1855 1235 1909 Cap.
1265 1857 1328 1896 11.
1354 1857 1395 1896 in
1418 1871 1558 1911 appa-

158 1927 258 1962 ratu
279 1936 358 1976 pro
378 1928 599 1976 apparatu
617 1922 797 1963 Ascens.
814 1947 869 1951 —
887 1922 1154 1976 Ibid.]'aeile
1176 1924 1274 1964 telis
1295 1925 1558 1979 ancipitibus

158 2004 238 2044 pro
263 1989 410 2044 facile
444 2004 500 2029 ex
540 1989 802 2044 ancipitibus
838 1989 1221 2031 Ascens.-1bid.
1260 2006 1350 2031 cum
1392 1993 1558 2032 (lucibus

164 2057 265 2098 Cois
306 2071 383 2111 pro
424 2072 515 2097 cam
555 2057 721 2098 duabus
766 2056 946 2113 Cypriis
987 2057 1117 2098 Frob.
1155 2059 1451 2114 2.—-*†Cap.
1494 2062 1556 2100 12.

159 2125 316 2166 omissa
344 2126 397 2165 dc
424 2125 604 2166 navibus
633 2140 702 2166 res
731 2132 794 2166 cst
824 2141 902 2180 pro
934 2126 1090 2166 omissa
1123 2127 1208 2167 sive
1238 2128 1380 2180 potius
1403 2128 1560 2169 emissa

160 2194 213 2234 de
232 2193 426 2234 manibus
447 2208 516 2234 res
536 2200 599 2234 est
624 2191 808 2234 Ascens.
830 2218 882 2221 —
900 2193 1012 2233 Ibid.
1037 2193 1235 2234 Eudamo
1264 2210 1343 2249 pro
1368 2196 1559 2236 Eudemo

163 2260 292 2302 Frob.
315 2263 355 2302 2.
375 2286 430 2290 —
452 2261 560 2302 Ibid.
585 2261 753 2303 Seleuci
779 2268 927 2302 castra
959 2277 1037 2316 pro
1060 2262 1259 2303 Seleucia
1282 2269 1430 2304 castra
1454 2264 1557 2305 Ald.

160 2328 345 2370 —Ibid.
395 2329 591 2370 'I'eiorum
627 2331 965 2385 promontorium
1008 2345 1086 2385 pro
1124 2330 1324 2372 Pelorum
1357 2347 1561 2387 promon-

161 2396 313 2437 torium
346 2396 523 2437 Ascens.
545 2397 723 2452 —Cap.
756 2398 817 2438 13.
851 2403 1014 2438 noctem
1045 2404 1176 2439 totam
1209 2414 1286 2453 pro
1318 2406 1440 2441 nocte
1471 2407 1561 2442 tota

165 2462 292 2505 Frob.
319 2466 358 2504 2.
378 2488 433 2492 —
452 2463 559 2519 Cap.
589 2465 651 2504 15.
680 2466 727 2505 id
755 2466 850 2505 usui
865 2466 976 2520 fore
1004 2481 1084 2520 pro
1113 2467 1208 2506 usui
1221 2467 1330 2521 sore
1359 2468 1487 2510 Frob.
1519 2471 1558 2509 2.

162 2539 206 2574 et
247 2531 508 2586 B.—Cap.
558 2533 619 2573 16.
668 2532 717 2574 C.
752 2534 904 2574 Livius
951 2549 1030 2588 pro
1071 2534 1123 2575 L.
1158 2535 1310 2576 Livius
1361 2536 1482 2590 Mog.
1508 2562 1556 2565 --

164 2599 304 2655 †Ibid.
333 2606 434 2641 ante
460 2601 642 2641 hostium
663 2607 819 2656 portus
846 2617 922 2656 pro
950 2608 1051 2643 (Inte
1079 2603 1231 2645 ostium
1254 2610 1410 2658 portus
1434 2604 1466 2644 F
1472 2606 1560 2645 rob.

164 2667 404 2710 2.—lbid.
441 2685 469 2709 a
504 2669 721 2710 maritima
759 2670 798 2710 vi
840 2676 970 2710 tutum
1013 2685 1091 2724 pro
1132 2672 1192 2710 ad
1231 2673 1446 2713 maritima
1491 2674 1562 2713 rin·

166 2741 295 2776 tutum
323 2735 451 2777 Frob.
474 2739 514 2777 2.
534 2737 746 2791 ---†1bid.
778 2738 933 2778 mnia-sa
958 2738 1127 2779 Patara
1157 2741 1340 2794 (tuipsius
1372 2742 1563 2781 tentandi

167 2817 244 2858 spe
262 2819 338 2858 pro
353 2805 507 2846 omisso
524 2812 680 2847 conatu
699 2806 908 2848 Pataram
928 2807 1015 2847 sive
1036 2808 1174 2861 potius
1193 2807 1361 2848 Patara
1379 2810 1564 2863 amplius

1211 2888 1238 2914 ι)
1259 2875 1286 2914 d
1310 2880 1333 2914 2
