1888 3194
503 243 632 286 LIB.
662 243 827 285 XLIV.
873 243 1020 285 CAP.
1045 248 1083 285 8.
1416 250 1491 288 131

97 350 150 378 eo
170 337 369 378 maiorem
391 349 530 376 rerum
558 334 749 375 omnium
777 333 964 390 inopiam
989 333 1188 383 sentiens,
1210 348 1419 390 regressus
1440 337 1492 378 ad
1509 349 1552 381 U.
1569 349 1609 382 c.
1631 349 1704 390 583·

97 392 233 434 Dium
256 400 345 440 est3
378 391 642 432 dubitatione
673 391 868 432 omnibus
898 399 1108 447 exempta,
1131 391 1235 446 quid
1265 392 1492 434 intercluso
1506 392 1545 424 A.
1569 393 1608 425 C.
1634 392 1706 433 169·

95 450 150 491 ab
170 424 388 491 Thessalia
411 448 661 506 patiendum
687 448 844 498 fuisset,
866 449 935 489 cui
959 448 1107 513 procul
1137 448 1237 489 inde
1267 449 1491 491 abscedere

96 514 235 548 tutum
267 521 355 548 non
386 514 505 548 esset.
567 505 759 555 Perseus,
793 505 1017 547 contractis
1052 505 1096 546 in
1130 521 1263 546 unum
1297 507 1492 548 omnibus

93 563 226 620 copiis
245 563 559 619 ducibusque,
547 578 763 619 increpare
795 563 1026 619 praefectos
1056 563 1371 619 praesidiorum,
1394 572 1491 605 ante

93 634 240 662 omnes
285 620 635 677 Asclepiodotum
680 629 807 676 atque
856 619 1086 676 Hippiam:
1139 620 1191 662 ab
1235 620 1301 662 his
1350 620 1491 662 dicere

92 677 273 720 claustra
302 677 581 719 Macedoniae
618 677 771 719 tradita
802 677 1006 719 Romanis
1036 692 1150 719 esse.
1193 678 1313 719 cuius
1342 678 1491 735 culpae

93 749 190 777 reus
219 750 346 777 nemo
376 735 538 785 iustius,
562 751 688 791 quam
721 735 822 791 ipse,
844 735 1000 776 fuisset.
1066 734 1245 776 Consuli
1268 744 1490 792 postquam

93 807 147 834 ex
175 792 259 834 alto
286 801 512 849 conspecta
538 793 678 834 classis
706 807 824 848 spem
845 792 958 842 fecit,
980 807 1076 834 cum
1103 802 1342 834 commeatu
1363 808 1490 834 naves

93 850 251 900 venire,
272 850 442 907 (ingens
463 850 577 891 enim
599 851 747 891 caritas
775 865 967 891 annonae
996 865 1044 890 ac
1065 865 1195 906 prope
1218 851 1361 907 inopia
1380 851 1490 905 erat)

93 907 146 949 ab
176 907 354 949 invectis
386 909 469 949 iam
500 917 668 964 portum
697 907 827 957 audit,
851 908 1059 949 onerarias
1087 923 1214 949 naves
1243 908 1489 964 Magnesiae

93 964 258 1006 relictas
306 980 407 1007 esse.
482 964 649 1008 Incerto
699 965 811 1015 inde,
858 965 1062 1022 quidnam
1112 943 1345 1022 agendume
1369 966 1489 1015 foret,

93 1023 221 1077 (adeo
248 1022 337 1064 sine
366 1022 450 1064 ulla
477 1038 557 1079 ope
585 1022 716 1064 hostis
737 1038 844 1078 quae
873 1037 1025 1078 agglax
1028 1032 1128 1072 aret,
1151 1038 1247 1064 curn
1273 1024 1363 1079 ipsa
1383 1023 1491 1064 diffi-

92 1079 250 1122 cultate
270 1094 411 1121 rerum
432 1080 709 1136 pugnandum
734 1081 843 1135 erat)
862 1090 1177 1136 peropportune
1203 1080 1347 1122 litelae
1370 1096 1394 1122 a
1417 1079 1487 1136 Sp.

93 1136 295 1179 Lucretio
316 1137 463 1178 allatae
485 1146 606 1178 sunt:
631 1137 800 1178 castella
821 1152 877 1187 se,
895 1152 1003 1192 quae
1025 1152 1151 1193 super
1171 1137 1334 1203 Tempe
1352 1147 1492 1179 essent

91 1203 136 1236 et
151 1194 262 1236 circa
277 1194 458 1244 Philam,
476 1203 619 1236 tenere
637 1194 790 1260 omnia,
807 1194 1126 1250 frumentique
1115 1209 1160 1235 1n
1182 1194 1231 1236 iis
1252 1204 1295 1236 et
1316 1194 1488 1236 aliarum

91 1251 137 1294 in
164 1267 287 1294 usum
314 1266 454 1294 rerum
485 1252 650 1308 copiam
680 1252 902 1293 invenisse.
966 1251 1047 1293 His
1074 1266 1329 1308 magnopere
1357 1252 1491 1293 laetus
1583 1261 1622 1299 8,

91 1308 239 1353 consul
265 1310 317 1351 ab
345 1309 432 1351 Dio
460 1309 515 1351 ad
539 1309 703 1351 Philam
730 1309 861 1359 ducit,
883 1308 1008 1350 simul
1037 1317 1086 1351 ut
1114 1309 1369 1366 praesidium
1401 1309 1491 1351 eius
1506 1316 1606 1347 Dium
1625 1326 1670 1346 re-

91 1367 290 1417 firmaret,
312 1367 436 1409 simul
464 1376 512 1409 ut
538 1367 661 1408 militi
688 1367 962 1417 frumentum,
984 1367 1104 1408 cuius
1132 1366 1252 1408 tarda
1275 1359 1633 1409 5υὺνεεῐὶο“““1““·

90 1432 195 1475 erat,
235 1424 456 1466 divideret.
519 1423 583 1466 Ea
622 1424 824 1481 profectio
858 1424 1012 1466 famam
1054 1424 1386 1490 haudquaquam
1428 1440 1493 1466 se-

92 1481 277 1524 cundam
306 1481 466 1524 habuit.
529 1481 644 1523 Nam
673 1482 778 1532 alii,
779 1491 898 1523 metu
921 1482 1138 1524 recessisse
1159 1497 1257 1523 eum
1285 1483 1338 1524 ab
1359 1482 1492 1532 hoste,

92 1539 295 1590 ferebant,
313 1539 413 1597 quia
433 1540 623 1582 manenti
644 1539 688 1581 in
710 1539 850 1581 Pieria
870 1539 1028 1596 proelio
1049 1539 1339 1581 dimicandum
1360 1540 1490 1581 foret:

62 1609 81 1641 3
95 1596 211 1647 alii,
193 1612 406 1662 ignarum,
427 1597 528 1638 belli
549 1612 657 1662 quae
686 1597 730 1638 in
751 1597 841 1638 dies
860 1598 1029 1638 fortlma
1048 1606 1235 1647 novaret,
1258 1597 1369 1639 ultro
1390 1597 1492 1638 offe-

95 1654 285 1696 rentibus
305 1669 393 1696 sese
414 1655 552 1704 rebus,
574 1655 759 1696 emisisse
785 1654 838 1695 de
860 1655 1054 1695 manibus
1075 1669 1137 1704 ea,
1160 1670 1268 1711 quae
1297 1670 1397 1696 mox
1428 1670 1494 1696 re-

94 1712 182 1768 peti
213 1727 300 1753 non
328 1719 509 1768 possent.
576 1711 711 1753 Simul
739 1712 853 1753 enim
884 1712 1007 1752 cessit
1028 1713 1287 1768 possessione
1310 1712 1397 1762 Dii,
1421 1727 1494 1753 ex-

93 1769 239 1811 citavit
265 1769 442 1818 hostem,
465 1778 512 1810 ut
537 1778 639 1810 tunc
666 1768 839 1810 tandem
866 1769 1054 1818 sentiret,
1078 1770 1365 1825 recuperanda
1391 1784 1493 1819 esse,

261 1827 346 1868 rius
373 1826 498 1882 culpa
524 1827 674 1867 amissa
693 1826 843 1868 forent.
910 1826 1069 1867 Audita
1093 1827 1205 1867 enim
1232 1827 1491 1882 profectione
1508 1838 1641 1870 Perseus

94 1899 224 1926 consu
244 1884 290 1934 is,
317 1899 527 1940 regressus
556 1884 703 1932 Dium,
727 1899 835 1940 quae
863 1883 1039 1924 disiecta
1068 1899 1115 1924 ac
1143 1893 1303 1925 vastata
1329 1885 1381 1925 ab
1407 1884 1492 1924 Ro-
1509 1881 1707 1913 Diumredit.

94 1942 229 1983 manis
249 1951 380 1991 erant,
403 1941 561 1982 reficit:
595 1941 746 1997 pinnas
774 1941 989 1982 moenium
1016 1941 1210 1982 decussas
1238 1943 1418 1997 reponit,
1441 1943 1492 1983 ab

93 1999 209 2041 omni
265 2007 351 2040 arte
380 2013 520 2039 muros
545 1999 709 2039 firmat:
743 1998 898 2039 deinde
911 1999 1110 2063 'quinque
1139 1998 1269 2039 millia
1296 2014 1493 2055 passuum

95 2057 148 2098 ab
180 2071 232 2098 ur
316 2056 421 2098 citra
452 2056 584 2112 ripam
621 2055 775 2112 Enipei
808 2055 943 2097 amnis
975 2065 1108 2097 castra
1139 2056 1286 2112 ponit3
1326 2072 1492 2097 amnem

94 2129 108 2156 ι
161 2129 246 2163 um,
283 2114 459 2155 transitu
495 2113 801 2170 perdifficilem,
837 2128 914 2170 pro
955 2113 1220 2154 munimento
1261 2113 1490 2155 habiturus

95 2128 209 2213 ffuit
241 2186 295 2213 ex
327 2171 434 2213 valle
471 2171 646 2228 Olympi
680 2171 846 2221 montis,
880 2179 1036 2212 aestate
1069 2170 1274 2227 exiguum
1308 2171 1494 2212 hibernis

63 2246 84 2274 4
96 2228 209 2271 idem
230 2228 427 2270 incitatus
446 2228 600 2285 pluviis
616 2237 659 2270 et
675 2243 801 2285 supra
817 2243 942 2285 rupes
960 2229 1152 2284 inuentos
1172 2229 1360 2285 gurgites
1382 2229 1492 2278 facit,

95 2294 139 2328 et
173 2286 292 2337 infra,
328 2295 543 2343 prorutam
584 2286 627 2326 in
667 2301 781 2327 mare
818 2264 1052 2327 evolvendo
1089 2294 1254 2335 terram,
1292 2287 1495 2352 praealtas

95 2343 328 2410 voragines,
361 2353 591 2400 cavatoque
625 2343 766 2385 medio
799 2343 916 2384 alveo
949 2344 1058 2400 ripas
1089 2343 1302 2400 utrimque
1336 2345 1495 2400 praeci-

95 2401 214 2458 pites·
279 2401 376 2443 Hoc
400 2401 574 2442 flumine
600 2400 780 2442 Perseus
809 2409 1000 2457 saeptum
1033 2401 1113 2442 iter
1142 2400 1273 2442 hostis
1303 2401 1492 2447 credens

95 2458 315 2500 extrahere
337 2458 549 2515 reliquum
571 2467 655 2500 tem
690 2473 738 2499 us
759 2458 848 2499 eius
869 2458 1037 2500 aestatis
1058 2459 1100 2499 in
1123 2459 1264 2499 animo
1287 2459 1325 2500 h
1316 2459 1434 2501 1beb
1425 2470 1477 2500 1t

153 2515 272 2558 Inter
299 2516 402 2558 haec
430 2515 577 2558 consul
604 2530 629 2557 a
689 2515 774 2557 hila
795 2515 1024 2572 Popillium
1055 2531 1151 2557 cum
1177 2516 1344 2557 duobus
1371 2517 1496 2558 milli-

94 2572 173 2616 bus
192 2583 447 2616 armatorum
471 2572 727 2615 Heracleum
751 2573 892 2615 mittit.
957 2573 1092 2615 Abest
1114 2589 1138 2614 a
1159 2573 1282 2615 Phila
1303 2575 1493 2631 quinque

140 2711 158 2742 3
175 2703 525 2744 [qnantm,belliqnac
538 2703 571 2732 in
588 2702 672 2740 dies]
695 2702 771 2732 Pro·
814 2702 913 2741 nites]
943 2701 1073 2741 Nempe
1101 2701 1346 2741 intelligendum
1374 2706 1421 2732 eat
1447 2713 1494 2732 ru<

96 2754 215 2777 nomen
229 2745 399 2776 relativum
416 2755 478 2775 non
492 2755 620 2784 semper
637 2745 666 2774 in
683 2744 773 2775 initio
820 2745 913 2784 pibus
943 2744 973 2774 iu
1010 2744 1079 2783 ipso
1109 2745 1203 2774 alveo
1233 2745 1338 2774 euntis
1367 2756 1494 2775 cursum

98 2787 221 2828 periodi
247 2788 336 2828 poni,
352 2789 407 2818 ned
429 2787 590 2818 interdum
616 2791 687 2826 post
713 2787 773 2827 pri·
819 2787 923 2817 munia
961 2786 1120 2826 impediri.
1166 2788 1272 2826 Supra
1309 2798 1362 2817 (²:1⁸
1401 2798 1496 2827 ηιμ-η

98 2839 185 2861 mum
204 2831 253 2862 vel
269 2831 404 2862 alterum
423 2840 533 2860 vocem
557 2829 642 2860 reiici
665 2835 775 2860 monet
820 2830 966 2860 mrdnuu·
1000 2840 1109 2860 carum
1144 2830 1270 2859 obiectu
1309 2841 1412 2868 w=1um
1451 2831 1494 2859 iu—

100 2872 413 2910 Drakenborchiun;
437 2873 493 2903 ned
520 2872 690 2903 Bekkerun
713 2872 772 2902 ‹lis—
818 2877 931 2910 genten
960 2872 1099 2909 gurgites
1130 2872 1261 2903 fuciunt.
1312 2873 1399 2902 lust-i
1429 2883 1495 2902 ἐἰ-5-

100 2914 255 2946 tinctione
275 2919 402 2946 mutata
421 2917 573 2955 iynarum
590 2916 675 2952 belli,
690 2926 775 2956 quae
820 2916 892 2945 dem
921 2925 1016 2954 rupes
1040 2915 1086 2944 vin
1110 2925 1264 2954 aqum-um
1294 2924 1350 2953 per
1373 2926 1406 2943 ne
1428 2914 1495 2952 ipsu«

99 2958 204 2989 india
219 2957 370 2998 reposuit.
823 2956 943 2997 proruit
969 2961 1099 2992 terrum,
1122 2962 1154 2986 et
1179 2957 1308 2986 alveum
1335 2956 1434 2994 magis
1457 2966 1495 2985 uc

143 3010 163 3037 4
187 3000 231 3030 Ee
260 3009 362 3040 eupra
394 3010 492 3040 rupes
521 3001 667 3040 ὄπωπα-ε
697 3010 775 3041 yur-
822 2999 924 3038 magis
939 3003 1042 3031 czwut.
1065 3001 1172 3030 Ctuzv.
1239 3043 1263 3079 2

1188 3053 1214 3079 K
