1888 3194
513 206 796 250 LIBROR.
842 206 1143 248 DEPERD.
1444 214 1526 255 267

708 418 945 460 CXXVII.

130 529 384 580 PARTHI,
418 530 623 596 Labieno,
658 531 732 586 qui
768 529 1124 597 Pompeianarum
1158 532 1343 588 partium
1378 534 1526 585 fuerat,

128 588 289 638 duce,'
278 603 323 629 111
359 587 523 645 Syriam
556 588 823 644 irruperunt:
862 588 1058 644 victoque
1090 589 1272 631 Decidio
1309 590 1431 642 Saxa,
1461 593 1525 635 M.

128 645 310 687 Antonii
337 645 489 702 legato,
512 653 642 687 totam
665 660 758 686 eam
785 646 1044 702 provinciam
1073 656 1397 703 occupaverunt.
1460 650 1524 691 Μ.

127 702 357 753 Antonius,
394 718 527 759 quum
562 702 616 744 ad
656 702 814 745 bellum
850 711 997 745 eontra
1033 704 1255 746 Caesarem
1291 705 1526 761 gerendum

126 767 296 816 paratus
325 769 448 811 esset,
478 775 608 802 uxore
638 759 787 802 Fulvia
816 761 977 811 amissa,
1003 776 1057 802 ne
1089 762 1338 804 concordiae
1369 763 1527 805 ducum

127 817 324 867 obstaret,
356 833 459 874 pace
490 818 600 859 facta
630 832 726 859 cum
750 819 942 868 Caesare,
965 833 1150 860 sororem
1181 820 1272 861 eius
1305 819 1526 864 Octaviam

126 874 172 916 in
200 875 517 917 matrimonium
547 875 682 917 duxit.
749 875 803 924 Q.
830 875 1132 926 Salvidienum,
1164 877 1339 919 consilia
1368 878 1527 920 nefaria

126 940 274 974 contra
315 933 537 975 Caesarem
578 932 784 983 molitum,
826 933 985 975 indicio
1030 949 1105 975 suo
1145 935 1364 991 protraxit,
1405 936 1524 992 isque

126 989 350 1032 damnatus
385 998 563 1032 mortem
599 990 676 1031 sibi
713 991 926 1032 conscivit.
990 991 1037 1032 P.
1063 992 1306 1042 Ventidius,
1343 992 1525 1035 Antonii

126 1045 302 1103 legatus,
340 1047 532 1096 Parthos,
569 1047 730 1103 proelio
770 1048 914 1097 victos,
960 1047 1080 1105 Syria
1119 1049 1295 1105 expulit,
1334 1049 1525 1092 Labieno

124 1118 272 1146 eorum
311 1104 419 1145 duce
460 1104 608 1145 occiso.
675 1103 822 1152 Quum
861 1105 1025 1146 vicinus
1066 1104 1211 1147 Italiae
1252 1106 1382 1148 hostis
1426 1107 1522 1150 Sex

124 1160 356 1217 Pompeius
389 1160 575 1203 Siciliam
606 1169 781 1211 teneret,
814 1170 856 1202 et
889 1163 1189 1204 commercium
1222 1178 1413 1206 annonae
1447 1165 1526 1206 im-

123 1217 302 1274 pediret,
338 1233 436 1260 cum
472 1233 522 1260 eo
558 1217 811 1274 postulatam
847 1234 994 1284 pacem
1036 1221 1190 1262 Caesar
1230 1229 1272 1262 et
1313 1222 1525 1264 Antonius

124 1275 328 1326 fecerunt,
363 1276 422 1317 ita
453 1285 501 1317 ut
535 1275 721 1317 Siciliam
754 1276 1014 1332 provinciam
1050 1276 1237 1320 haberet.
1301 1278 1526 1321 Praeterea

125 1341 263 1375 motus
286 1308 455 1375 A'fricae
478 1341 521 1375 et
540 1333 651 1375 bella
672 1333 729 1374 ibi
750 1342 868 1389 gesta
887 1334 1088 1376 continet.

694 1554 951 1597 CXXVIII.

128 1673 318 1724 QUUM
355 1673 451 1716 Sex.
471 1673 701 1729 Pompeius
736 1687 878 1714 rursus
913 1672 1140 1714 latrociniis
1177 1688 1290 1715 mare
1326 1674 1524 1717 infestum

124 1732 335 1781 redderet,
368 1746 446 1772 nec
480 1745 640 1786 pacem,
671 1745 798 1786 quam
832 1739 1062 1786 acceperat,
1092 1739 1334 1786 praestaret,
1358 1732 1524 1783 Caesar,

124 1789 359 1831 necessario
390 1788 587 1829 adversus
618 1802 714 1829 eum
747 1787 857 1829 bello
888 1802 1005 1829 susce
1039 1796 1094 1837 to,
1117 1788 1283 1829 duobus
1308 1789 1526 1831 navalibus

123 1846 294 1911 proeliis
320 1846 450 1887 dubio
478 1853 635 1886 eventu
663 1845 876 1901 pugnavit.
940 1844 987 1886 P.
1032 1844 1246 1895 entidius,
1270 1845 1432 1902 legatus
1460 1848 1522 1889 Μ.

123 1903 319 1953 Antonii,
349 1903 526 1944 Parthos
557 1903 601 1942 in
636 1880 757 1959 Syria
787 1901 947 1958 proelio
977 1903 1089 1951 vicit,
1119 1917 1346 1959 regemque
1378 1919 1524 1945 comm

124 1960 290 2002 occidit.
366 1959 514 2001 Iudaei
551 1974 721 2015 quoquc
759 1974 783 2000 a
817 1959 964 2015 legatis
1000 1959 1181 2001 Antonii
1216 1961 1377 2002 subacti
1414 1970 1523 2002 sunt.

123 2018 350 2060 Praeterea
369 2016 467 2059 belli
492 2016 622 2059 Siculi
644 2025 890 2073 apparatum
913 2016 1114 2058 continet.

717 2246 933 2288 CXXIX.

126 2358 256 2400 ADV
264 2358 460 2400 ERSUS
514 2357 609 2400 Sex.
642 2358 892 2414 Pompeium
940 2358 1053 2399 vario
1104 2366 1258 2399 eventu
1310 2357 1526 2400 navalibus

125 2415 292 2473 proeliis
314 2424 548 2472 p11‹rnatum
570 2426 657 2457 est:
692 2416 750 2456 ita
772 2425 818 2456 ut
838 2431 892 2457 ex
913 2415 1075 2456 duabus
1099 2415 1305 2457 Caesaiiis
1327 2414 1525 2457 classibus

124 2473 266 2524 altera,
288 2474 357 2514 cui
381 2473 571 2529 Agrippa
591 2482 793 2538 praeerat,
815 2473 1029 2521 vincerct;
1063 2472 1204 2521 alter-1,
1222 2487 1348 2528 quam
1372 2473 1526 2514 Caesar

124 2531 316 2581 duxerat,
334 2530 485 2580 deleti,
504 2546 555 2571 ex
591 2530 685 2571 ositi
708 2531 750 2571 in
768 2539 919 2571 terram
937 2530 1116 2571 milites
1107 2545 1150 2570 m
1168 2545 1321 2586 magno
1337 2530 1524 2586 periculo

124 2597 273 2630 essent.
358 2588 507 2629 Victus
548 2545 703 2629 <scinde
745 2588 973 2644 Pompeius
1013 2588 1058 2628 in
1102 2587 1285 2629 Siciliam
1328 2588 1522 2644 profugit.

127 2646 188 2687 Μ.
206 2645 407 2702 Lepidus,
431 2646 504 2701 qui
527 2661 579 2686 ex
604 2645 749 2687 Africa
771 2645 885 2686 velut
905 2645 958 2686 ad
980 2645 1222 2686 societatem
1246 2645 1357 2695 belli,
1380 2654 1525 2686 contra

128 2702 224 2744 Sex.
266 2703 517 2760 Pompeium
569 2719 592 2743 a
644 2704 821 2744 C1csare
871 2703 1060 2759 gerendi,
1113 2703 1343 2752 traiecerat,
1391 2717 1523 2758 quum

126 2759 282 2801 bellum
317 2760 488 2802 Caesari
520 2775 690 2816 quoque
724 2760 907 2810 inferret,
940 2760 1109 2802 relictus
1139 2760 1191 2801 ab
1222 2760 1425 2809 exercitu,
1453 2760 1524 2800 ab·

127 2825 270 2872 rogato
292 2818 576 2859 tiiumviratus
598 2818 768 2867 honore,
792 2818 919 2859 vitam
944 2818 1191 2874 impetravit.
1255 2818 1315 2859 M.
1333 2817 1525 2873 Agrippa

128 2873 263 2914 navali
303 2889 458 2916 corona
498 2891 521 2916 a
558 2876 736 2916 Caesare
778 2876 958 2917 donatus
998 2884 1082 2917 est:
1132 2875 1204 2930 qui
1247 2874 1380 2915 honos
1420 2873 1523 2914 nulli

128 2939 225 2971 inte
247 2945 343 2972 eum
367 2932 533 2973 habitus
553 2943 651 2973 erit
