1888 3194
532 209 659 251 LIB.
689 207 811 250 XLI.
857 207 1004 250 CAP.
1040 210 1107 249 25.
1465 209 1518 248 33

127 308 225 345 ‘aut
243 300 342 343 novi
359 299 553 349 foederis,
575 313 660 355 quo
690 312 766 339 nos
794 306 951 339 temere
977 295 1199 353 illigemus,
1222 295 1515 337 conscribendi
1530 305 1574 338 U.
1590 306 1628 338 c.
1651 307 1724 347 578.

130 366 217 402 ‘est
236 366 402 400 auctor:
434 356 508 398 sed
537 355 835 398 commercium
865 362 1030 396 tantum
1059 353 1161 394 iuris
1190 352 1420 409 praebendi
1450 368 1514 394 re-
1526 350 1567 380 A.
1591 350 1628 381 C.
1654 358 1724 390 174·

129 415 410 474 ‘petendique
437 415 503 464 sit,
525 429 579 456 ne
599 412 895 455 interdictione
926 411 1075 452 finium
1102 419 1338 452 nostrorum
1365 419 1409 451 et
1439 426 1514 451 nos

128 480 322 530 ‘quoque
353 487 483 529 regno
513 486 738 520 arceamus,
768 485 821 511 ne
853 469 980 511 servis
1012 469 1162 510 nostris
1194 468 1336 525 aliquo
1370 467 1512 523 fugere

127 531 287 574 ‘liceat.
352 529 470 579 Quid
499 529 580 571 hoc
608 528 804 570 adversus
826 527 1020 569 Romana
1045 526 1215 568 foedera
1242 525 1334 567 est?
1397 524 1514 573 Quid

126 594 240 631 ‘rem
270 603 440 646 parvam
469 595 513 629 et
542 595 727 643 apertam
757 600 951 641 magnam
979 594 1022 626 et
1049 594 1283 640 suspectam
1307 583 1513 624 facimus?

127 652 140 671 ‘
157 645 275 696 Quid
295 660 422 688 vanos
443 645 646 686 tumultus
666 644 854 685 ciemus?
899 642 1030 692 Quid,
1047 650 1095 683 ut
1115 642 1194 698 ipsi
1214 641 1354 682 locum
1374 656 1513 682 assen-

97 720 110 742 t
127 704 268 746 ‘tandi
290 703 494 745 Romanis
513 702 753 751 habeamus,
775 709 988 757 suspectos
1012 699 1113 742 alios
1139 708 1181 741 et
1211 699 1365 740 invisos
1385 698 1514 740 effici-

126 762 277 804 ‘mus?
339 760 384 803 Si
412 760 569 802 bellum
597 760 689 809 erit,
717 774 771 800 ne
800 759 977 800 Perseus
1005 757 1178 815 quidem
1208 757 1384 806 dubitat,
1407 756 1513 812 quin

126 826 140 845 ‘
154 819 369 862 Romanos
395 818 578 860 secuturi
608 818 762 859 simus:
795 817 840 858 in
861 831 976 873 pace,
999 816 1161 858 etiamsi
1181 831 1268 856 non
1292 814 1511 864 finiuntur,

127 878 249 920 ‘odia
286 876 642 919 intermittantur.’
711 875 857 924 Quum
899 874 1027 915 iidem
1067 873 1166 914 huic
1207 872 1397 922 orationi,
1439 871 1512 928 qui
1527 877 1620 908 Nihil
1638 878 1712 908 novi

126 935 256 978 literis
285 935 394 991 regis
423 934 578 976 assensi
602 942 732 984 erant,
754 932 1065 982 assentirentur,
1088 931 1376 988 indignatione
1398 931 1514 987 prin·
1525 924 1672 995 {acfflgt

126 994 282 1050 cipum,
303 993 431 1048 quod,
453 1007 580 1048 quam
606 1007 695 1033 rem
726 1006 779 1032 ne
809 989 1020 1046 legatione
1047 989 1219 1046 quidem
1247 988 1419 1045 dignam
1450 988 1514 1029 iu-
1653 985 1662 994 ⁶

125 1051 305 1093 dicasset
344 1049 533 1099 Perseus,
574 1049 704 1090 literis
742 1062 972 1104 paucorum
1012 1062 1207 1089 versuum
1257 1047 1512 1103 impetraret,

126 1109 343 1150 decretum
367 1107 569 1148 differtur.
632 1106 783 1162 Legati
811 1105 965 1147 deinde
998 1113 1144 1161 postea
1175 1105 1290 1145 missi
1319 1105 1371 1145 ab
1401 1119 1514 1160 rege,

126 1181 260 1232 quum
291 1164 549 1222 Megalopoli
578 1164 805 1206 concilium
836 1171 967 1212 esset3
1003 1162 1184 1218 dataque
1216 1176 1342 1218 opera.
1371 1170 1434 1203 est
1463 1162 1515 1203 ab

125 1224 189 1274 ils,
211 1223 286 1280 qui
305 1223 579 1265 offensionem
604 1221 719 1279 apud
741 1221 957 1263 Romanos
987 1220 1204 1270 timebant,
1236 1234 1289 1261 ne
1320 1219 1516 1261 admitte-

128 1291 285 1324 rentur.

183 1339 269 1382 Per
287 1338 392 1381 haec
413 1347 601 1396 tempora
622 1337 873 1380 Aetolorum
894 1337 939 1377 in
960 1344 1094 1378 semet
1113 1336 1224 1392 ipsos
1240 1350 1382 1377 versus
1402 1335 1517 1376 furor
1594 1334 1660 1373 25.

126 1397 284 1439 mutuis
319 1396 517 1439 caedibus
552 1396 606 1438 ad
641 1395 974 1438 internecionem
1009 1393 1265 1436 adducturus
1297 1392 1516 1435 videbatur
1529 1391 1719 1439 Aetolorum

156 1465 308 1498 entem.
370 1454 484 1496 Fessi
509 1453 663 1496 deinde
695 1462 737 1495 et
769 1453 950 1494 Romam
982 1462 1158 1509 utraque
1189 1466 1283 1508 pars
1313 1451 1517 1493 miserunt
1529 1434 1716 1465 d1scord1ae.

126 1471 298 1571 {gatos
316 1522 358 1555 et
378 1513 488 1554 inter
507 1527 550 1554 se
572 1512 651 1568 ipsi
672 1511 724 1553 de
745 1510 1054 1553 reconcilianda
1073 1509 1298 1552 concordia
1313 1510 1514 1566 agebant:

97 1588 116 1609 2
160 1586 236 1613 uae
257 1586 366 1613 novo
386 1570 568 1612 facinore
590 1570 774 1611 discussa
794 1584 858 1610 res
876 1578 1037 1610 veteres
1057 1567 1184 1609 etiam
1205 1567 1285 1609 iras
1306 1567 1514 1609 excitavit.

128 1586 358 1670 {xsulibus
376 1627 621 1685 HypataeiS,
636 1627 709 1684 qui
729 1626 920 1668 factionis
941 1625 1126 1668 Proxeni
1146 1635 1278 1676 erant,
1301 1640 1432 1682 quum
1453 1640 1518 1667 re-

129 1686 244 1728 ditus
274 1686 318 1727 in
347 1686 524 1742 patriam
548 1685 774 1741 promissus
794 1692 914 1734 esset,
936 1683 1126 1740 fidesque
1148 1683 1245 1725 data
1268 1699 1344 1740 per
1363 1683 1519 1739 princi-

161 1759 229 1786 em
249 1743 425 1785 civitatis
448 1742 742 1799 Eupolemum,
765 1742 978 1797 octoginta
999 1741 1179 1782 illustres
1200 1741 1404 1790 homines,
1425 1741 1519 1797 qui-

130 1759 209 1844 bus
241 1801 512 1843 redeuntibus
552 1801 661 1841 inter
691 1808 872 1841 ceteram
907 1798 1223 1840 multitudinem
1261 1798 1519 1855 Eupolemus

131 1859 259 1901 etiam
294 1859 440 1900 obvius
475 1858 645 1907 exierat,
681 1872 811 1913 quum
844 1856 1091 1898 salutatione
1132 1856 1315 1911 benigna
1352 1856 1519 1912 excepti

130 1925 281 1966 essent,
302 1916 558 1971 dextraeque
581 1915 714 1964 datae,
732 1914 1016 1970 ingredientes
1037 1922 1212 1970 portam,
1230 1913 1358 1955 fidem
1379 1914 1519 1955 datam

130 1974 315 2030 deosque
333 1982 458 2015 testes
475 1972 757 2028 nequicquam
773 1972 1028 2020 invocantes,
1044 1971 1252 2012 interfecti
1268 1980 1377 2012 sunt.
1413 1971 1518 2013 Indc

129 2031 295 2089 gravius
323 2031 375 2072 de
407 2031 570 2087 integro
600 2029 758 2071 bellum
783 2029 948 2071 exarsit.
1013 2028 1063 2070 C.
1081 2028 1273 2070 Valerius
1295 2028 1519 2079 Laevinus,

130 2098 174 2132 ct
197 2090 276 2146 Ap.
299 2088 504 2130 Claudius
525 2087 720 2138 Pulcher,
746 2097 789 2129 et
812 2087 863 2129 C.
884 2086 1127 2137 Memmius,
1156 2095 1198 2128 ct
1221 2085 1283 2128 M.
1302 2086 1519 2143 Popillius,

129 2157 173 2190 et
195 2147 244 2190 L.
263 2146 493 2189 Canuleius
515 2146 628 2187 missi
649 2146 700 2187 ab
722 2154 868 2187 senatu
889 2153 1102 2187 venerant.
1156 2144 1289 2201 Apud
1305 2159 1375 2186 eos
1389 2160 1520 2201 quum

131 2205 311 2263 Delphis
341 2204 557 2260 utriusque
588 2204 715 2261 partis
745 2203 872 2260 legati
899 2218 1052 2259 magno
1080 2203 1307 2244 certamine
1336 2212 1520 2259 agerent,

131 2263 351 2306 Proxenus
381 2263 575 2312 maxime,
598 2277 728 2318 quum
750 2277 887 2311 causa,
911 2271 1000 2303 tum
1028 2260 1282 2317 eloquentia,
1313 2270 1521 2317 praestare

131 2321 242 2363 visus
263 2330 349 2371 est;
381 2321 454 2377 qui
475 2335 629 2377 paucos
650 2328 743 2377 post
763 2319 853 2361 dies
874 2319 925 2360 ab
949 2318 1186 2361 Orthobula
1206 2333 1336 2360 uxore
1357 2334 1521 2360 veneno

99 2389 195 2424 sest
225 2378 434 2421 sublatus:
473 2378 752 2434 damnataque
789 2393 840 2419 eo
873 2377 1059 2427 crimine,
1093 2377 1136 2418 in
1177 2376 1371 2418 exsilium
1407 2377 1519 2418 abiit.

133 2436 253 2479 Idem
283 2437 398 2478 furor
427 2445 469 2478 et
500 2437 724 2479 Cretenses
754 2435 973 2477 lacerabat.
1036 2434 1239 2477 Adventu
1273 2434 1428 2476 deinde
1466 2434 1520 2483 Q.
1535 2446 1738 2478 Cretensium

134 2494 316 2537 Minucii
337 2494 477 2551 legati,
499 2494 572 2551 qui
594 2509 689 2535 cum
711 2493 860 2535 decem
881 2493 1056 2535 navibus
1081 2493 1228 2534 missus
1256 2492 1310 2534 ad
1339 2492 1524 2534 sedanda
1535 2489 1674 2521 dissidia.

133 2568 278 2594 eorum
307 2553 535 2594 certamina
562 2561 662 2602 erat,
687 2551 729 2592 in
758 2567 874 2608 spem
900 2551 1013 2608 pacis
1044 2560 1256 2592 venerant.
1322 2550 1523 2592 Ceterum

135 2610 321 2652 indutiae
345 2620 507 2652 tantum
529 2625 601 2651 sex
624 2610 832 2651 mensium
852 2609 1044 2651 fuerunt:
1081 2608 1183 2650 inde
1207 2608 1339 2650 multo
1359 2609 1525 2665 gravius

183 2779 194 2800 ¹
221 2770 312 2801 Alios
333 2774 363 2800 ct
387 2769 522 2807 invisos]
553 2770 596 2799 Et
621 2778 677 2808 pro
699 2779 736 2799 ac
759 2778 804 2798 re·
851 2767 938 2798 delet
965 2766 1104 2799 Crevier.
1132 2776 1231 2806 quum
1262 2776 1300 2796 ex
1335 2765 1524 2805 praeceden-

137 2813 322 2852 ponendum
347 2817 477 2843 censent
502 2811 642 2843 Crevier.
667 2815 698 2841 ct
726 2811 805 2841 Dra—
851 2810 936 2840 tibus
952 2811 1119 2843 concordia
1136 2809 1232 2840 facilc
1249 2808 1456 2847 intelligatur.

137 2855 233 2886 kenb.
249 2855 399 2895 quoniam
422 2854 530 2886 Livius
555 2854 744 2894 particulam
769 2865 807 2884 ac
895 2862 912 2892 3
937 2854 1165 2893 Damnataque
1189 2863 1225 2883 eo
1251 2853 1401 2889 crimine]
1440 2849 1523 2880 Peri-

140 2899 270 2929 vocibus
294 2908 313 2928 a
342 2898 442 2929 vocali
474 2897 700 2937 incipientibus
730 2907 809 2927 nun-
855 2896 964 2927 zonius
989 2897 1142 2926 damnata
1169 2906 1252 2936 quae
1282 2894 1444 2930 emendat,
1470 2892 1524 2923 scd

137 2950 235 2979 quam
255 2941 439 2980 praemittit.
465 2941 504 2971 cf.
521 2951 605 2980 supr.
624 2940 732 2970 xxxvi.
755 2948 800 2978 17.
857 2939 967 2970 Livius
984 2949 1078 2978 saepo
1095 2937 1263 2970 relativum
1280 2937 1409 2967 omittit.

184 2991 201 3013 ἰ
218 2984 370 3014 Diu-usna
388 2985 453 3022 ren]
481 2983 680 3014 Postrcxnam
700 2992 808 3014 vocem

198 3037 296 3066 vot..
320 3038 376 3066 ιν.
1270 3034 1296 3060 ῐ)
