1888 3194
370 186 453 226 336
885 181 1245 224 EPILOGUS

373 273 546 329 quintae
578 272 674 314 libri
710 273 899 329 quinque
935 274 1106 330 priores,
1139 274 1224 315 sive
1259 272 1355 315 libri
1389 273 1512 315 XLI.
1545 287 1678 329 usque
1711 271 1766 313 ad

374 331 536 380 XLV„
568 345 674 385 quos
709 330 932 387 Grynaeus
967 346 1021 372 ex
1053 339 1217 372 vetusto
1254 330 1494 372 monasterii
1525 329 1766 371 Laurishai-

373 387 527 429 mensis
557 387 702 428 codice
734 388 778 428 in
809 387 945 429 lucem
979 388 1165 444 protulit.
1230 387 1393 428 Eadem
1426 387 1555 428 editio
1587 386 1767 442 repetita

373 444 499 486 Basil.
538 459 649 485 anno
690 445 993 486 MDXXXV.
1059 444 1265 486 Continet
1298 445 1446 485 eadem
1478 444 1622 493 ferme,
1655 457 1764 499 quae

372 501 628 558 praecedens
660 501 759 542 anni
794 502 1088 551 MDXXXI„
1122 502 1203 542 nisi
1232 501 1347 557 quod
1378 502 1421 542 in
1455 501 1532 542 hac
1566 501 1649 542 iam
1680 499 1766 556 pri-

373 574 488 599 mum
526 567 729 614 apparent
761 557 960 599 Rhenani
995 566 1038 599 et
1073 558 1243 599 Gelenii
1271 559 1316 598 in
1350 558 1519 599 Livium
1552 566 1690 606 notae,
1722 564 1767 598 et

373 615 489 671 quod
513 615 713 656 Glareani
738 614 1022 669 chronologia,
1045 615 1096 655 ab
1118 615 1207 669 ipso
1235 615 1462 671 recognita,
1484 615 1644 656 auctior
1669 628 1766 670 pro-

373 673 483 721 deat,
518 688 542 713 a
574 672 704 712 Troia
734 680 856 727 capta
887 686 1020 726 usque
1053 671 1107 711 ad
1140 671 1421 712 Iustinianum
1455 671 1691 713 Caesarem.
1725 686 1763 711 v.

374 729 589 770 Drakenb.
620 728 781 769 elench.
813 728 866 768 ad
899 727 939 768 h.
972 743 1006 768 a.
1071 727 1287 768 ‘Multum
1328 729 1500 769 omnino
1536 727 1766 769 duumviris

376 793 388 811 ‘
407 785 676 841 Sigismundo
705 783 900 833 Gelenio,
929 792 984 834 et,
1018 799 1147 839 quem
1174 784 1244 825 ille
1270 784 1315 824 in
1347 793 1508 840 partem
1541 784 1767 825 curationis

375 849 387 867 ‘
403 842 588 890 adscivit,
613 841 746 882 Beato
770 841 981 882 Rhenano
1003 841 1115 881 Livii
1143 841 1335 882 historias
1356 841 1563 890 debuisse,
1592 849 1768 882 testatur

376 899 516 940 ‘idem
557 898 772 939 Drakenb.
815 898 941 954 praef.
986 898 1037 939 T.
1074 897 1174 939 VII.
1217 913 1257 954 p.
1302 899 1479 940 XXXI.
1522 898 1626 953 sqq.’
1705 896 1767 938 Hi

373 971 556 1012 operam,
578 956 648 1005 ait,
670 964 906 1011 susceptam
939 955 1019 996 hoc
1050 955 1176 996 modo
1206 955 1316 996 inter
1344 970 1387 996 se
1419 955 1629 1011 dispertiti
1655 962 1766 1004 sunt,

373 1022 421 1055 ut
443 1013 677 1054 Rhenanus
707 1012 786 1053 sibi
816 1013 988 1054 servarit
1010 1015 1033 1053 6
1057 1013 1212 1068 primos
1238 1012 1350 1052 Livii
1378 1012 1505 1054 libros
1533 1027 1629 1053 cum
1656 1011 1767 1052 bello

373 1071 538 1113 Punico
559 1069 769 1118 secundo3
797 1069 977 1111 Gelenio
994 1084 1091 1110 vero
1113 1069 1364 1110 concesserit
1381 1079 1581 1125 quattuor
1596 1068 1767 1109 ultimos

373 1128 532 1185 primae
566 1127 735 1168 decadis
767 1126 906 1176 libros,
936 1135 979 1168 et
1010 1126 1169 1168 bellum
1202 1126 1492 1182 Philippicum
1524 1135 1651 1182 atque
1673 1124 1768 1166 An-

375 1185 612 1227 tiochium7.

419 1332 436 1364 7
460 1324 684 1365 Sigismundus
718 1322 878 1354 Gelenius
914 1323 1049 1353 honesto

374 1368 446 1398 loco
465 1368 587 1406 Pragae
608 1370 704 1397 natus
727 1370 783 1396 est.
801 1377 829 1396 v.
847 1366 978 1397 Coelius
996 1366 1049 1395 Se-

375 1411 469 1441 cund.
490 1409 590 1441 Curio
613 1409 712 1448 praef.
738 1409 771 1438 in
792 1408 933 1447 Appian.
951 1408 1048 1439 Rom.

376 1452 462 1483 Hist.
479 1452 568 1491 apud
591 1452 687 1490 Bayl.
709 1461 731 1481 s.
749 1461 778 1481 v.
796 1450 960 1481 Gelenius.
981 1454 1047 1481 not.

375 1495 414 1526 A.
432 1495 514 1525 conf.
533 1494 787 1533 Schweighaeus.
808 1493 907 1532 praef.
924 1493 964 1522 ad
982 1493 1048 1530 Ap-

374 1537 460 1576 pian.
488 1547 520 1576 p.
547 1547 578 1567 x.
623 1536 755 1566 Mature
786 1545 904 1573 magna
934 1534 1049 1564 itinera

374 1579 514 1618 suscepit
546 1588 604 1618 per
636 1577 859 1613 Germaniam,
892 1576 1049 1613 Galliam,

375 1621 517 1652 Italiam.
566 1621 606 1650 In
624 1620 722 1650 Italia
738 1619 914 1658 plurimum
932 1628 1049 1658 operae

375 1662 604 1703 cognoscendis
635 1661 736 1692 literis
770 1661 879 1691 latinis
911 1661 1050 1697 tribuit3

375 1706 504 1745 linguae
541 1715 674 1744 graecae
710 1703 899 1743 magistrum
936 1702 1051 1733 habuit

375 1747 621 1778 celeberrimum
674 1746 873 1777 Musurum*
920 1745 1050 1775 natione

377 1790 550 1821 Graecum.
597 1789 650 1820 Ex
678 1788 776 1819 Italia
806 1788 909 1818 redux
935 1788 1050 1825 factus,

376 1832 539 1863 Basileam
556 1832 683 1862 delatus
699 1831 733 1861 in
756 1830 905 1861 notitiam
924 1829 1050 1860 Erasmi

376 1874 663 1906 Roterodamensis
690 1873 788 1910 venit,
813 1873 868 1911 qui
895 1883 969 1902 eum
998 1873 1049 1903 Io—

375 1917 475 1948 hanni
503 1916 694 1951 Frobenio’l‘
721 1925 778 1955 pro
805 1914 958 1954 singulari
984 1914 1052 1944 eius

374 1959 503 1999 ingenio
519 1963 551 1989 et
567 1958 713 1989 doctrina
729 1957 978 1988 commendavit.
1018 1957 1052 1986 Is

376 2001 524 2032 officinae
545 2011 621 2031 suae
642 2000 804 2039 praefecto
826 2003 894 2028 tum
911 2008 1051 2038 graecos,

375 2047 445 2074 tum
462 2043 590 2079 latinos,
605 2046 676 2072 tum
691 2041 857 2071 hebraicos
873 2040 970 2070 libros
986 2050 1051 2070 cor-

379 2085 528 2124 rigendos
565 2083 740 2114 mandavit.
798 2082 888 2112 Huic
924 2081 1052 2121 negotio

376 2137 434 2167 per
458 2136 498 2165 30
521 2136 621 2156 annos
641 2126 683 2156 ad
704 2125 827 2155 exitum
848 2134 949 2163 usque
966 2123 1050 2154 vitae

378 2169 527 2209 praefuit.
572 2169 699 2199 Multos
723 2177 854 2207 graecos
881 2166 1051 2205 scriptores

377 2211 538 2242 latinitate
554 2210 698 2248 donavit,
712 2209 833 2239 multos
855 2208 947 2246 alios,
962 2208 1049 2247 quod

1093 1323 1197 1353 inerat
1211 1322 1244 1353 in
1260 1322 1391 1353 homine
1407 1333 1479 1353 acre
1501 1322 1667 1360 iudicium,
1684 1332 1768 1362 quae

1094 1367 1222 1405 linguae
1248 1365 1415 1404 utriusque
1441 1365 1567 1404 peritia,
1591 1365 1769 1395 innumeris

1092 1408 1219 1438 mendis
1251 1407 1408 1447 purgavit.
1453 1406 1670 1438 Concinnavit
1700 1407 1768 1437 lex-

1092 1450 1165 1479 icon
1181 1450 1403 1489 tetraglotton,
1419 1452 1512 1479 notas
1527 1448 1716 1488 conscripsit
1734 1449 1769 1479 in

1094 1492 1251 1529 Plinium,
1296 1491 1458 1522 Tacitum.
1519 1491 1638 1521 Latina
1691 1490 1770 1521 fecit

1093 1544 1192 1573 opera
1215 1533 1321 1564 Flavii
1346 1532 1491 1572 Iosephi‚
1506 1532 1584 1572 ipsis
1605 1533 1647 1563 ad
1670 1533 1768 1563 libros

1094 1576 1190 1607 MSS.
1208 1575 1341 1612 exactis,
1353 1575 1504 1606 homilias
1519 1575 1598 1606 item
1615 1575 1654 1606 B.
1673 1575 1769 1605 Hier-

1094 1617 1215 1658 onymi,
1252 1618 1401 1648 historias
1434 1627 1583 1648 romanas
1618 1617 1770 1657 Dionysii

1095 1660 1401 1698 Halicarnassensis,
1416 1660 1583 1690 historiam
1606 1660 1769 1691 ecclesias-

1093 1703 1192 1733 ticam
1206 1703 1348 1743 Evagrii,
1362 1702 1510 1742 Origenis
1524 1702 1642 1732 librum
1659 1705 1771 1733 eontra

1095 1746 1240 1783 Celsum,
1272 1745 1392 1785 scripta
1426 1744 1584 1782 Philonis,
1616 1743 1770 1784 Appiani.

1096 1788 1214 1818 Iustini
1228 1787 1381 1828 Martyris
1396 1797 1533 1827 operum
1547 1786 1771 1826 interpretatio

1094 1834 1198 1861 morte
1213 1830 1353 1860 auctoris
1368 1830 1558 1869 interrupta.
1599 1829 1771 1860 Editiones

1094 1872 1221 1912 paravit
1251 1872 1456 1903 historiarum
1485 1871 1650 1902 Ammiani
1682 1871 1770 1902 Mar-

1096 1914 1205 1945 cellini
1229 1912 1274 1955 (v.
1293 1915 1402 1945 Vales.
1424 1914 1524 1953 praef.
1546 1915 1589 1944 ad
1605 1913 1769 1944 Ammian.

1096 1957 1135 1988 T.
1169 1957 1197 1987 I.
1228 1966 1259 1995 p.
1295 1957 1471 1987 LXXXI.
1506 1957 1555 1987 ed.
1585 1956 1702 1995 Wagn.
1737 1958 1770 1985 et

1097 1997 1274 2038 Erfurdt.,)
1288 1998 1423 2028 Arnobii
1435 1999 1507 2028 adv.
1519 2000 1618 2037 gent.‚
1630 1996 1771 2036 denique

1095 2050 1181 2070 anno
1217 2040 1445 2071 MDXXIII.
1476 2039 1650 2070 Hannonis
1687 2039 1770 2078 peri-

1096 2082 1188 2121 plum
1212 2082 1323 2113 edidit.
1346 2092 1374 2113 v.
1394 2082 1468 2113 Sax.
1491 2082 1608 2113 Onom.
1633 2082 1672 2113 T.
1698 2082 1770 2112 ΙΙΙ.

1094 2134 1126 2163 p.
1169 2122 1236 2162 164.
1294 2124 1385 2154 Obiit
1423 2124 1581 2155 Gelenius
1618 2124 1770 2155 Basileae

1093 2176 1179 2196 anno
1202 2167 1250 2196 vel
1276 2174 1356 2205 1554
1373 2167 1424 2196 vel
1449 2174 1539 2206 1555.
1585 2166 1662 2202 Quo
1684 2176 1771 2196 anno

1093 2212 1189 2239 natus
1217 2208 1268 2246 sit,
1295 2208 1445 2248 nuspiam
1476 2212 1692 2240 memoratum
1723 2218 1770 2240 re-

422 2313 440 2330 *
463 2312 617 2342 Musurus
642 2311 751 2342 literas
776 2320 905 2350 graecas
931 2310 1090 2350 professus
1117 2314 1164 2341 est
1191 2310 1331 2348 Patavii,
1360 2322 1420 2342 nec
1448 2311 1580 2350 latinae,
1606 2315 1643 2342 ut
1672 2311 1771 2342 homo

379 2355 535 2392 Graecus,
555 2354 683 2393 linguae
706 2353 801 2383 rudis.
819 2363 847 2383 v.
866 2353 991 2383 Erasm.
1009 2352 1113 2392 Epist.
1131 2353 1173 2383 V.
1190 2353 1260 2384 libr.
1280 2353 1428 2384 XXIII.
1450 2364 1482 2393 p.
1507 2363 1598 2395 1209.
1619 2357 1652 2384 et
1675 2354 1770 2385 Beat.

380 2398 531 2428 Rhenan.
548 2396 617 2427 Vit.
640 2396 765 2426 Erasm.
782 2406 812 2435 p.
830 2404 879 2434 33.
897 2404 947 2434 34.
971 2395 1011 2426 cf.
1029 2395 1124 2434 Bayl.
1141 2395 1216 2426 dict.
1234 2405 1276 2426 cr.
1300 2405 1323 2427 s.
1340 2406 1368 2427 v.
1386 2397 1550 2428 Musurus.
1572 2399 1639 2428 not.
1657 2396 1685 2428 I.
1708 2396 1770 2426 Pa-

379 2439 466 2470 tavio
483 2438 669 2474 Venetiam,
685 2437 760 2468 inde
784 2438 925 2468 Romam
948 2437 1107 2477 migravit,
1122 2438 1177 2467 ubi
1200 2448 1274 2468 eum
1294 2438 1413 2470 Pontif.
1430 2439 1522 2470 Max.
1539 2438 1607 2469 Leo
1624 2438 1670 2468 X.
1687 2437 1769 2477 epis-

381 2485 499 2521 copatu
516 2480 700 2519 Malvagiae
714 2480 747 2510 in
765 2481 879 2510 Morea
895 2480 1036 2511 donavit.
1083 2480 1187 2510 Paulo
1207 2484 1280 2519 post
1302 2484 1460 2511 autumno
1475 2480 1551 2510 anni
1567 2479 1769 2511 MDXVII.

381 2525 508 2555 Romae
531 2523 619 2553 obiit.
637 2533 665 2553 v.
683 2522 778 2553 Pauli
803 2522 968 2552 Bombasii
993 2522 1055 2561 Ep.
1076 2523 1119 2552 ad
1141 2522 1265 2553 Erasm.
1284 2523 1431 2553 XXIII.
1449 2522 1519 2552 libr.
1538 2522 1587 2553 ΙΙ.
1632 2523 1770 2553 Musuro

381 2566 535 2596 debemus
551 2565 708 2596 editiones
723 2564 884 2604 principes
900 2564 1071 2601 Athenaei,
1089 2564 1258 2604 Hesychii,
1274 2563 1500 2603 Aristophanis
1520 2564 1770 2602 comoediarum,

380 2608 469 2639 alias,
487 2619 514 2639 v.
533 2608 628 2647 Bayl.
645 2608 665 2638 l.
682 2608 703 2638 l.
720 2606 824 2637 notis:
850 2607 888 2638 C.
907 2607 951 2638 H.
970 2607 1014 2637 K.
1032 2607 1106 2637 add.
1124 2606 1308 2638 Chevillier.
1327 2605 1458 2645 Origine
1478 2606 1518 2636 de
1540 2606 1771 2646 l'Imprimerie

381 2651 422 2682 de
439 2650 539 2682 Paris.
556 2660 586 2689 p.
608 2659 676 2690 194.
700 2649 787 2680 Saxii
805 2650 921 2680 Onom.
939 2649 978 2680 T.
997 2649 1045 2679 II.
1063 2659 1093 2688 p.
1112 2657 1182 2688 523·
1199 2659 1244 2688 sq.

424 2693 448 2728 *l*
471 2693 493 2723 J
497 2692 639 2722 ohannes
661 2692 688 2721 F
691 2691 850 2728 robenius,
875 2691 925 2721 cui
952 2701 1082 2730 operam
1110 2691 1327 2730 praebuerunt
1351 2690 1422 2721 Ioh.
1440 2689 1654 2728 Reuchlinus,
1677 2690 1770 2722 Desi-

381 2735 489 2766 derius
505 2734 670 2771 Erasmus,
687 2734 809 2764 Beatus
825 2733 1014 2769 Rhenanus,
1031 2733 1196 2763 Gelenius.
1210 2743 1237 2764 v.
1252 2733 1326 2763 Sax.
1345 2732 1460 2763 Onom.
1475 2732 1514 2763 T.
1530 2733 1600 2763 111.
1614 2743 1650 2772 p.
1658 2733 1687 2764 8.
1701 2743 1769 2773 sqq.

381 2777 458 2808 Filii
474 2780 564 2807 erant
582 2776 802 2815 Hieronymus
818 2779 850 2805 et
867 2775 1039 2806 Iohannes.
1054 2785 1080 2805 v.
1099 2775 1174 2806 ibid.
1188 2785 1218 2814 p.
1235 2784 1264 2815 9.
1298 2775 1459 2805 Iohannes
1475 2775 1663 2813 Frobenius,
1680 2779 1772 2815 pater

382 2819 460 2850 obiit
486 2829 571 2849 anno
595 2818 845 2848 MDXXVII..
892 2817 933 2847 Ei
956 2817 1021 2847 iam
1048 2827 1179 2856 operam
1206 2818 1389 2847 locaverant
1417 2817 1580 2855 Erasmus,
1603 2817 1772 2856 Gelenius,

382 2862 438 2901 qui
454 2866 566 2901 postea
581 2861 677 2892 etiam
694 2860 768 2890 filiis
781 2871 808 2891 v.
823 2859 989 2890 Dictionn.
1002 2859 1148 2890 raisonne
1159 2859 1200 2890 de
1215 2859 1400 2899 bibliologie
1416 2870 1474 2899 par
1490 2860 1638 2900 Peignot.
1649 2864 1727 2892 tom.
1742 2861 1770 2891 I.

384 2914 414 2944 p.
433 2912 501 2944 273.
518 2914 564 2943 sq.
588 2902 705 2943 (Paris.
726 2903 815 2934 1802.
832 2901 911 2932 tomi
929 2902 978 2934 ΙΙ.
994 2900 1083 2941 SVO.)
