1888 3194
465 209 592 251 LIB.
625 208 794 251 XLIII.
836 209 984 251 CAP.
1021 214 1084 252 18.
1406 214 1483 255 117

95 301 205 358 ipsos
224 300 359 366 plena.
423 299 493 342 Ob
514 315 621 356 quae
642 299 856 341 obsidibus
876 299 1107 356 postulatis,
1124 315 1263 356 neque
1285 301 1402 342 exitu
1423 303 1482 343 rei
1500 313 1540 346 U.
1557 315 1596 346 C.
1618 316 1689 355 583-

65 358 302 415 7imp0slto,
324 357 368 398 in
389 356 673 399 Acarnaniam
694 357 794 399 inde
814 357 989 414 profecti
1010 357 1136 414 legati
1157 366 1266 398 sunt.
1329 358 1369 399 T
1371 358 1480 415 hyrii
1494 357 1533 388 Α·
1557 358 1595 390 C.
1622 357 1690 399 ¹⁶9·

94 415 318 458 concilium
348 414 494 472 legatis
521 415 767 457 Acarnanes
793 414 1014 456 dederunt.
1076 414 1141 456 Ibi
1171 430 1341 471 quoque
1372 415 1482 457 inter

93 473 294 515 factiones
313 482 402 514 erat
421 481 646 515 certamen.
711 472 896 521 Quidam
923 472 1162 529 principum
1190 472 1412 529 postulare,
1435 482 1482 515 ut

93 529 301 587 praesidia
335 530 380 571 in
410 531 533 572 urbes
564 545 658 572 suas
692 530 994 572 inducerentur
1024 530 1220 572 adversus
1255 531 1481 572 amentiam

94 602 252 638 eorum,
269 588 343 644 qui
364 587 418 630 ad
439 587 696 630 Macedonas
711 598 880 644 gentem
897 587 1134 630 trahebant:
1167 603 1261 644 pars
1277 603 1479 638 recusare,

93 660 161 696 ne,
183 646 299 702 quod
323 645 433 688 bello
461 646 592 703 captis
619 655 662 688 et
688 645 876 688 hostibus
903 661 992 688 mos
1019 656 1139 696 esset,
1168 646 1212 687 id
1240 655 1410 702 pacatae
1439 655 1482 688 et

92 703 228 745 sociae
264 703 452 745 civitates
487 703 741 760 ignominiae
777 704 1026 760 acciperent.
1088 703 1204 746 Iusta
1242 703 1482 760 deprecatio

91 760 197 802 haec
234 761 332 803 visa.
395 761 602 803 Larissam
641 761 695 803 ad
736 761 964 804 Hostilium
1001 761 1292 818 proconsulem
1324 761 1396 818 (ab
1430 776 1482 803 eo

93 818 207 860 enim
228 818 342 860 missi
367 823 504 875 erant)
524 819 651 876 legati
678 819 906 861 redierunt.
971 819 1197 862 Octavium
1223 819 1399 861 retinuit
1418 834 1483 861 se-

93 891 202 918 cum.
263 876 492 934 Popillium
527 892 624 919 eum
663 876 777 919 mille
818 877 948 919 ferme
989 877 1192 920 militibus
1226 877 1271 919 in
1306 877 1483 919 hiberna

94 934 364 976 Ambraciam
385 935 508 977 misit.
1220 958 1227 960 -

151 991 341 1042 Perseus,
363 992 569 1050 principio
590 992 740 1034 hiemis
761 992 905 1048 egredi
927 992 1205 1045 Macedoniae
1221 993 1375 1035 finibus
1395 1007 1481 1035 non
1562 994 1626 1034 18.

93 1064 230 1099 ausus,
250 1065 304 1091 ne
324 1065 411 1106 qua
430 1051 474 1091 in
495 1064 671 1107 regnum
692 1065 869 1091 vacuum
890 1050 1171 1107 irrumperent
1191 1051 1388 1102 Romani,
1405 1051 1482 1093 sub
1496 1049 1603 1098 Persei
1619 1061 1672 1099 ex-

93 1115 259 1163 tempus
278 1107 464 1157 brumae,
487 1122 618 1164 quum
634 1107 990 1163 inexsuperabiles
1009 1109 1061 1150 ab
1083 1107 1299 1150 Thessalia
1319 1118 1483 1151 montes
1495 1094 1665 1177 {53¹3ssAE

92 1163 201 1206 nivis
225 1163 404 1206 altitudo
425 1165 536 1215 facit,
559 1165 819 1206 occasionem
847 1180 935 1206 esse
964 1174 1077 1207 ratus
1106 1166 1327 1223 frangendi
1355 1166 1485 1208 finiti·
1669 1162 1676 1169 ’

92 1236 256 1263 morum
286 1236 381 1279 spes
407 1223 666 1279 animosque,
695 1237 749 1264 ne
777 1222 894 1280 quid,
923 1238 1065 1265 averso
1093 1238 1136 1265 se
1165 1224 1210 1264 in
1242 1223 1484 1265 Romanum

90 1278 262 1330 bellum,
284 1280 460 1336 periculi
480 1280 679 1330 subesset,
697 1295 829 1337 quum
850 1295 875 1322 a
895 1280 1078 1322 Thracia
1097 1296 1243 1338 pacem
1268 1280 1415 1339 Cotys,
1433 1282 1484 1324 ab

94 1335 225 1394 Epiro
249 1336 464 1395 Cephalus
491 1339 711 1395 repentina
731 1337 966 1380 defectione
994 1339 1046 1381 ab
1075 1339 1278 1381 Romanis
1303 1348 1485 1396 praesta-

91 1403 199 1445 rent,
231 1394 454 1438 Dardanos
484 1411 629 1438 recens
659 1395 889 1438 domuisset
918 1396 1089 1447 bellum,
1121 1397 1256 1439 solum
1285 1397 1484 1439 infestum

92 1467 180 1494 esse
212 1453 490 1496 Macedoniae
518 1453 638 1505 latus,
668 1454 783 1511 quod
813 1455 864 1496 ab
893 1453 1062 1512 Illyrico
1092 1464 1266 1512 pateret,
1294 1470 1483 1506 cernens,

60 1523 81 1555 8
92 1525 146 1552 ne
180 1527 231 1554 ue
248 1511 347 1568 ipsis
363 1512 516 1569 quietis
533 1512 699 1569 Illyriis,
714 1522 758 1554 et
772 1512 934 1554 aditum
951 1513 1249 1569 praebentibus
1267 1513 1483 1564 Romanis,

93 1568 128 1610 si
147 1526 377 1611 domuisset
400 1570 612 1626 proximos
633 1569 886 1627 Illyriorum,
912 1570 1118 1612 Gentium
1144 1587 1314 1628 quoque
1342 1587 1485 1629 regem

93 1625 177 1668 iam
208 1626 284 1668 diu
318 1626 494 1668 dubium
530 1628 574 1669 in
603 1628 846 1669 societatem
876 1628 1015 1684 pellici
1046 1644 1179 1685 posse,
1211 1644 1306 1671 cum
1337 1629 1485 1671 decem

94 1683 278 1726 millibus
328 1684 502 1735 editum,
521 1700 699 1742 quorum
720 1700 814 1741 pars
830 1685 1096 1742 phalangitae
1112 1697 1244 1737 erant,
1261 1696 1305 1728 et
1320 1686 1485 1730 duobus

94 1740 277 1783 millibus
298 1699 451 1783 Fevium
473 1757 696 1792 armorum,
711 1752 754 1784 et
773 1743 1017 1799 quingentis
1032 1745 1244 1800 equitibus
1260 1744 1482 1801 profectus,

97 1798 318 1841 Stuberam
339 1800 465 1841 venit.
528 1800 633 1841 Inde
655 1800 865 1842 frumento
887 1801 1163 1857 complurium
1186 1801 1350 1844 dierum
1371 1818 1484 1844 sum-

93 1867 179 1913 pto,
197 1858 393 1914 iussoque
415 1867 617 1915 apparatu
629 1859 1007 1915 oppugnandarum
1023 1860 1189 1901 urbium
1209 1860 1341 1917 sequi,
1360 1861 1484 1903 tertio

62 1914 162 1960 odie
188 1914 242 1956 ad
270 1914 477 1956 Uscanam
506 1916 804 1971 (Penestianae
834 1927 966 1958 terrae
996 1932 1046 1958 ea
1069 1918 1252 1959 maxima
1277 1918 1374 1959 urbs
1402 1919 1485 1974 est)

93 1972 232 2029 posuit
258 1981 414 2014 castra:
448 1973 563 2029 prius
594 1982 747 2024 tamen,
777 1989 903 2029 quam
934 1974 1019 2015 vim
1050 1975 1304 2025 admoveret,
1337 1976 1482 2027 missis,

93 2029 167 2087 qui
188 2039 399 2072 tentarent
426 2045 540 2072 nune
561 2031 865 2088 praefectorum
886 2032 1094 2088 praesidii,
1118 2048 1231 2074 nune
1253 2033 1485 2090 oppidano-

92 2102 186 2130 rum
220 2087 393 2130 animos.
458 2088 558 2130 Erat
589 2099 731 2130 autem
768 2089 825 2131 ibi
861 2105 957 2131 cum
993 2090 1210 2132 iuventute
1245 2091 1482 2148 Illyriorum

95 2144 335 2187 Romanum
364 2146 628 2203 praesidium.
691 2147 918 2204 Postquam
943 2148 1049 2189 nihil
1073 2149 1208 2205 pacati
1235 2149 1482 2200 referebant,

92 2218 118 2245 o
149 2218 334 2260 pugnare
363 2205 426 2246 c'st
455 2204 637 2255 adortus,
663 2214 706 2246 et
731 2221 885 2247 corona
911 2221 1002 2247 eam
1031 2221 1179 2263 capere
1206 2217 1380 2249 conatus
1408 2217 1481 2250 est.

142 2277 242 2303 uum
263 2262 351 2304 sine
374 2262 679 2304 intermissione
701 2263 886 2305 interdiu
907 2274 1119 2320 noctuque
1141 2265 1211 2306 alii
1232 2265 1321 2306 aliis
1343 2281 1484 2308 succe-

67 2337 76 2359 ι
93 2318 253 2370 dentes,
270 2334 365 2376 pars
381 2320 508 2362 scalas
530 2321 670 2371 muris,
690 2321 830 2377 ignem
847 2323 976 2378 portis
990 2322 1205 2373 inferrent,
1223 2324 1485 2366 sustinebant

28 2387 42 2394 '
93 2387 233 2419 tamen
269 2393 362 2419 eam
394 2388 683 2434 tempestatem
720 2390 1050 2436 propugnatores
1083 2381 1218 2430 urbis3
1261 2382 1361 2438 quia
1391 2397 1484 2439 spes

92 2444 192 2486 erat,
222 2450 360 2492 neque
389 2436 538 2478 hiemis
566 2437 649 2478 vim
678 2437 837 2479 diutius
866 2438 951 2495 pati
984 2437 1242 2481 Macedonas
1270 2440 1313 2481 in
1339 2450 1484 2497 aperto

138 2605 153 2635 7
181 2597 307 2634 Thyn-iil
336 2597 464 2627 Nomen
490 2597 584 2628 huius
607 2598 693 2628 urbis
715 2609 765 2629 ru-
813 2598 948 2634 videtur,
978 2610 1076 2638 quum
1108 2611 1193 2640 supr.
1226 2610 1271 2632 10.
1300 2602 1414 2633 frustra
1444 2603 1484 2632 ab

93 2638 138 2669 rie
176 2638 334 2676 scribitur,
369 2641 557 2678 Tyri-heum,
596 2641 767 2680 Thyn-cum,
813 2641 1070 2682 AppioClaudio
1084 2648 1208 2674 tentata
1222 2644 1317 2675 fuisse
1331 2651 1484 2676 narretur.

96 2682 265 2718 Thur-ium,
279 2683 443 2721 Tlayrium.
468 2683 507 2713 ef.
519 2683 637 2714 Cellar.
649 2684 765 2724 Gengr.
859 2694 868 2715 1
898 2686 983 2715 I'ars
998 2686 1101 2716 scalas
1117 2688 1228 2719 muris.
1244 2689 1347 2726 iynem
1365 2689 1482 2728 portis}

94 2725 170 2756 Ant.
187 2724 218 2756 ii.
240 2734 286 2764 13.
311 2726 416 2757 Cum.
812 2727 917 2767 Magis
939 2729 1079 2768 placeret
1099 2739 1171 2759 euin
1189 2730 1301 2760 eodem
1321 2731 1485 2761 Gronovin

135 2768 155 2797 8
178 2768 311 2798 Aditum
338 2769 566 2808 praebentibus
594 2769 763 2810 Romanis]
813 2771 933 2809 legere:
959 2773 1062 2802 scalas
1078 2774 1188 2809 nnn-is,
1203 2784 1282 2813 pars
1294 2775 1396 2813 fylte-m
1413 2785 1483 2813 pm·-

95 2809 206 2845 Quum
228 2810 328 2850 Illyrii
355 2812 542 2851 praeberent
558 2812 681 2842 aditum
703 2813 764 2843 ΗΟ·
810 2815 850 2844 tis
867 2815 1035 2853 inferrent.
1085 2815 1121 2845 lu
1144 2816 1246 2855 priore
1262 2816 1346 2846 euim
1369 2817 1484 2856 potius.

95 2852 207 2884 manin.
253 2853 358 2892 Magis
382 2854 520 2893 placeret
537 2856 621 2894 quod
642 2856 765 2886 Grono-
811 2867 907 2896 quum
929 2857 958 2887 in
978 2858 1149 2896 posteriore
1166 2860 1320 2892 *nemin-n„
1337 2859 1483 2889 nmium-c

98 2893 166 2924 vius
180 2895 318 2932 subiicit,
335 2898 486 2928 Romano.
510 2899 616 2928 Cum.
813 2900 893 2929 solet
911 2899 1019 2930 Livius
1038 2910 1145 2931 νυνι-ιιι
1163 2912 1226 2940 qun
1248 2902 1375 2940 partitio
1391 2901 1482 2938 „igni-

137 2947 157 2974 0
176 2938 228 2967 Ar!
246 2939 422 2977 ernrmml
455 2940 538 2971 Urbs
556 2941 633 2971 haec
657 2940 687 2971 iu
715 2951 766 2980 po-
814 2943 937 2973 tientur.
988 2945 1090 2982 l'irffl's
1106 2945 1206 2979 «uma,
1222 2945 1280 2974 ntis·
1295 2946 1398 2975 securi
1413 2944 1481 2974 sub-

96 2983 243 3011 muntem
274 2981 491 3013 Romanorum
518 2993 620 3022 nuper
648 2984 770 3015 venisse
815 2986 878 3019 ie'cn',
894 2996 978 3024 mpr.
997 2986 1038 3016 iii.
1058 2995 1107 3024 37.
1131 2988 1235 3017 Cum.
