1888 3194
665 187 956 227 INDEX.

116 263 173 304 Sp.
187 263 346 305 Papirius,
361 263 432 295 trib.
446 261 541 294 milit.
558 262 716 294 consulari
731 273 786 303 po-

158 311 285 346 testate,
310 306 450 348 legiones
475 304 565 336 ducit
588 305 730 336 Velitras
755 304 786 344 6,

159 359 209 381 22.

115 391 172 433 Sp.
189 391 348 432 Papirius,
362 390 434 422 trib.
450 389 542 421 milit.
559 388 590 428 6,
607 396 655 429 27.

115 435 170 476 Sp.
193 434 352 474 Papirius,
381 433 520 464 consulis
554 433 658 463 fratris
687 432 784 471 filius,

155 477 317 508 renuntiat
340 480 466 516 patruo,
481 475 598 515 ambigi
618 476 658 506 de
677 476 782 515 auspi-

155 519 205 551 cio
225 529 272 558 10,
289 529 339 558 40.
362 519 454 550 donis
475 518 666 549 militaribus
686 519 783 549 dona-

154 565 208 593 tur
222 573 272 601 44.

112 604 319 636 Parachelois
335 613 387 646 39,
403 603 453 636 26.

112 647 199 679 Parii
216 657 268 687 31,
282 657 332 688 31.

113 690 234 722 Parilia
248 701 300 730 40,
319 701 345 722 2.

111 733 242 772 Parma,
267 733 393 765 colonia
417 733 535 764 civium
561 733 783 764 Romanorum

154 785 172 816 3
197 800 207 815 2
223 784 273 816 55·

111 786 232 851 Pargxa
253 824 286 850 et
307 819 443 860 gladius,
460 830 550 851 arma
574 819 707 850 velitum
732 829 783 860 31,

153 870 204 902 35.
241 872 355 903 parma
383 863 549 903 tripedalis
572 863 704 893 velitum
731 864 784 902 38,

154 915 171 935 2
179 915 204 937 ι.
225 916 356 946 parmae
367 906 500 936 velitum
510 905 783 945 breviores,quam

152 952 316 988 equestres
333 947 382 986 26,
398 959 426 986 4.

111 990 256 1022 Parmati
272 991 396 1032 equites
411 1004 442 1031 4,
459 1000 509 1032 39.

111 1033 296 1073 Parmenio,
311 1035 434 1075 legatus
451 1034 561 1065 Gentii
577 1046 629 1073 44,
648 1043 696 1074 23.

111 1076 299 1114 Parnassus,
314 1087 406 1107 mons
422 1087 473 1115 42,
493 1075 530 1108 16

110 1118 272 1158 Paroreia,
289 1119 447 1151 Thraciae
463 1128 514 1161 39,
533 1127 580 1158 27.
605 1128 657 1158 42,
673 1127 723 1158 51.

109 1161 222 1201 Paros,
245 1163 351 1194 insula
373 1171 424 1202 31,
451 1171 498 1202 15.
529 1171 581 1202 33,
605 1171 654 1201 3ο.
695 1161 780 1192 Parii

152 1213 205 1244 312
221 1214 272 1245 31·

110 1245 350 1289 Parstrymonia
365 1257 418 1286 42,
434 1255 483 1287 51.

109 1290 314 1330 Parthenius,
330 1301 421 1322 mons
438 1300 489 1331 34,
508 1289 557 1322 26.

110 1332 223 1365 Parthi
247 1344 279 1376 9,
306 1334 351 1365 18.
389 1344 499 1365 eorum
525 1332 645 1373 gloriae
671 1336 782 1364 contra

150 1386 268 1408 nomen
289 1378 475 1409 Romanum
497 1377 607 1407 favent
629 1375 781 1407 lexissimi

151 1429 192 1450 ex
207 1420 351 1457 Graecis,
365 1420 442 1451 ibid.

110 1460 270 1501 Parthini,
286 1463 397 1503 populi
419 1472 469 1504 29,
487 1471 534 1494 12.
558 1471 610 1501 43.
628 1471 663 1492 21
682 1465 714 1492 et
733 1470 781 1500 23.

153 1506 231 1536 olim
259 1507 317 1536 sub
341 1505 462 1536 ditione
487 1504 644 1545 Philippi,
667 1505 783 1535 dantur

154 1549 307 1580 Pleurato
324 1557 384 1588 33,·
394 1558 442 1588 34.
460 1548 500 1579 cf.
517 1552 549 1578 et
565 1559 617 1587 44,
634 1556 684 1586 3ο.

108 1589 259 1630 Parthus,
275 1593 350 1622 urbs
366 1603 417 1630 44,
433 1590 462 1622 6.

108 1633 255 1673 Passaro,
271 1635 384 1666 civitas
400 1633 491 1674 Epiri
508 1642 560 1673 45,
578 1631 616 1664 26
633 1637 664 1664 et
681 1642 730 1673 33.

109 1676 234 1715 Pastor,
263 1688 282 1708 a
311 1678 462 1717 Charopo
494 1676 630 1717 Epirota
658 1676 782 1714 missus,

105 1753 108 1755 μ
151 1730 268 1761 magno
284 1721 355 1752 usui
371 1724 417 1752 est
430 1720 469 1751 T.
482 1719 638 1756 Quinctio
654 1729 716 1750 cos.
730 1728 781 1758 32,

156 1773 204 1795 11.

109 1805 258 1838 Pastores
274 1806 306 1838 in
324 1806 443 1847 Apulia
459 1806 637 1843 coniurant,
654 1805 782 1845 viasque

152 1854 185 1880 et
200 1859 320 1890 pascua
336 1849 509 1880 latrociniis
528 1849 641 1879 infesta
663 1848 782 1879 habent

153 1901 206 1934 39,
223 1902 271 1934 ²9·
304 1893 345 1924 ad
367 1897 491 1932 septem
514 1891 614 1922 millia
633 1892 781 1922 condem-

152 1940 209 1966 nat
240 1935 277 1967 L.
301 1935 495 1972 Postumius,
531 1939 668 1974 practor,
705 1934 780 1965 ibid.

153 1983 317 2018 pastorum
334 1978 445 2009 habitu
462 1978 581 2008 milites
595 1987 626 2019 9,
641 1987 668 2008 2.
693 1986 739 2014 ιο,
754 1988 781 2015 4.

110 2020 228 2053 Patara
248 2030 299 2062 33,
315 2032 364 2060 4¹·
390 2029 441 2060 37,
462 2030 507 2060 17.
542 2023 639 2060 caput
664 2020 783 2060 Lyciae

153 2072 206 2104 37,
225 2073 260 2103 15
278 2069 310 2095 et
327 2073 376 2103 45.
397 2065 435 2095 cf.
453 2069 485 2094 et
502 2064 620 2111 38339.

111 2106 283 2138 Patavium
310 2117 358 2143 ιο,
383 2117 410 2138 2.
446 2106 571 2137 l’atavn
595 2116 782 2136 monumen-

151 2154 222 2181 tum
246 2150 368 2181 navalis
387 2160 512 2190 pugnae
528 2154 560 2180 et
578 2148 727 2179 victoriae
743 2149 783 2180 de

154 2193 299 2231 Graecis,
309 2193 446 2225 solleuni
464 2192 638 2223 certamine
656 2202 782 2223 exerce-

153 2240 216 2275 tur,
230 2236 306 2268 ibid.

111 2277 261 2310 Patavini
287 2278 353 2319 agri
382 2278 576 2318 diripiuntur
605 2288 624 2309 a
651 2277 784 2308 Graecis

158 2331 206 2360 ιο,
223 2331 251 2353 2.
283 2321 510 2352 Patavinorum
534 2321 648 2352 seditio
665 2330 716 2358 41,
733 2330 782 2360 32.

155 2364 328 2396 Patavinos
346 2374 472 2404 semper
493 2364 526 2395 in
548 2364 644 2395 armis
664 2363 784 2394 habent

154 2407 244 2440 Galli
266 2417 314 2445 ιο,
330 2417 357 2438 2.

110 2450 210 2482 Pater
234 2454 379 2491 patratus
399 2449 479 2489 quis,
500 2453 532 2480 et
553 2449 621 2480 eius
644 2449 783 2480 officium

157 2503 185 2532 1,
199 2503 247 2533 24.
272 2499 395 2534 patrem
412 2497 590 2532 sequuntur
605 2492 694 2523 liberi
713 2503 742 2530 4,
754 2505 784 2531 4.

154 2540 256 2577 patre,
271 2536 325 2576 qui
342 2536 444 2567 curuli
463 2536 543 2566 sella
558 2535 685 2572 sederit,
703 2535 785 2571 vivo,

155 2579 241 2610 filius
256 2589 360 2619 neque
377 2579 535 2615 tribunus,
551 2589 655 2618 neque
670 2578 786 2609 aedilis

154 2622 199 2663 pl.
215 2622 283 2654 iure
298 2632 365 2654 esse
381 2626 486 2662 potest
504 2630 555 2660 27,
573 2631 620 2652 21.
646 2630 696 2660 3ο,
719 2631 763 2662 ¹9·

111 2663 228 2696 Patres
245 2666 286 2695 ab
302 2665 422 2696 honore
445 2664 600 2705 appellati
626 2669 787 2694 senatores

159 2717 187 2745 ι,
203 2709 233 2739 8.
256 2718 313 2738 eur
328 2707 498 2748 conscripti
516 2707 592 2738 dicti
612 2717 641 2745 2,
662 2716 685 2738 1.
713 2707 785 2737 lecti

155 2761 176 2781 a
194 2750 336 2781 Romulo
351 2750 453 2791 primo
466 2755 594 2781 centum
612 2760 638 2787 1,
649 2752 678 2779 8.
701 2750 786 2780 aucti

156 2803 177 2824 a
199 2793 376 2833 Tarquinio
402 2793 510 2824 Prisco
532 2793 640 2824 ascitis
659 2799 788 2824 centum

158 2836 249 2868 novis
269 2845 295 2873 ι,
312 2844 362 2875 35.

398 2835 593 2875 Tarquinius
616 2837 791 2876 Superbus,

158 2877 331 2911 imminuto
353 2888 409 2918 per
424 2878 539 2909 caedes
553 2884 585 2910 et
601 2878 714 2910 exsilia
733 2879 790 2910 l’a-

159 2924 245 2953 trum
267 2931 413 2959 numero,
428 2920 540 2952 statuit
559 2921 667 2953 nullo·
682 2921 713 2952 in
733 2921 790 2953 Pu-

873 268 936 296 tres
951 265 1066 314 legere,
1081 277 1145 306 quo
1160 266 1374 306 contemptior
1391 268 1499 308 pauci-

871 308 959 338 tate'
949 318 1019 348 ipsa
1031 310 1108 340 ordo
1120 309 1176 340 fiat
1186 319 1236 350 49.
1260 309 1298 340 L.
1307 309 1427 341 Brutus
1437 311 1499 342 Pa-

869 352 956 381 trum
979 361 1160 390 numerum,
1178 351 1368 392 primoribus
1388 363 1498 392 eques-

870 391 926 423 tris
953 393 1070 433 gradus
1094 394 1196 432 lectis,
1217 394 1258 424 ad
1284 398 1497 426 trecentorum

869 445 1028 466 summam
1045 437 1155 476 explet
1172 447 1241 474 2,1.
1266 441 1337 476 post
1351 437 1498 468 Cannen-

869 487 935 508 sem
960 488 1113 518 pugnam,
1131 489 1203 509 cum
1226 484 1354 510 senatus
1369 480 1434 509 ad
1426 480 1498 510 insi-

868 530 961 560 gnem
1000 521 1196 560 paucitatem
1230 522 1378 552 redactus
1407 526 1500 560 esset,

870 567 998 594 centum
1023 563 1226 604 septuaginta
1247 568 1369 604 septem
1394 574 1413 594 a
1434 564 1498 594 Bu-

869 610 964 637 teone
987 606 1141 637 dictatore
1163 607 1195 637 in
1217 607 1326 638 Patres
1349 607 1500 646 leguntur

871 658 922 688 23,
939 659 976 679 22
994 653 1026 680 et
1044 659 1092 690 23.
1123 650 1155 680 111
1181 649 1291 681 Patres
1315 649 1390 680 lecti
1414 649 1498 689 prin-

869 691 957 732 cipes
972 693 1171 723 Albanorum
1192 702 1219 731 1,
1236 702 1285 733 3ο.
1313 693 1425 723 Patres
1440 692 1498 722 mi-

869 745 983 765 norum
1009 735 1152 775 gentium
1175 744 1223 775 35.
1258 736 1337 766 Atta
1360 735 1499 766 Clausus

869 777 902 808 in
920 778 1032 809 Patres
1047 779 1182 809 lectus⁶
1168 788 1196 817 2,
1215 777 1262 809 16.
1293 778 1396 818 prima
1411 788 1498 808 men-

869 821 914 851 tio
940 822 1028 861 apud
1052 821 1180 852 Livium
1205 821 1323 861 plebeii
1346 820 1500 852 senatoris

871 871 955 902 5,12
998 868 1127 895 senatus
1149 865 1188 894 ab
1210 865 1272 904 Ap.
1289 863 1439 902 Claudio,
1461 858 1498 894 li-

869 907 1064 937 bertinorum
1078 907 1151 938 filiis
1165 907 1301 945 allectis,
1312 906 1498 955 inquinatus

869 959 900 990 9,
917 948 966 988 46.
1002 950 1150 980 Patribus
1166 950 1259 980 loca*
1251 960 1283 980 m
1299 950 1382 980 circo
1398 949 1499 980 divisa

872 1001 900 1029 1,
917 1001 966 1032 35.
1001 993 1043 1023 inv
1057 993 1140 1023 ludis
1159 992 1315 1024 Romanis
1337 996 1457 1023 secreta
1478 1002 1499 1022 a

868 1035 990 1074 populo
1017 1044 1070 1074 34,
1096 1047 1146 1074 44.
1185 1036 1237 1066 lex
1264 1046 1283 1066 a
1310 1034 1498 1066 decemviris

868 1077 945 1115 lata,
967 1088 1009 1109 ne
1031 1078 1227 1109 connubium
1251 1078 1401 1109 Patribus
1424 1087 1498 1108 cum

867 1121 963 1160 plebe
979 1125 1061 1152 esset
1076 1134 1107 1160 4,
1120 1129 1148 1160 5.
1173 1121 1284 1152 Patres
1299 1121 1498 1151 tribunatum

867 1173 982 1203 capere
1005 1164 1214 1204 prohibentur
1232 1174 1260 1202 2,
1276 1173 1325 1203 33.
1362 1164 1498 1194 Patrum

867 1209 900 1236 et
916 1206 1018 1245 plebis
1034 1207 1219 1243 certamina,
1235 1217 1393 1238 venenum
1412 1206 1499 1237 urbis

868 1248 995 1280 Romae
1010 1258 1040 1288 3,
1057 1248 1106 1289 67.
1145 1249 1276 1280 Patrum
1298 1249 1499 1289 indulgentia

867 1290 898 1320 in
917 1292 1044 1331 plebem
1060 1302 1128 1333 2,9.
1153 1292 1284 1323 Patrum
1299 1291 1437 1322 iuniores
1453 1302 1498 1322 re-

867 1333 984 1364 sistunt
1008 1335 1142 1366 tribunis
1166 1345 1196 1375 3,
1215 1345 1261 1373 14.
1298 1334 1430 1365 iniurias
1453 1334 1498 1365 fa-

867 1387 938 1408 cere
954 1377 1112 1418 incipiunt
1130 1377 1216 1418 plebi
1235 1376 1286 1416 65.
1310 1377 1372 1408 vid.
1389 1381 1422 1408 et
1438 1377 1498 1408 Pa-

868 1419 962 1458 trieii,
978 1420 1157 1459 Senatores,
1174 1422 1319 1452 Senatus.

827 1462 955 1501 Patera,
971 1473 1011 1494 ex
1027 1464 1168 1504 quinque
1191 1464 1298 1504 pondo
1316 1463 1385 1494 auri
1401 1463 1498 1501 facta,

868 1505 934 1545 regi
957 1506 1099 1546 Syphaci
1126 1507 1264 1537 mittitur
1286 1507 1370 1537 dono
1395 1514 1445 1545 27,
1468 1518 1499 1545 4.

868 1555 1012 1588 pateram
1038 1559 1168 1580 auream
1188 1549 1376 1580 Masinissae
1399 1549 1498 1580 donat

869 1591 976 1631 Scipio
993 1600 1044 1630 30,
1066 1601 1111 1632 15.
1146 1596 1276 1632 paterae
1298 1596 1361 1622 tres
1383 1602 1500 1623 aureae

869 1644 941 1664 cum
966 1634 1061 1665 titulo
1084 1635 1222 1666 nominis
1237 1635 1370 1666 Camilli
1393 1634 1425 1665 in
1447 1635 1499 1666 Io-

869 1677 915 1708 vis
929 1677 1011 1708 cella
1023 1682 1098 1708 ante
1114 1678 1212 1718 pedes
1225 1677 1359 1708 Iunonis
1374 1678 1498 1717 positae

868 1718 899 1757 6,
916 1732 944 1758 4.
975 1730 1090 1751 aureae
1105 1731 1144 1751 ex
1161 1720 1342 1751 multaticia.
1363 1720 1499 1760 pecunia

868 1763 908 1793 ad
926 1763 1049 1795 Cereris
1064 1763 1186 1804 positae
1205 1773 1254 1800 ιο,
1268 1771 1316 1802 23.
1341 1762 1500 1794 ducentae

868 1806 1072 1846 septuaginta
1093 1817 1146 1837 sex
1168 1816 1295 1843 aureae,
1311 1809 1406 1846 capta
1421 1806 1498 1837 Car-

868 1849 997 1889 thagine
1025 1849 1132 1887 Nova,
1158 1850 1277 1880 relatae
1307 1849 1348 1880 ad
1376 1848 1497 1888 Scipio-

869 1902 942 1922 nem
961 1890 1011 1929 26,
1027 1900 1076 1931 47.
1102 1896 1227 1932 pateras
1241 1902 1353 1922 aureas
1370 1891 1464 1931 legati
1480 1902 1500 1922 a

872 1935 986 1966 Paesto
1004 1936 1141 1966 Romam
1159 1935 1297 1966 afferunt
1316 1944 1366 1972 22,
1383 1933 1433 1974 36.

827 1977 954 2015 Patrae,
978 1979 1052 2008 urbs
1075 1977 1217 2009 Achaiae
1239 1985 1290 2017 27,
1307 1987 1354 2020 29.
1379 1975 1431 2016 36,
1449 1987 1498 2009 21.

870 2021 922 2060 38,
940 2031 954 2051 2
981 2044 988 2052 .

828 2031 1069 2095 I’atricii9unde
1095 2063 1277 2104 appellati?
1306 2073 1332 2101 ι,
1353 2064 1382 2094 8.
1406 2063 1445 2094 cf.
1467 2067 1500 2095 et

875 2117 921 2144 ιο,
937 2108 966 2138 8.
997 2107 1216 2147 gloriabantur
1232 2117 1330 2147 penes
1344 2117 1377 2137 se
1393 2106 1498 2146 auspi·

869 2150 918 2180 cia
934 2160 1012 2187 esse,
1029 2160 1061 2180 se
1077 2150 1161 2180 solos
1175 2154 1302 2189 gentem
1323 2149 1451 2187 habere,
1467 2153 1500 2180 et

869 2193 987 2223 iustum
1013 2193 1182 2233 imperium
1199 2197 1231 2223 ct
1247 2192 1424 2232 auspicium
1444 2193 1500 2223 do-

870 2236 913 2266 mi
931 2235 1129 2275 militiaeque
1152 2245 1200 2273 10,
1219 2235 1248 2266 8.
1265 2236 1304 2267 cf.
1321 2240 1353 2266 et
1370 2244 1400 2274 3,
1420 2245 1444 2266 1.
1468 2234 1500 2273 6,

870 2288 920 2318 41.
947 2286 974 2318 7.
991 2277 1020 2310 6.
1049 2278 1198 2319 patricios
1213 2278 1296 2309 inter
1310 2282 1342 2309 et
1359 2278 1502 2318 plebeios

870 2326 1032 2352 certamen
1057 2323 1096 2352 de
1119 2321 1287 2352 consulatu
1304 2333 1334 2360 4,
1354 2331 1364 2352 1
1385 2325 1415 2352 et
1433 2331 1500 2361 sqq.

870 2365 1065 2405 diremptum
1104 2364 1264 2395 creatione
1301 2364 1500 2395 tribunorum

870 2407 964 2439 milit.
990 2407 1148 2438 consulari
1176 2411 1344 2447 potestate,
1370 2407 1501 2447 promis-

871 2461 930 2482 cue
945 2462 983 2481 ex
1005 2450 1151 2481 Patribus
1166 2455 1197 2481 et
1215 2451 1309 2491 plebe
1331 2450 1500 2480 sumendo-

870 2503 941 2524 rum
966 2492 994 2525 6.
1039 2498 1226 2525 renovatum
1253 2492 1285 2530 6,
1310 2502 1349 2531 34
1376 2497 1407 2523 et
1434 2504 1501 2532 sqq.

872 2536 1042 2568 vincuntur
1066 2536 1190 2577 patricii
1208 2546 1257 2575 42.
1288 2537 1438 2566 adversus
1459 2536 1501 2566 le-

871 2589 941 2619 gem
962 2579 1117 2610 Liciniam
1137 2579 1279 2610 Sextiam
1298 2580 1362 2609 duo
1379 2578 1501 2618 patricii

873 2623 1020 2654 consules
1042 2622 1138 2653 creati
1163 2631 1192 2661 7,
1213 2625 1258 2657 18,
1280 2632 1327 2662 19,
1349 2631 1398 2657 22,
1417 2631 1453 2659 24
1471 2625 1503 2651 et

874 2666 922 2695 28.
957 2665 1041 2696 idem
1066 2666 1182 2696 frustra
1205 2669 1363 2695 tentatum
1387 2662 1434 2697 ιο.
1457 2673 1501 2702 15.

874 2707 998 2748 patricii
1029 2713 1211 2749 praeturam
1243 2711 1275 2738 ct
1305 2707 1501 2738 aedilitatem

874 2751 1016 2781 curulem
1046 2761 1102 2791 pro
1124 2762 1272 2782 concesso
1296 2749 1381 2790 plebi
1402 2750 1503 2779 altero

877 2794 1043 2824 consulatu
1060 2793 1117 2824 sibi
1135 2798 1291 2833 quaerunt
1308 2793 1339 2829 6,
1356 2802 1404 2829 42.
1430 2800 1457 2830 7.
1479 2801 1502 2821 ι.

879 2836 1085 2884 patriciorum
1099 2842 1158 2873 est,
1168 2837 1300 2876 prodere
1316 2835 1501 2871 interregem

877 2878 909 2916 6,
925 2889 975 2918 41.
1007 2878 1147 2919 patriciis
1170 2878 1285 2919 plebeii
1303 2877 1504 2916 magistratus

878 2933 941 2953 non
959 2926 1071 2963 parent
1088 2933 1118 2960 4,
1136 2930 1184 2960 25.
1214 2919 1337 2961 patricii
1361 2918 1504 2950 consulu-
