1888 3194
348 166 400 204 82
857 158 1004 201 ΤΙΤΙ
1043 158 1222 200 LIVII

147 265 191 297 U.
209 264 245 295 C.
270 264 500 310 581.agema
519 252 627 294 hanc
655 251 733 308 ipsi
756 251 964 307 legionem
984 250 1203 292 vocabant.
1259 250 1496 292 Praefectos
1524 250 1734 292 habebant

151 310 189 339 A.
211 307 249 338 C.
275 312 625 354 17¹·Leonnatum
645 319 687 351 et
708 309 989 365 Thrasippum
1015 308 1245 365 Eulyestas.

224 1752 290 1790 52.

1310 307 1556 349 Ceterorum
1579 315 1736 349 caetra-—

357 378 507 418 torum,
530 368 655 410 trium
675 367 802 409 ferme
824 367 999 408 millium
1021 366 1252 415 hominum,
1275 365 1361 406 dux
1383 374 1470 408 erat
1490 364 1736 422 Antiphilus

359 428 603 469 Edessaeus.
665 425 865 474 Paeones,
888 433 930 465 et
949 439 1002 465 ex
1021 423 1202 465 Parorea
1222 431 1265 464 et
1289 423 1600 480 Parstrymonia
1620 422 1737 478 (sunt
1750 442 1768 463 2

359 493 499 527 autem
535 500 583 525 ea
616 483 708 524 loca
739 483 925 523 subiecta
960 481 1184 534 Thraciae)
1215 490 1257 522 et
1292 481 1510 537 Agrianes,
1542 480 1738 521 admixtis

360 543 484 585 etiam
507 541 739 583 Thracibus
759 540 917 590 incolis,
940 539 1066 580 trium
1086 539 1263 580 millium
1283 538 1411 580 ferme
1434 547 1476 580 et
1496 538 1575 594 ipsi
1595 537 1737 593 exple-
1751 554 1769 585 3

359 608 509 641 verunt
544 613 778 640 numerum.
841 597 1087 638 Armaverat
1126 605 1469 652 contraxeratque
1502 611 1573 637 eos
1605 594 1740 636 Didas

360 658 516 707 Paeon,
540 657 612 712 qui
634 655 939 697 adolescentem
965 654 1229 696 Demetrium
1251 654 1467 695 occiderat.
1530 653 1587 694 Et
1607 667 1740 694 arma-

360 725 497 757 torum
525 714 609 755 duo
638 712 766 754 millia
789 711 1003 752 Gallorum
1033 719 1163 760 erant,
1191 711 1399 767 praefecto
1426 710 1738 767 Asclepiodoto.

362 773 432 814 Ab
456 771 661 813 Heraclea
681 785 733 810 ex
758 769 884 810 Sintis
906 769 983 809 tria
998 768 1127 810 millia
1147 769 1359 809 Thracum
1379 768 1603 809 liberorum
1619 783 1741 809 suum

362 831 512 871 ducem
547 828 767 868 habebant.
832 826 1098 867 Cretensium
1134 841 1208 881 par
1241 840 1374 881 paene
1410 840 1608 866 numerus
1647 838 1742 866 suos

362 888 489 928 duces
509 885 781 941 sequebatur:
819 883 969 925 Susum
997 882 1323 924 Phalasarneum
1348 891 1390 924 et
1420 882 1580 940 Syllum
1604 881 1743 923 Gnos-

362 945 480 985 sium.
543 943 599 983 Et
616 941 825 983 Leonides
846 941 1204 982 Lacedaemonius
1221 941 1459 997 quingentis
1481 955 1533 981 ex
1552 939 1742 990 Graecia,

362 1002 495 1043 mixto
515 1001 654 1057 generi
681 999 912 1048 hominum,
935 1008 1134 1055 praeerat.
1199 998 1323 1055 Regii
1344 999 1378 1039 is
1401 998 1565 1055 generis
1585 998 1744 1039 fereba-

363 1069 454 1109 tur;
487 1058 617 1108 exsul,
641 1057 859 1098 damnatus
879 1057 1089 1112 frequenti
1114 1056 1290 1097 concilio
1313 1056 1592 1106 Achaeorum,
1614 1055 1744 1097 literis

364 1118 416 1159 ad
446 1117 599 1158 Persea
626 1115 851 1171 deprensis.
915 1114 1162 1156 Aetolorum
1191 1123 1232 1155 et
1260 1113 1528 1163 Boeotorum,
1558 1113 1631 1169 qui
1657 1128 1743 1154 non

364 1174 590 1231 explebant
609 1173 701 1230 plus
722 1188 848 1229 quam
865 1172 1189 1229 quingentorum
1206 1186 1349 1212 omnes
1369 1186 1604 1220 numerum,
1627 1170 1745 1227 Lyco

364 1232 562 1275 Achaeus
598 1230 828 1288 praefectus
861 1239 958 1271 erat.
1022 1229 1088 1270 Ex
1118 1229 1181 1270 his
1213 1229 1353 1270 mixtis
1387 1239 1448 1270 tot
1481 1227 1744 1285 populorum,

365 1299 427 1331 tot
447 1289 636 1346 gentium
657 1288 832 1338 auxiliis,
851 1287 1072 1329 duodecim
1094 1286 1223 1328 millia
1243 1295 1493 1327 armatorum
1514 1286 1642 1328 ferme
1659 1285 1747 1327 effi·
1805 1300 1809 1313 ¹

366 1348 592 1389 ciebantur.
656 1345 860 1401 Equitum
891 1361 943 1387 ex
974 1355 1061 1386 tota
1096 1344 1348 1386 Macedonia
1378 1352 1640 1385 contraxerat
1669 1343 1748 1385 tria

365 1405 505 1446 millia.
567 1404 752 1445 Venerat
781 1403 930 1444 eodem
964 1402 1107 1459 Cotys,
1143 1402 1322 1444 Seuthae
1354 1402 1475 1452 filius,
1507 1417 1581 1442 rex
1611 1401 1748 1457 gentis

369 1463 639 1520 Odrysarum,
662 1476 756 1503 cum
784 1460 896 1502 mille
925 1460 1096 1501 delectis
1123 1460 1345 1516 equitibus,
1367 1460 1456 1516 pari
1476 1459 1604 1500 ferme
1629 1458 1748 1515 pedi-

367 1529 456 1561 tum
484 1535 670 1561 numero.
732 1518 798 1560 Ita
825 1534 985 1559 summa
1013 1518 1138 1559 totius
1165 1518 1373 1559 exercitus
1401 1517 1571 1574 triginta
1597 1531 1748 1557 novem

367 1577 496 1619 millia
521 1577 712 1634 peditum
741 1585 870 1626 erant,
894 1584 1091 1632 quattuor
1117 1575 1319 1632 equitum.
1384 1574 1490 1616 Satis
1519 1574 1764 1623 constabat,

367 1635 598 1677 secundum
634 1650 730 1676 eum
766 1634 1008 1683 exercitum,
1046 1648 1172 1689 quem
1210 1632 1392 1688 Magnus
1425 1632 1670 1673 Alexander
1704 1631 1781 1677 in4

368 1694 515 1734 Asiam
547 1692 719 1742 traiecit,
750 1706 966 1747 nunquam
998 1690 1121 1731 ullius
1153 1689 1438 1731 Macedonum
1473 1689 1580 1746 regis
1610 1689 1749 1745 copias

369 1759 502 1792 tantas
522 1750 658 1791 fuisse.
724 1749 875 1791 Sextus
896 1758 937 1790 et
957 1748 1176 1790 vicesimus
1204 1763 1337 1789 annus
1357 1748 1567 1804 agebatur,
1590 1762 1644 1789 ex
1664 1761 1749 1802 quo

368 1808 529 1864 petenti
550 1807 748 1864 Philippo
765 1807 862 1848 data
879 1821 961 1863 pax
978 1815 1076 1847 erat.
1139 1805 1221 1846 Per
1236 1805 1280 1846 id
1293 1821 1416 1847 omne
1432 1814 1594 1862 tempus
1610 1805 1752 1860 quieta

369 1865 622 1907 Macedonia
638 1874 680 1906 et
700 1865 941 1921 progeniem
959 1863 1158 1912 ediderat,
1173 1863 1291 1904 cuius
1307 1878 1457 1919 magna
1476 1877 1570 1919 pars
1590 1870 1751 1903 matura

368 1923 539 1964 militiae
571 1931 690 1972 esset,
717 1931 759 1963 et
788 1921 947 1962 levibus
976 1920 1094 1962 bellis
1126 1920 1337 1961 Thracum
1368 1920 1612 1968 accolarum,
1641 1934 1765 1975 quae·

369 1990 612 2025 exercerent
633 1979 773 2035 magis,
796 1993 921 2034 quam
942 1978 1172 2033 fatigarent,
1195 1978 1271 2018 sub
1292 1977 1455 2018 assidua
1481 1986 1619 2018 tamen
1641 1976 1750 2017 mili-

370 2038 427 2079 tia
455 2037 611 2078 fuerat:
655 2046 696 2077 et
727 2036 801 2076 diu
830 2035 1076 2076 meditatum
1112 2034 1309 2090 Philippo
1341 2034 1488 2090 primo,
1520 2033 1672 2075 deinde
1708 2042 1751 2075 et

369 2095 501 2144 Persi,
537 2094 776 2135 Romanum
815 2092 984 2141 bellum,
1021 2091 1160 2133 omnia
1198 2100 1246 2132 ut
1284 2091 1485 2133 instructa
1523 2100 1749 2148 parataque

371 2161 521 2201 essent,
539 2152 742 2192 effecerat.
806 2149 926 2190 Mota
945 2164 1167 2205 parumper
1183 2149 1302 2198 acies,
1320 2149 1425 2205 (non
1446 2150 1554 2190 iusto
1571 2149 1749 2190 decursu

371 2208 531 2265 tamen)
548 2224 600 2250 ne
621 2209 779 2249 stetisse
796 2216 958 2248 tantum
976 2207 1020 2247 in
1042 2206 1164 2247 armis
1179 2206 1439 2248 viderentur:
1472 2216 1748 2264 armatosque,
1763 2219 1780 2251 5

415 2338 431 2358 2
455 2326 684 2366 E.1¹Parorea]
716 2326 862 2366 Regione
876 2326 1038 2357 montibus
1080 2336 1250 2356 numerum
1292 2325 1346 2365 qui
1390 2325 1568 2356 maximum
1613 2325 1750 2364 edidere,

372 2371 561 2411 propinqua.
590 2370 628 2400 cf.
646 2380 730 2409 supr.
746 2369 856 2400 xxxix.
875 2378 923 2408 27.
1080 2369 1211 2398 tradunt
1247 2368 1344 2398 fuisse
1380 2372 1531 2407 quattuor
1561 2371 1593 2399 et
1621 2368 1751 2408 triginta

416 2423 432 2452 3
453 2414 627 2443 Thracibus
641 2413 768 2450 incolis]
788 2412 976 2448 Thracibus,
986 2410 1040 2449 qui

373 2456 406 2486 in
417 2456 591 2495 Agrianum
602 2455 761 2494 regionem
774 2454 974 2491 transierant,
983 2454 1039 2483 ibi-

374 2509 436 2538 que
451 2498 649 2528 habitabant.
673 2498 778 2528 Clfflv.

416 2553 435 2580 4
457 2542 637 2571 Secundum
660 2551 731 2570 eum
750 2540 933 2575 arercz'tmn,
948 2549 1040 2579 quem

373 2585 519 2623 Nlaynus
534 2583 735 2620 Aleoeander]
764 2583 816 2612 Ita
831 2582 971 2621 loquitur
988 2581 1039 2612 Li—

375 2626 454 2664 vius,
472 2625 560 2665 quasi
586 2624 762 2656 Alexandri
785 2624 943 2656 exercitus
966 2625 1040 2654 Per-

375 2669 419 2699 sei
440 2667 548 2708 copias
563 2669 613 2698 vel
633 2671 811 2707 superasset
830 2676 975 2703 numero,
990 2667 1040 2697 vel

376 2715 460 2742 certe
485 2714 660 2750 aequasset.
706 2711 841 2741 Constat
867 2713 975 2739 tamen
1002 2719 1041 2739 ex

377 2754 564 2793 scriptorum
587 2753 729 2783 omnium
753 2762 919 2789 consensu,
936 2751 1041 2791 ipsum

375 2797 468 2827 illum
485 2796 658 2827 exercitum
676 2794 759 2825 orbis
775 2795 961 2825 domitorem
984 2794 1041 2824 mi-

375 2850 435 2872 nus
453 2839 593 2869 militum
615 2838 773 2873 habuisse,
785 2847 879 2877 quam
897 2840 974 2876 quot
996 2847 1040 2867 se—

377 2892 449 2912 cum
488 2882 622 2912 Perseus
658 2881 803 2910 ducebat.
867 2880 1041 2910 Plutarcho

376 2929 505 2955 auctore
527 2924 560 2955 in
584 2923 779 2961 Alexandro,
795 2922 956 2961 copiarum
974 2922 1040 2953 eius

1085 2411 1187 2440 millia
1219 2411 1376 2450 peditum,
1413 2411 1557 2450 equitum
1591 2415 1750 2450 quattuor.

1087 2453 1200 2484 lustin.
1216 2454 1258 2484 xi.
1276 2452 1303 2484 6.
1320 2453 1448 2493 triginta
1467 2454 1530 2484 duo
1551 2452 1580 2484 ei
1604 2453 1751 2493 peditum

1082 2496 1185 2526 millia
1199 2496 1321 2532 tribuit,
1334 2500 1483 2535 quattuor
1498 2495 1602 2526 millia
1617 2500 1649 2526 et
1660 2495 1751 2535 quin-

1082 2542 1193 2577 gentos
1213 2538 1354 2577 equites:
1380 2549 1476 2577 quam
1497 2538 1688 2569 sententiam
1706 2538 1750 2569 vi-

1083 2582 1176 2611 detur
1200 2581 1268 2620 ipse
1294 2584 1421 2611 secutus
1443 2591 1510 2612 esse
1533 2580 1643 2611 Livius
1664 2591 1751 2621 supr.

1084 2624 1126 2654 ix.
1150 2633 1197 2664 19.
1228 2624 1265 2654 cf.
1283 2624 1480 2654 Freinshem.
1505 2624 1618 2663 Suppl.
1641 2624 1750 2660 ava.

1085 2667 1232 2697 Curtium
1248 2666 1279 2696 ii.
1298 2676 1325 2704 3.
1350 2667 1456 2697 CREv.

1128 2716 1144 2748 5
1168 2711 1220 2739 Ne
1237 2711 1356 2739 stetisse
1373 2709 1514 2746 tantum]
1552 2709 1688 2739 Tantum
1710 2719 1751 2739 ne

1084 2753 1203 2782 stetisse
1230 2752 1377 2781 Muretus
1405 2751 1576 2790 legendum
1604 2751 1682 2788 vult,
1707 2761 1750 2781 sc.

1085 2794 1117 2824 id
1144 2797 1269 2824 tantum
1296 2793 1422 2823 edidere
1447 2796 1564 2830 motus,
1587 2793 1672 2832 quod
1695 2803 1749 2823 ne-

1085 2847 1171 2867 cesse
1197 2840 1274 2873 erat,
1297 2840 1332 2866 ut
1359 2845 1422 2865 non
1447 2835 1569 2866 stetisse
1595 2836 1627 2866 in
1654 2836 1750 2866 armis

1085 2879 1213 2910 omnino
1229 2878 1328 2918 quieti
1347 2878 1534 2909 viderentur.
