1888 3194
544 205 672 247 LIB.
706 203 870 246 XLIV.
915 203 1061 246 CAP.
1094 207 1163 246 40.
1471 209 1550 248 165

153 295 279 337 nibus
317 293 553 337 curantium
593 292 794 350 elapsum,
835 294 881 334 in
921 293 1164 335 ulteriorem
1207 293 1343 350 ripam
1387 295 1546 351 effugit.
1563 301 1607 333 U.
1625 302 1662 334 C.
1685 302 1759 342 584.

157 352 287 402 Quod
302 366 433 408 quum
450 365 526 407 per
541 365 707 407 aquam,
721 350 851 392 ferme
868 365 982 407 genu
998 358 1121 392 tenus
1137 349 1277 401 altam,
1295 360 1377 392 tres
1394 351 1547 393 milites
1561 345 1600 376 A.
1624 345 1662 377 C.
1688 344 1758 377 ¹⁶8·

153 417 441 466 sequerentur,
464 407 649 449 Thraces
670 407 756 449 duo
776 407 822 448 id
842 407 1079 449 iumentum
1107 423 1161 449 ex
1189 408 1329 449 medio
1357 408 1474 450 alveo
1502 409 1548 450 in

121 473 269 508 6suam
289 465 422 522 ripam
445 464 684 514 traherent3
717 465 848 506 altero
874 480 1021 507 eorum
1046 465 1195 515 occiso,
1218 474 1474 522 receptoque
1495 481 1546 507 eo

151 524 355 572 iumento,
377 522 431 564 ad
458 523 680 564 stationem
708 537 879 564 suorum
906 537 949 563 se
977 523 1246 579 recipiebant.
1312 522 1547 580 Octingen-

152 589 291 623 torum
311 580 526 622 Thracum
546 579 801 636 praesidium
825 580 870 620 in
897 579 1081 621 hostium
1108 580 1200 636 ripa
1225 588 1324 621 erat.
1389 579 1457 621 Ex
1482 580 1546 622 his

150 637 275 695 pauci
314 637 462 694 primo,
505 651 628 693 aegre
670 637 779 693 passi
822 636 1069 693 popularem
1112 637 1157 678 in
1198 652 1274 679 suo
1316 646 1546 694 conspectu

152 709 333 744 caesum,
359 693 413 736 ad
440 694 754 751 persequendos
781 694 1070 736 interfectores
1097 695 1272 737 fiuvium
1303 695 1546 751 transgressi

122 760 275 800 7sunt:
323 751 424 793 dein
463 751 615 808 plures,
656 761 867 808 postremo
908 767 1066 802 omnes,
1103 761 1146 794 et
1185 767 1282 794 cum
1321 752 1545 808 praesidio,

153 808 291 866 [quod
311 824 337 850 a
355 818 472 866 parte
495 809 784 851 Romanorum
808 809 941 866 ripam
962 809 1229 860 defendebat,
1250 825 1424 851 manum
1446 825 1547 851 con-

150 874 307 908 serunt.
370 866 474 908 Non
515 866 668 908 desunt
713 875 915 917 auctores,
959 867 1033 923 qui
1077 867 1207 924 ipsius
1248 867 1387 908 Paulli
1432 867 1547 909 iussu

151 939 310 981 equum
326 923 514 966 detracto
528 924 646 966 steno
667 923 894 980 impulsum
916 924 1100 966 scribant
1120 924 1165 965 in
1185 923 1381 966 hostilem
1397 924 1545 981 ripam,

150 981 418 1038 emissosque,
433 981 514 1079 {ui
541 981 814 1031 retraherent,
837 990 885 1022 ut
914 981 1054 1023 hostes
1083 997 1269 1038 pugnam
1299 982 1458 1038 priores
1487 981 1548 1023 la-

149 1047 370 1080 cesserent.
473 1038 604 1079 tenim
626 1053 758 1094 quum
778 1039 927 1094 viginti
949 1039 1078 1080 caesis
1098 1039 1244 1080 hostiis
1267 1039 1435 1080 litatum
1459 1054 1547 1081 non

149 1104 270 1145 esset,
298 1094 471 1137 tandem
500 1095 608 1136 laeta
639 1095 863 1152 vigesimae
895 1096 1054 1151 primae
1087 1104 1185 1137 exta
1216 1096 1458 1152 haruspices
1489 1097 1549 1138 ita

148 1152 504 1202 renuntiaverant,
546 1162 605 1203 ut,
644 1151 849 1194 Romanis
888 1167 976 1194 non
1010 1152 1324 1203 lacessentibus,
1359 1152 1433 1194 sed
1473 1153 1548 1195 de-

148 1209 420 1252 fendentibus
451 1224 553 1260 sese,
586 1209 804 1251 victoriam
835 1210 1143 1266 promitterent.
1209 1209 1427 1260 Ceterum,
1460 1211 1547 1252 sive

148 1266 324 1309 consilio
359 1267 491 1317 ducis,
528 1267 613 1308 sive
649 1281 760 1317 casu,
798 1267 849 1309 ab
890 1267 971 1309 hoc
1011 1276 1123 1309 certe
1164 1267 1286 1309 initio
1326 1267 1549 1309 commissa

148 1338 306 1382 pugna,
327 1324 418 1366 aliis
447 1339 573 1381 super
602 1324 705 1366 alios
735 1323 790 1366 ad
815 1324 1033 1366 ferendam
1063 1324 1148 1366 suis
1178 1339 1302 1381 opem
1333 1324 1547 1381 utrimque

148 1381 454 1432 advolantibus,
488 1382 604 1423 brevi
639 1382 700 1422 ita
733 1396 908 1423 accensa
939 1390 1018 1433 est,
1052 1390 1100 1423 ut
1133 1381 1263 1423 duces
1298 1391 1549 1438 cogerentur

148 1439 406 1481 descendere
428 1439 473 1480 in
493 1439 735 1480 universum
755 1454 942 1480 summae
964 1439 1025 1480 rei
1046 1438 1285 1481 discrimen.
1337 1439 1548 1481 Aemilius

149 1496 278 1547 enirn,
314 1496 499 1538 tumultu
532 1496 874 1538 concurrentium
906 1496 1064 1546 audito,
1099 1497 1308 1553 praetorio
1343 1511 1547 1553 egressus,

150 1562 372 1611 postquam
393 1568 563 1596 caecum
586 1554 799 1595 ruentium
821 1553 874 1595 ad
899 1568 1015 1595 arma
1034 1554 1240 1610 impetum
1261 1569 1455 1596 revocare
1477 1563 1550 1596 aut

150 1611 295 1653 sistere
331 1625 410 1652 nee.
445 1611 565 1652 facile
601 1626 680 1652 nec
716 1620 855 1652 tutum
887 1611 1121 1661 videbatur,
1158 1611 1366 1653 utendum
1401 1611 1548 1653 ardore

150 1667 347 1718 militum,
393 1677 436 1710 et
481 1683 624 1710 casum
673 1668 719 1709 in
764 1668 1026 1710 occasionem
1069 1667 1320 1710 vertendum
1370 1669 1546 1725 putavit.

153 1725 311 1767 Educit
337 1726 479 1782 itaque
507 1726 648 1782 copias
676 1725 830 1775 castris,
853 1734 896 1766 et
923 1725 1091 1766 ordines
1118 1726 1424 1781 interequitans
1451 1726 1548 1767 hor-

152 1791 277 1834 tatur,
298 1792 345 1825 ut
365 1783 595 1839 expetitam
625 1791 842 1839 tantopere
873 1797 1059 1839 pugnam
1081 1783 1170 1840 pari
1192 1782 1338 1825 ardore
1360 1798 1550 1839 capesse-

151 1849 258 1882 rent.
324 1840 458 1882 Simul
490 1839 645 1881 Nasica
674 1840 924 1896 praemissus
954 1839 1008 1881 ad
1037 1840 1356 1897 explorandum,
1389 1855 1474 1897 quo
1504 1840 1549 1882 in

152 1906 263 1940 statu
294 1912 360 1939 res
390 1906 528 1939 essent
558 1898 669 1939 inter
698 1897 875 1954 primam
905 1897 1063 1939 cientes
1093 1912 1292 1954 pugnam,
1322 1897 1548 1939 adventare

151 1955 356 1997 instructo
382 1955 571 1996 exercitu
599 1954 802 1996 Perseum
830 1954 1051 1996 nuntiavit.
1114 1954 1247 1996 Primi
1268 1954 1455 1996 Thraces
1484 1956 1550 1996 in-

153 2012 373 2063 cedebant,
397 2012 505 2054 truci
530 2011 662 2062 vultu,
685 2026 857 2068 corpore
887 2026 1073 2068 procero,
1096 2011 1416 2068 splendentibus
1445 2013 1550 2054 miro

152 2069 335 2112 candore
377 2069 430 2111 cli
464 2070 523 2111 eis
565 2069 725 2111 laevam
768 2069 957 2126 protecti.
1037 2068 1278 2110 Humerum
1323 2078 1550 2126 utrumque

152 2127 274 2185 nigra
306 2085 510 2169 vestiebat
549 2126 763 2184 chlamys:
812 2127 863 2168 ab
904 2126 1055 2168 dextro
1095 2126 1324 2168 immanem
1363 2127 1551 2183 pondere

153 2185 353 2227 frameam
374 2185 608 2226 identidem
629 2184 914 2226 coruscabant.
972 2183 1098 2225 quta
1118 2184 1303 2226 Thracas
1324 2185 1550 2226 constitere

154 2242 349 2284 mercede
370 2242 579 2284 conducta
601 2241 769 2292 auxilia,
791 2241 956 2283 diverso
985 2241 1095 2283 inter
1119 2256 1161 2282 se
1187 2256 1263 2298 pro
1284 2241 1456 2283 diversis
1477 2257 1552 2283 na-

156 2300 340 2342 tionibus
361 2308 522 2341 armatu
543 2299 774 2355 habituque
792 2315 801 2340 :
833 2299 875 2340 in
893 2298 958 2340 his
974 2308 1018 2340 et
1039 2299 1229 2340 Paeones
1248 2298 1377 2341 fuere.
1443 2298 1552 2341 Sub-

156 2357 243 2399 ibat
275 2372 427 2413 agmen
456 2356 744 2398 Macedonum
773 2356 971 2413 ipsorum,
993 2371 1122 2412 quam
1144 2356 1426 2413 leucaspidem
1448 2357 1553 2413 pha-

156 2414 324 2471 langem
361 2414 654 2470 appellabant:
699 2413 852 2455 delecti
888 2423 1098 2470 quotquot
1134 2414 1281 2455 robore
1318 2429 1365 2455 ac
1399 2414 1552 2456 virtute

156 2472 435 2529 praestabant,
456 2470 664 2528 fulgentes
685 2471 839 2512 auratis
862 2471 986 2512 armis
1011 2472 1203 2527 sagisque
1225 2472 1425 2527 puniceis.
1491 2471 1554 2513 Ea

156 2529 296 2571 media
316 2529 425 2570 acies
445 2529 535 2570 fuit.
600 2528 692 2570 IIos
712 2529 1008 2585 sequebantur,
1032 2544 1138 2585 quos
1159 2529 1211 2570 ab
1233 2529 1364 2570 aereis
1385 2529 1554 2570 lucidis-

189 2602 241 2628 ue
283 2587 429 2643 clipeis
469 2586 753 2643 chalc-aspidas
787 2586 996 2627 dicebant.
1062 2585 1181 2627 Hace
1217 2586 1401 2642 phalanx
1439 2587 1555 2628 iuxta

158 2660 184 2686 a
201 2653 332 2686 teram
357 2645 401 2685 in
426 2644 578 2686 dextro
603 2658 734 2685 cornu
763 2643 896 2684 locata
924 2652 998 2685 est.
1060 2643 1234 2685 I'raetcr
1262 2644 1370 2684 hane
1398 2653 1555 2684 utram-

159 2717 242 2758 que
270 2701 536 2758 phalangem,
565 2701 681 2768 quod
713 2701 982 2757 praecipuum
1015 2701 1142 2742 robur
1171 2710 1260 2742 crat
1289 2700 1556 2742 Macedonici

160 2759 381 2809 exercitus,
425 2768 609 2808 caetrau,
647 2758 906 2800 Macedones
942 2767 984 2800 ct
1021 2758 1112 2815 ipsi,
1149 2759 1314 2800 sarissas
1349 2767 1555 2813 gerentes,

205 2878 225 2910 6
250 2881 445 2920 Trahere-ne]
482 2882 534 2913 lm
559 2881 745 2912 emendavit
776 2881 836 2913 Ur·
886 2882 1041 2921 proelium
1061 2882 1305 2916 concurrissent,
1326 2880 1416 2911 initio
1434 2891 1558 2920 pugnae

163 2921 251 2953 sinus
267 2932 324 2962 pro
340 2924 425 2962 vulg.
441 2925 615 2956 erakeruee.
886 2923 917 2955 in
943 2924 1076 2954 flumine
1103 2930 1185 2955 orto.
1213 2925 1252 2955 cf.
1278 2925 1364 2955 l’lut.
1390 2923 1421 2954 in
1441 2923 1557 2953 Aemil.

210 2971 226 3003 7
251 2965 294 2995 ΕΙ
313 2975 383 2995 cum
401 2967 581 3005 prm-aridio]
609 2965 841 2997 persecuturus
891 2977 921 3006 p.
938 2966 1008 3004 264.
1032 2967 1145 2998 Swox.

164 3011 231 3038 erut
257 3011 373 3044 noster,
388 3011 421 3037 ut
439 3007 599 3046 utrimque
624 3007 782 3038 exereitus
803 3008 841 3037 :nl
