1888 3194
946 193 1240 233 INDEX.

396 268 524 309 Vigiliis
539 273 692 309 quattuor
713 267 864 300 distincta
887 278 953 299 nox
974 279 1070 308 quae-

437 312 541 349 libet;
563 311 638 342 hinc
658 311 766 351 vigilia
787 311 892 351 prima
914 318 944 350 5,
964 321 1015 349 44.
1039 321 1071 351 9,

437 353 488 392 36
516 336 565 391 1⁹0,
586 363 636 393 34
662 360 779 392 21‚27·
805 361 925 392 23235-
951 361 1002 393 27,
1022 361 1068 392 15

1118 269 1296 301 Vinearum
1326 281 1403 302 usus
1434 271 1466 302 in
1497 271 1791 312 oppugnationibus

1159 319 1189 350 5,
1208 320 1235 352 7
1264 323 1311 351 10,
1329 322 1379 352 34.
1406 323 1456 352 21,
1472 313 1523 346 61.
1548 324 1599 354 23,
1618 315 1666 345 18.
1691 324 1790 354 32,4.

1159 363 1211 394 35,
1229 364 1280 385 22-

437 404 489 434 30,
505 395 534 427 6.
557 404 610 435 35,
629 405 676 434 13.
696 396 872 426 secunda*-
859 412 885 434 t,
902 403 951 434 35.
974 396 1071 426 tertia
1116 396 1239 427 Vinum
1262 397 1394 437 publice
1418 398 1452 428 in
1477 398 1640 429 sacrificiis
1665 398 1788 438 praebi-

435 447 467 478 9,
484 449 534 476 44.
562 447 612 475 10,
629 448 668 468 20
683 443 715 468 et
732 448 782 475 40.
808 445 859 476 25,
875 438 924 476 38.
951 445 1001 477 27,
1017 447 1067 475 42.

437 480 488 518 28,
508 488 533 519 7-
559 488 656 518 3521·
681 479 734 519 36,
758 490 805 521 19·
829 490 881 518 40,
900 491 928 518 4·
953 483 1068 527 quarta

434 532 466 569 9,
484 530 533 561 37-
560 532 610 570 21,
627 530 677 561 47-
704 532 754 561 ²4,
771 521 820 560 46-
847 530 898 560 25,
918 531 965 560 13·
993 531 1065 561 1131-

434 565 497 594 1130
514 565 644 595 vicatim
665 565 793 595 Romae
813 568 947 594 exactae
972 573 1020 600 10,
1037 574 1065 600 4.

434 615 486 645 32,
505 605 556 638 62.
585 607 713 646 vigiliae
736 610 912 636 nocturnae
936 616 993 644 per
1015 615 1065 634 ur-

432 649 507 678 bem
523 648 699 678 minoribus
720 647 959 686 magistratibus
974 657 1063 676 man-

432 691 529 721 datae
546 699 654 730 39,14
671 693 703 718 01
723 687 769 719 16.
774 671 974 727 0vigiliarum
993 698 1064 718 mu-

431 742 492 763 nus
530 742 550 761 a
583 730 782 761 senatoribus
815 713 939 760 oobitum
972 740 1003 769 3,
1033 729 1062 761 6.

432 773 558 812 vigiliae
588 773 744 802 militares
771 783 823 810 44,
851 781 900 811 33.
936 771 1064 812 vigiliae

429 816 472 845 ab
499 815 643 845 exercitu
669 814 866 844 Hannibalis
890 824 948 854 per
971 818 1062 853 quat-

430 857 559 887 riduum
598 860 630 887 et
664 860 728 887 tres
761 860 872 887 noctes
905 857 1062 887 toleratae

431 908 482 937 22,
500 909 527 930 2.

387 941 480 971 Villa
495 941 627 980 publica
647 941 681 971 in
703 951 817 980 campo
834 940 955 971 Martio
974 941 1061 971 aedi-

429 983 527 1014 ficata
557 994 587 1021 4,
615 993 665 1014 22.
703 983 747 1013 ibi
777 983 918 1022 primum
949 993 1062 1013 census

427 1026 542 1065 populi
560 1030 662 1063 actus,
678 1025 755 1056 ibid.
779 1025 921 1055 reficitur
941 1029 973 1055 et
993 1035 1060 1054 am-

427 1067 592 1107 plificatur
614 1077 665 1107 34,
684 1078 734 1106 44.
761 1067 794 1098 in
819 1078 858 1097 ea
881 1067 1059 1107 hospitium

426 1110 540 1149 legatis
564 1110 707 1140 hostium
733 1111 907 1149 praebetur
932 1119 983 1149 30,
1008 1119 1058 1141 21.

427 1160 480 1190 339
497 1162 546 1190 ²4·

384 1194 423 1225 L.
437 1194 569 1231 Villius,
593 1194 664 1225 trib.
690 1195 734 1234 pl.
760 1195 865 1233 legem
890 1193 1058 1224 annariam

425 1237 488 1266 fert
499 1246 552 1275 40,
565 1247 614 1275 44.
633 1237 707 1267 inde
723 1246 901 1276 cognomen
913 1236 1058 1267 familiae

423 1278 575 1316 inditum,
590 1283 627 1309 ut
644 1279 788 1309 Annales
803 1279 1056 1318 appellarentur,

423 1320 500 1352 ibid.
528 1324 655 1351 creatur
682 1326 810 1360 praetor
836 1330 888 1358 42,
911 1321 959 1351 28.
993 1330 1055 1350 sor-

423 1363 502 1393 titur
513 1363 766 1393 iurisdictionem
778 1362 862 1393 inter
873 1362 1056 1402 peregrinos

381 1446 419 1478 L.
427 1414 554 1477 3Villius
570 1447 754 1486 Tappulus,
767 1446 881 1477 aedilis
897 1446 1055 1485 plebeius,

420 1489 546 1528 aliquot
561 1493 724 1518 matronas
739 1488 847 1527 probri
859 1491 989 1518 accusat
1004 1495 1054 1526 25,

424 1541 452 1562 2.

379 1573 416 1603 L.
433 1572 554 1603 Villius
574 1572 757 1611 Tappulus,
781 1575 909 1611 praetor
932 1581 983 1611 31,
1002 1582 1052 1612 49.

421 1615 449 1645 ei
467 1614 573 1645 evenit
589 1615 736 1645 Sardinia
752 1623 804 1653 32,
823 1624 848 1645 1.

380 1657 418 1688 P.
432 1657 563 1695 Villius,
578 1657 651 1687 trib.
668 1657 712 1696 pl.
731 1666 761 1695 3,
779 1665 828 1696 54.

378 1700 416 1730 P.
440 1699 560 1729 Villius
590 1699 772 1738 Tappulus,
810 1709 850 1729 ex
887 1698 1053 1729 aedilitate

418 1742 549 1781 plebeia
564 1745 693 1781 praetor
711 1750 760 1782 29,
778 1741 826 1780 38.
859 1741 990 1771 sortitur
1005 1741 1052 1771 Si-

418 1784 526 1814 ciliam
550 1793 600 1823 30,
625 1793 650 1814 1.
685 1783 848 1814 decemvir
869 1783 952 1823 agris
975 1782 1052 1813 divi-

418 1826 536 1856 dundis
554 1835 608 1864 31,
624 1836 653 1863 4.
677 1835 740 1856 cos.
757 1836 807 1866 49.
839 1825 1052 1865 proficiscitur

414 1868 447 1898 in
464 1867 695 1898 Macedoniam
713 1877 764 1907 32,
780 1877 809 1906 3.
832 1868 913 1897 nihil
929 1877 1049 1898 memo-

412 1910 514 1941 rabile
538 1911 578 1940 ab
600 1920 637 1940 eo
655 1914 766 1940 actum
783 1908 812 1941 6.
845 1911 969 1949 legatus
991 1911 1050 1940 sub

414 1953 453 1984 T.
467 1952 624 1988 Quinctio
642 1952 690 1983 28.
715 1952 844 1982 iubetur
859 1963 926 1983 esse
942 1952 975 1982 in
991 1962 1048 1982 nu-

412 2005 500 2025 mero
517 1995 630 2025 decem
646 1995 838 2034 legatorum,
855 2005 894 2025 ex
911 2004 1046 2033 quorum

412 2037 546 2067 consilio
569 2037 659 2076 pacis
682 2038 768 2076 leges
785 2036 941 2076 Philippo
958 2037 1048 2067 daret

413 2079 451 2109 T.
467 2079 643 2115 Quinctius
664 2087 716 2117 33,
738 2088 788 2116 24.
821 2079 846 2108 11
869 2080 911 2109 ad
935 2078 1047 2109 Antio-

412 2121 510 2151 chum
527 2130 577 2160 35.
612 2121 680 2151 eius
702 2125 735 2151 et
758 2121 954 2161 collegarum
974 2131 1047 2151 con-

412 2173 537 2203 gressus
554 2173 627 2193 cum
643 2174 716 2203 rege
732 2172 772 2203 39
789 2168 821 2193 01
837 2173 887 2201 40.
920 2173 1047 2194 rursum

413 2205 553 2236 mittitur
574 2206 616 2235 ad
637 2206 836 2236 Antiochum
852 2214 905 2244 34,
922 2215 971 2246 59.
1003 2205 1045 2235 Ε-

414 2248 520 2278 laeam
551 2247 640 2278 venit
670 2256 722 2286 35,
756 2257 803 2287 13.
845 2248 1047 2287 congreditur

414 2300 488 2319 cum
506 2289 694 2320 Hannibale
715 2299 761 2327 14.
792 2300 866 2320 cum
883 2289 1045 2320 Antiocho

416 2339 462 2368 15.
488 2332 611 2370 legatus
625 2331 659 2361 in
676 2331 847 2362 Graeciam
866 2340 915 2369 23.
940 2334 1045 2360 1011131

412 2372 584 2411 Magnetas
600 2381 650 2412 39.

369 2414 408 2445 Ρ.
423 2413 544 2444 Villius
559 2423 655 2452 eques
672 2414 768 2443 Rom.
784 2413 920 2443 fulmine
936 2413 1043 2443 exani-

409 2459 517 2486 matur
533 2464 585 2494 33,
603 2454 652 2485 26.

369 2497 544 2528 Viminalis
560 2497 652 2527 collis
667 2496 796 2527 additus
811 2496 881 2527 urbi
897 2507 917 2527 a
932 2497 1042 2528 Servio

411 2540 522 2570 Tullio
543 2549 570 2576 1,
587 2550 637 2577 44.

369 2582 512 2613 Vincula
527 2582 668 2628 dempta
673 2582 799 2611 Rornae
817 2580 929 2611 vinctis
943 2581 977 2611 in
993 2591 1042 2612 ce-

410 2624 558 2655 lebiitate
574 2623 669 2662 prirni
687 2622 871 2653 lectisternii
888 2631 983 2662 5,13

368 2665 540 2698 Vindiciae
556 2665 930 2700 secundunrlibertatem
948 2674 977 2703 3,
991 2677 1041 2704 44.

368 2708 551 2745 Vindicius,
577 2717 695 2745 servus,
721 2707 973 2737 coniurationem
1000 2709 1041 2738 ad

409 2750 606 2780 revocandos
629 2759 718 2789 reges
744 2749 856 2779 initam
881 2749 987 2788 prodit
1012 2760 1040 2787 2,

410 2804 438 2830 4.
463 2791 491 2821 01
508 2791 645 2831 pecunia
661 2801 700 2821 ex
717 2791 849 2829 aerario,
865 2791 994 2822 libertas
1008 2796 1040 2822 et

410 2834 523 2865 civitas
544 2834 639 2864 datur
660 2841 687 2872 5.
723 2833 853 2872 quidam
881 2833 1040 2865 vindictae

411 2886 527 2907 nomen
543 2877 584 2906 ab
599 2875 656 2906 illo
672 2879 810 2906 tractum
829 2879 956 2915 putant,
972 2876 1013 2907 ib.

1154 442 1225 468 turn
1245 449 1294 477 10,
1317 449 1365 478 23.
1399 440 1433 470 in
1458 440 1602 471 Galliam
1624 441 1790 472 invectum

1153 463 1337 512 illiciendae
1352 483 1456 521 gentis
1472 493 1570 513 causa
1585 490 1616 522 5,
1632 492 1683 522 33.

1113 522 1174 552 Vir
1197 523 1301 553 virum
1324 524 1432 562 legens
1453 534 1484 565 9,
1502 535 1550 565 39.
1579 535 1628 562 10,
1644 526 1695 563 38.
1731 523 1789 555 viri

1153 564 1282 594 maioris
1297 566 1430 612 species,
1446 576 1543 613 quam
1566 577 1624 614 pro
1645 567 1788 597 humano

1152 605 1277 640 habitu,
1293 607 1547 646 augustiorisque
1568 609 1603 638 in
1618 609 1727 648 quiete
1743 608 1788 639 vi-

1152 656 1187 676 sa
1213 648 1340 686 utrique
1367 648 1491 678 consuli
1519 649 1549 686 8,
1577 649 1607 680 6.
1648 651 1787 681 virorum

1151 698 1247 719 omne
1268 700 1370 729 genus
1391 690 1425 720 in
1447 690 1553 721 insula
1570 691 1694 722 Lemno
1712 702 1787 723 con-

1150 730 1308 762 iuratione
1331 732 1480 762 muliebri
1503 733 1667 763 sublatum
1688 743 1773 772 34,2
1777 757 1786 765 .

1152 772 1289 803 virorum
1317 774 1401 804 inter
1427 784 1460 805 se
1490 775 1584 814 plura
1612 779 1724 814 stupra
1751 775 1786 806 in

1150 814 1422 855 Bacchanalibus,
1457 826 1555 856 quam
1592 817 1786 848 feminarum

1150 865 1202 897 39,
1222 866 1270 896 13·

1107 898 1209 939 Virga
1232 900 1502 931 circumscribitur
1523 900 1705 932 Antiochus
1726 911 1785 932 rex

1148 951 1168 971 a
1200 942 1355 981 Popillio,
1391 943 1497 982 legato
1527 944 1626 975 Rom.
1653 951 1705 982 45,
1735 953 1783 975 12.

1149 983 1237 1023 virga
1262 984 1356 1014 lictor
1383 985 1532 1024 Sulpicii,
1556 985 1676 1015 tribuni
1700 985 1784 1016 mili-

1147 1029 1218 1055 tum
1243 1026 1377 1057 domum
1400 1027 1561 1065 intrantis,
1583 1027 1684 1058 forem
1711 1037 1782 1067 per-

1148 1068 1227 1098 cutit
1244 1067 1275 1105 6,
1292 1078 1342 1108 34.
1376 1069 1470 1109 virgis
1486 1069 1579 1100 caedi
1595 1069 1699 1100 civem
1715 1070 1782 1100 Ro-

1145 1120 1278 1140 manum
1309 1110 1411 1141 vetuit
1441 1111 1494 1141 lex
1525 1111 1642 1142 Porcia
1674 1120 1724 1149 10,
1750 1121 1781 1152 9.

1146 1152 1240 1192 xirgis
1271 1153 1354 1184 caesi
1385 1157 1418 1183 et
1447 1154 1549 1183 securi
1578 1153 1720 1193 percussi
1746 1154 1781 1184 in

1145 1195 1252 1225 medio
1282 1195 1350 1225 foro
1380 1195 1517 1226 trecenti
1547 1195 1781 1235 quinquaginta

1144 1240 1217 1267 octo
1241 1237 1357 1267 delecti
1383 1237 1508 1268 nobiles
1531 1237 1780 1277 Tarquinienses

1147 1285 1175 1317 7,
1199 1289 1246 1320 19.
1286 1280 1379 1318 virgis
1403 1289 1470 1310 sese
1497 1280 1638 1310 caedunt
1663 1283 1778 1310 mutuo

1143 1320 1275 1358 quidam
1308 1321 1515 1351 Lucanorum
1551 1321 1585 1351 in
1622 1321 1778 1352 invidiam

1143 1362 1367 1393 Romanorum
1383 1364 1414 1400 8,
1432 1370 1481 1401 27.

1101 1404 1259 1443 Virginia,
1285 1405 1363 1435 Auli
1391 1405 1469 1442 filia,
1499 1404 1646 1444 patricia,
1674 1408 1778 1445 nupta

1143 1446 1332 1484 Volumnio,
1356 1446 1480 1477 consuli
1506 1447 1633 1486 plebeio
1654 1457 1703 1485 10,
1726 1456 1776 1486 23.

1141 1489 1273 1519 exclusa
1296 1488 1391 1519 sacris
1415 1489 1597 1519 Pudicitiae
1620 1489 1776 1528 patriciae

1139 1540 1161 1560 a
1182 1531 1337 1561 matronis
1359 1531 1513 1570 patriciis,
1536 1531 1664 1562 dedicat
1685 1541 1776 1562 aram

1142 1573 1322 1603 Pudicitiae
1338 1573 1496 1612 plebeiae,
1511 1573 1589 1605 ibid.

1099 1614 1265 1654 Virginiae
1287 1615 1401 1645 infelix
1416 1615 1530 1653 forma,
1545 1625 1632 1646 mors
1646 1615 1774 1647 misera-

1140 1657 1223 1695 bilis,
1240 1660 1271 1687 et
1286 1657 1368 1687 ultio
1385 1666 1415 1696 3,
1431 1657 1557 1696 44—48
1573 1661 1606 1688 et
1622 1658 1672 1696 58.

1097 1698 1137 1730 A.
1152 1699 1327 1739 Virginius,
1349 1710 1411 1730 cos.
1429 1709 1458 1737 2,
1476 1700 1524 1730 28.
1560 1703 1672 1730 contra
1694 1700 1773 1730 Vol-

1140 1751 1209 1772 scos
1251 1741 1474 1781 proficiscitur,
1512 1752 1631 1781 eosque
1666 1742 1774 1773 fundit

1140 1794 1190 1823 30.

1095 1826 1136 1857 A.
1150 1825 1325 1865 Virginius,
1342 1836 1403 1857 cos.
1421 1835 1449 1864 2,
1465 1834 1515 1865 51.

1096 1868 1135 1899 A.
1148 1868 1323 1908 Virginius,
1347 1878 1410 1899 cos.
1434 1878 1464 1906 2,
1484 1867 1535 1906 63.
1573 1871 1685 1899 eontra
1708 1869 1771 1900 Ae-

1136 1920 1218 1949 quos
1233 1910 1456 1950 proficiscitur,
1471 1910 1549 1941 ibid.

1094 1953 1134 1984 A.
1150 1952 1326 1993 Virginius,
1346 1952 1494 1983 triumvir
1514 1962 1589 1992 agro
1612 1952 1720 1983 dando
1738 1961 1770 1992 3,

1140 2004 1166 2025 1.

1093 2037 1134 2068 A.
1148 2037 1322 2076 Virginius,
1343 2036 1414 2068 trib.
1438 2037 1483 2076 pl.
1505 2036 1644 2068 Caesoni
1665 2035 1768 2072 Quin-

1135 2079 1199 2109 ctio
1212 2079 1326 2119 capitis
1336 2079 1421 2110 diem
1435 2079 1525 2117 dicit,
1534 2079 1622 2109 unde
1633 2088 1769 2118 magnae

1134 2121 1356 2152 contentiones
1372 2131 1402 2160 3,
1421 2130 1553 2160 11-13,

1091 2164 1131 2195 A.
1146 2164 1321 2203 Virginius,
1339 2167 1510 2203 postquam
1531 2162 1699 2192 tribunatu
1720 2163 1766 2202 pl.

1133 2206 1266 2243 abierat,
1292 2209 1471 2241 accusatur,
1494 2207 1526 2234 et
1552 2204 1643 2234 denis
1669 2204 1766 2234 milli-

1132 2248 1192 2277 bus
1223 2247 1327 2286 gravis
1361 2247 1442 2276 aeris
1472 2246 1706 2276 condemnatur
1735 2254 1766 2286 5,

1136 2298 1182 2328 29.

1091 2331 1127 2360 L.
1143 2329 1318 2368 Virginius,
1346 2330 1512 2370 Virginiae
1538 2333 1632 2369 pater
1658 2339 1689 2369 3,
1713 2341 1764 2369 44.

1131 2371 1198 2401 eius
1213 2372 1253 2401 de
1274 2372 1341 2402 filia
1365 2382 1438 2402 cum
1454 2373 1518 2411 Ap.
1535 2372 1674 2404 Claudio
1690 2382 1764 2403 con-

1131 2413 1232 2444 tentio
1249 2421 1298 2452 47.
1333 2413 1434 2444 filiam
1458 2424 1549 2444 suam
1573 2414 1691 2444 occidit
1711 2415 1762 2452 48.

1131 2459 1200 2485 orta
1220 2455 1295 2486 inde
1319 2456 1495 2486 certamina
1514 2456 1548 2486 in
1562 2457 1641 2486 urbe
1657 2466 1706 2496 49.
1731 2460 1763 2487 et

1130 2501 1238 2528 motus
1259 2498 1292 2528 in
1317 2498 1427 2528 castris
1446 2506 1495 2537 50.
1530 2498 1698 2528 consilium
1721 2499 1763 2528 ab

1129 2550 1167 2570 eo
1202 2540 1361 2570 militibus
1393 2541 1517 2577 datum,
1546 2540 1587 2570 de
1617 2540 1762 2571 creandis

1129 2582 1241 2612 decem
1257 2581 1392 2612 tribunis
1407 2581 1560 2619 militum,
1574 2591 1711 2620 quorum
1727 2582 1761 2613 in

1128 2634 1263 2654 numero
1293 2634 1361 2655 esse
1389 2627 1516 2654 recusat
1543 2631 1593 2661 51.
1635 2627 1762 2654 creatur

1128 2666 1276 2696 tribunus
1294 2667 1338 2705 pl.
1357 2674 1406 2704 54.
1438 2665 1548 2705 Appio
1571 2664 1658 2696 diem
1681 2666 1761 2696 dicit

1129 2707 1179 2746 56.
1211 2712 1243 2737 01
1258 2718 1331 2738 euru
1348 2708 1380 2737 in
1397 2717 1557 2737 carcerem
1576 2707 1650 2737 duci
1670 2707 1760 2739 iubet

1128 2757 1178 2788 57.
1212 2749 1346 2780 remittit
1370 2750 1519 2780 ultimam
1545 2759 1684 2789 poenam
1709 2750 1758 2782 M.

1127 2792 1278 2829 Claudio,
1293 2791 1439 2822 assertori
1457 2791 1621 2831 Virginiae
1637 2792 1688 2830 58.

1085 2833 1122 2864 L.
1138 2833 1312 2873 Virginius,
1329 2844 1392 2865 cos.
1407 2845 1438 2872 4,
1457 2843 1505 2864 21.
1531 2833 1648 2864 iterum
1665 2842 1715 2872 23.

1085 2876 1121 2907 L.
1136 2875 1310 2916 Virginius,
1335 2876 1406 2906 trib.
1431 2876 1525 2907 milit.
1549 2885 1612 2907 cos.
1635 2879 1702 2915 pot.
1726 2883 1757 2915 5,
