1888 3194
555 163 682 206 LIB.
716 161 857 203 XLV.
903 161 1050 203 CAP.
1089 165 1152 205 17.
1469 167 1548 206 189

154 264 309 297 statum
343 254 471 296 alium
503 268 558 295 ex
593 268 724 309 regno
757 251 994 294 formandas
1026 251 1370 308 composuissent.
1435 254 1550 295 Con·
1566 258 1608 291 U.
1625 258 1664 290 C.
1686 258 1760 298 585·

154 312 312 354 sulibus
351 311 473 352 Pisae
513 319 557 352 et
598 310 738 352 Gallia
777 309 970 351 decretae
1016 324 1114 351 cum
1159 308 1269 350 binis
1314 308 1550 364 legionibus
1563 302 1603 333 A.
1627 301 1666 333 C.
1691 299 1762 339 ¹⁶⁷·

124 370 334 425 3quinum
373 367 552 409 millium
586 367 793 424 peditum,
831 376 874 408 et
913 367 1107 423 equiturn
1147 364 1547 422 quadringenorum.

155 426 402 468 Praetorum
438 436 569 467 sortes
603 425 734 474 fuere,
780 424 833 473 Q.
860 423 997 466 Cassii
1042 424 1214 472 urbana,
1257 422 1331 464 M’.
1367 422 1552 464 Iuventii

156 482 346 524 Thalnae
397 482 508 524 inter
555 482 811 538 peregrinos,
853 481 920 523 Ti.
947 480 1117 522 Claudii
1162 480 1348 521 Neronis
1396 479 1550 529 Sicilia,

158 539 240 582 Cn.
258 539 395 581 Fulvii
427 539 637 596 Hispania
671 539 854 588 citerior,
895 537 945 580 C.
971 537 1128 579 Licinii
1165 537 1333 579 Nervae
1365 536 1549 578 ulterior.

156 596 210 639 A.
230 596 395 638 Manlio
428 597 646 653 Torquato
678 596 871 638 Sardinia
906 596 1146 637 obvenerat.
1211 593 1393 650 Nequiit
1417 594 1476 635 ire
1507 594 1554 634 in

156 654 429 712 provinciam,
451 654 506 695 ad
526 669 591 696 res
611 653 811 710 capitales
832 652 1094 709 quaerendas
1114 667 1168 693 ex
1190 650 1553 693 senatusconsulto

157 720 357 754 retentus.

215 768 284 810 De
324 768 527 825 prodigiis
567 768 722 810 deinde
763 768 968 809 nuntiatis
1012 776 1182 809 senatus
1222 776 1285 809 est
1324 766 1550 809 consultus.
1567 775 1729 816 Prodigia.

157 826 301 868 Aedes
321 826 449 868 deum
470 826 694 868 Penatium
717 826 761 866 in
783 825 908 866 Velia
928 825 980 866 de
1003 825 1121 866 coelo
1150 834 1260 866 tacta
1289 835 1403 866 erat:
1438 833 1480 865 et
1509 824 1552 864 in

157 883 314 941 oppido
337 883 550 925 Minervio
571 883 679 924 duae
700 893 844 939 portae
867 892 909 924 et
934 883 1042 923 muri
1069 882 1344 938 aliquantum.
1408 884 1555 938 Anag-

157 941 252 982 niae
284 951 393 983 terra
422 940 613 998 pluerat3
647 950 689 981 et
719 940 900 981 Lanuvii
931 940 999 980 fax
1031 940 1075 980 in
1106 939 1224 981 coelo
1255 939 1341 980 visa
1368 948 1480 987 erat3
1512 946 1556 980 et

127 998 351 1043 4Calatiae
382 998 426 1039 in
454 998 623 1054 publico
651 1013 750 1054 agro
780 996 842 1038 M.
860 996 1054 1038 Valerius
1082 997 1183 1037 civis
1206 996 1424 1038 Romanus
1445 1011 1555 1037 nun·

158 1055 288 1102 tiabat
314 1070 367 1097 ex
395 1055 488 1096 foco
515 1070 591 1096 suo
617 1054 865 1110 sanguinem
895 1069 971 1110 per
999 1053 1186 1094 triduum
1212 1063 1255 1095 et
1279 1054 1384 1095 duas
1411 1062 1556 1095 noctes

157 1127 358 1155 manasse.
423 1111 492 1154 Ob
513 1111 557 1152 id
579 1111 759 1152 maxime
781 1110 1006 1152 decemviri
1035 1110 1161 1151 libros
1186 1110 1300 1151 adire
1322 1111 1434 1160 iussi,
1457 1125 1556 1166 sup-

157 1169 427 1227 plicationem
458 1169 503 1210 in
531 1168 644 1210 diem
673 1183 806 1209 unum
834 1167 992 1224 populo
1019 1167 1258 1216 edixerunt,
1281 1177 1323 1208 et
1344 1168 1557 1223 quinqua-

156 1227 274 1284 ginta
305 1226 440 1282 capris
472 1226 516 1266 in
545 1225 634 1267 foro
664 1226 1011 1267 sacrificaverunt.
1077 1224 1133 1265 Et
1163 1224 1339 1266 aliorum
1369 1225 1556 1281 prodigi-

157 1298 278 1327 orum
295 1299 418 1325 causa
434 1283 544 1325 diem
564 1283 743 1324 alterum
760 1278 1011 1339 supplicatio
1032 1281 1143 1323 circa
1162 1282 1303 1324 omnia
1322 1281 1558 1338 pulvinaria

126 1341 249 1391 §fuit,
272 1349 315 1383 et
341 1340 488 1382 hostiis
519 1340 746 1382 maioribus
776 1340 1054 1382 sacrificatum
1083 1348 1157 1389 est,
1179 1348 1223 1381 et
1247 1340 1346 1381 urbs
1369 1338 1554 1381 lustrata.

159 1398 280 1448 Inde,
302 1398 419 1455 quod
439 1397 492 1439 ad
513 1398 717 1440 honorem
737 1397 866 1439 deum
892 1396 1190 1438 immortalium
1215 1397 1460 1453 pertineret,
1483 1396 1558 1438 de-

158 1456 290 1498 crevit
320 1465 501 1506 senatuS,
535 1461 546 1479 ‘
564 1455 638 1506 Ut,
660 1455 861 1512 quoniam
893 1453 1131 1511 perduelles
1160 1454 1355 1510 superati,
1379 1454 1558 1496 Perseus

160 1519 232 1556 ‘et
265 1513 447 1555 Gentius
479 1528 598 1569 reges
631 1528 727 1554 cum
757 1512 1012 1554 Macedonia
1044 1521 1171 1568 atque
1205 1511 1375 1569 Illyrico
1407 1512 1452 1552 in
1482 1527 1558 1568 po-

161 1576 337 1612 ‘testate
387 1570 532 1627 populi
575 1570 759 1612 Romani
799 1578 950 1619 essent,
992 1578 1051 1619 ut,
1098 1578 1259 1625 quanta
1303 1569 1428 1619 dona,
1470 1571 1555 1625 Ap.

162 1627 389 1677 ‘Claudio,
424 1627 486 1669 M.
509 1627 758 1684 Sempronio
791 1627 1045 1676 consulibus,
1071 1627 1124 1668 ob
1157 1626 1371 1668 devictum
1404 1626 1559 1668 Antio-

163 1684 319 1727 ‘chum
349 1700 491 1742 regern
523 1685 621 1726 data
648 1684 702 1725 ad
735 1684 877 1725 omnia
906 1683 1141 1740 pulvinaria
1170 1692 1321 1733 essent,
1351 1692 1467 1725 tanta
1501 1683 1557 1732 Q.

163 1749 175 1768 ‘
194 1742 365 1785 Cassius
386 1752 429 1784 ct
450 1742 524 1784 M’.
545 1742 764 1784 Iuventius
784 1751 995 1798 praetores
1016 1750 1210 1782 curarent
1231 1740 1396 1782 danda)

221 1800 403 1857 Legatos
443 1800 612 1849 deinde,
646 1814 825 1855 quorum
863 1798 915 1840 de
956 1798 1166 1840 sententia
1201 1798 1470 1854 imperatores
1506 1798 1556 1840 L.
1641 1798 1705 1838 17.

130 1857 349 1907 6Paullus‚
382 1857 431 1898 L.
450 1858 629 1898 Anicius
662 1865 965 1913 componerent
996 1871 1073 1905 reS,
1102 1856 1380 1897 decreverunt
1411 1855 1558 1897 decem
1574 1853 1686 1893 Legati
1703 1854 1747 1902 in.

163 1916 207 1957 in
236 1914 548 1964 Macedoniam,
582 1914 772 1970 quinque
806 1914 850 1954 in
884 1913 934 1954 Ill
968 1913 1112 1954 ricum.
1175 1912 1225 1953 In
1261 1912 1558 1955 Macedoniam
1572 1897 1772 1979 ξᾷῗζῖᾱῖἷῦ,

162 1982 260 2014 sunt
281 1971 324 2013 hi
346 1972 565 2021 nominati,
590 1973 642 2012 A.
659 1971 902 2012 Postumius
964 1985 1099 2019 uscuS,
1126 1969 1176 2011 C.
1195 1969 1413 2019 Claudius,
1436 1971 1560 2012 ambo
1573 1981 1685 2012 ricum.

163 2030 354 2079 censorii,
386 2028 437 2071 C.
458 2029 649 2070 Licinius
679 2028 868 2078 Crassus,
891 2027 1052 2084 collega
1079 2028 1123 2068 in
1151 2027 1372 2068 consulatu
1394 2027 1559 2076 Paulli;

164 2097 253 2129 tum
276 2095 497 2144 prorogato
525 2086 702 2143 imperio
722 2085 988 2184 provinciam
1014 2084 1197 2126 Galliam
1225 2084 1417 2126 habebat.
1482 2084 1562 2126 His

164 2144 451 2187 consularibus
483 2143 685 2185 addidere
743 2143 803 2184 ln.
824 2142 1062 2184 Domitium
1094 2142 1440 2192 Ahenobarbum,
1473 2141 1560 2184 Ser.

168 2201 416 2244 Cornelium
452 2201 624 2251 Sullam,
662 2201 711 2242 L.
736 2200 922 2250 Iunium,
962 2199 1012 2242 C.
1034 2199 1267 2241 Antistium
1305 2199 1562 2250 Labeonem,

166 2259 218 2301 T.
243 2258 488 2300 Numisium
530 2258 616 2300 Tar
649 2258 897 2307 uinienscm,
941 2257 994 2298 A.
1025 2257 1276 2298 Terentium
1312 2256 1561 2299 Varronem.

167 2315 219 2358 In
236 2315 450 2381 Illyricum
473 2274 681 2358 autem(lii
704 2315 922 2364 nominati,
941 2314 988 2356 P.
1003 2314 1151 2356 Aelius
1169 2314 1300 2371 Ligus
1321 2314 1563 2364 consularis,

169 2373 220 2416 C.
243 2373 470 2424 C1cereius,
494 2383 536 2415 et
564 2373 645 2415 Cn.
667 2373 851 2414 Baebius
877 2371 1140 2429 Tamphilus,
1163 2371 1252 2428 (hic
1277 2372 1414 2429 priore
1437 2387 1563 2420 anno,

211 2539 229 2570 3
254 2531 398 2568 Quinum
416 2532 568 2570 millium]
589 2531 771 2562 Numerum
789 2530 843 2560 ad·
891 2529 973 2560 lonis
995 2540 1013 2560 a
1035 2529 1230 2560 censoribus.
1278 2530 1325 2560 M.
1341 2528 1504 2565 Valerius,
1525 2529 1565 2559 de

168 2573 248 2604 didit
274 2573 570 2609 Dmkenborcluius‚
586 2573 639 2613 qui
663 2583 720 2613 pro
745 2574 844 2614 quad·
889 2582 953 2611 quo
981 2572 1033 2602 hic
1060 2573 1176 2611 agitur,
1207 2582 1290 2602 unus
1318 2572 1467 2602 videlicet
1498 2576 1566 2601 erut

170 2617 384 2656 rinyentenis,
399 2616 484 2655 quod
504 2616 599 2655 vulgo
616 2621 733 2651 exstat,
746 2617 845 2656 quad·
892 2625 931 2645 cx
966 2615 1004 2645 iifl
1037 2615 1091 2654 qui
1126 2615 1268 2653 aliquam
1309 2619 1432 2654 partem
1472 2614 1567 2644 huius

169 2660 377 2698 rinyenorum
389 2659 553 2689 emendat.
565 2657 842 2698 ct'.supr.xxii.36.
893 2657 1014 2697 publici
1031 2657 1095 2696 agri
1113 2658 1345 2687 conduxerant.
1369 2659 1477 2688 Cui-tv.

214 2712 233 2738 4
250 2701 397 2732 Calatiae
414 2702 447 2730 in
463 2702 591 2741 publico
606 2712 684 2740 asyro
696 2702 747 2731 M.
759 2702 846 2732 Vale·
936 2709 953 2740 5
975 2701 1057 2731 l'rbs
1072 2698 1228 2738 lustrata]
1252 2699 1453 2729 Amburbiuli
1467 2708 1567 2735 sacro,

171 2743 242 2773 rius
258 2744 337 2773 cinit
353 2744 518 2774 Romanus
534 2744 709 2773 muatiubut
725 2745 848 2782 exsoco
892 2743 933 2773 de
949 2753 1013 2782 quo
1029 2752 1114 2782 supr.
1132 2742 1198 2773 xxi.
1215 2741 1266 2773 62.
1283 2747 1313 2772 et
1332 2742 1408 2772 xxii.
1425 2740 1475 2772 60.

171 2786 246 2823 σιω]
281 2786 411 2816 Calatia
437 2792 505 2816 erat
536 2786 610 2816 urbs
637 2786 850 2825 Campaniae,
937 2784 957 2815 6
981 2786 1096 2815 Decem
1118 2786 1153 2815 ιἰι
1176 2785 1418 2822 Macedoniam]
1447 2785 1489 2813 At
1514 2793 1568 2812 no-

174 2826 264 2857 cuiun
275 2829 645 2867 ager.quemadmodum
660 2833 691 2858 et
703 2829 850 2868 Capuae,
896 2837 966 2858 vem
987 2832 1113 2857 tantum
1135 2827 1351 2858 nominantur.
1400 2825 1568 2856 lntercidit

177 2868 325 2908 publicus
335 2869 441 2901 sactus
452 2871 555 2901 fuerat
570 2871 682 2910 populi
698 2870 848 2902 Romani.
895 2879 994 2900 unum
1023 2880 1154 2906 nomen,
1178 2870 1262 2908 quod
1294 2869 1359 2899 Iac.
1386 2867 1569 2898 Gronovius

179 2909 212 2941 ln
232 2910 327 2950 igitur
346 2921 421 2951 ager
436 2913 589 2944 fruendus
610 2914 777 2944 Iocabatur
799 2923 849 2943 co-
895 2912 1075 2953 anapia-ntur
1089 2923 1156 2943 csse
1174 2914 1217 2948 Q.
1236 2911 1350 2942 Marcii
1370 2908 1525 2948 Philippi.
