1888 3194
394 192 477 230 514
678 186 1029 229 VARIETAS
1072 184 1505 228 LECTIONUM

393 278 502 319 citer
542 284 712 334 quarta.
735 304 790 309 --
813 277 922 319 Ibid.
965 276 1201 330 traherent]
1244 277 1475 318 tr.ahentes
1492 275 1672 330 ——Cap.
1714 275 1785 316 41.

393 335 711 390 chalcaspides]
747 335 1015 390 aglaspideS.
1031 334 1211 374 ——Ibid.
1248 334 1498 388 elephantos
1529 333 1708 381 inducit,
1745 337 1789 373 et

393 393 490 433 alas
505 392 735 445 sociorum]
759 392 1005 447 elephantes
1021 391 1197 438 inducti,
1218 396 1260 431 et
1276 392 1350 431 ala
1365 391 1589 431 sociorum.
1603 413 1662 420 --
1674 388 1785 430 Ibid.

395 449 739 503 quemadmodum
780 447 959 503 agatur]
1005 448 1350 502 quemadmodum
1391 453 1589 502 agantur.
1612 470 1663 475 —
1679 445 1785 499 Cap.

391 507 462 546 42
499 506 718 559 corffestim
749 519 820 545 eos
854 505 951 545 Cot
936 504 1005 559 js]
1040 504 1261 557 confestim
1287 503 1503 544 Costocus.
1518 503 1698 544 -Ibid.
1732 516 1789 543 ex

380 562 521 617 fuga]
559 562 697 617 efug
699 577 740 602 a.
756 561 934 614 —Cap.
969 561 1038 600 43.
1071 559 1270 612 devertit]
1305 560 1489 601 dit-mit.
1506 560 1687 612 ——Cap.
1717 559 1787 600 45.

393 618 573 672 Medon]
607 619 735 659 uilo.
754 616 938 657 —Ibid.
962 616 1153 669 Beroea]
1180 616 1406 656 Beroeam.
1423 615 1606 657 -—Ibid.
1629 617 1789 657 Roma-

394 675 459 715 nis
475 689 520 715 se
538 674 711 727 dedunt]
735 674 946 714 Romanis
967 674 1137 713 dedunt.
1151 672 1331 712 —Ibid.
1356 673 1436 713 alii
1456 673 1658 728 deinceps
1679 678 1790 713 metu

386 730 599 795 perculsi]
617 731 732 770 aliae
750 730 950 784 deinceps
964 735 1074 769 metu
1083 729 1330 783 perculsae.
1345 753 1403 758 —
1419 729 1526 769 Ibid.
1542 730 1598 770 ab
1612 727 1788 782 castris]

395 802 423 827 a
460 793 578 827 casti
581 801 631 827 18
650 786 834 826 —Ibid.
873 784 1056 838 Bledon]
1093 785 1220 826 Milo.
1238 785 1425 825 —Ibid.
1461 786 1533 839 qui
1561 785 1790 840 praesidio

386 842 617 907 praeerat]
651 842 724 897 qui
747 843 980 897 praesidio
1009 857 1056 882 e]
1059 848 1118 882 at
1136 841 1320 882 —Ibid.
1344 842 1442 882 inde
1464 843 1627 882 domum
1653 856 1701 882 se
1726 856 1792 882 re-

395 899 526 954 cepit]
551 900 593 940 in
614 900 776 939 domum
798 914 843 939 se
864 899 1041 954 recepit.
1060 922 1117 927 —-
1134 898 1241 953 Cap.
1265 899 1335 939 46.
1360 897 1544 952 obuiam]
1568 899 1708 939 obvia.

455 956 555 996 LIB.
580 955 724 997 XLV.
760 955 867 1009 Cap.
896 957 928 995 l.
951 954 1250 1010 praeceptam]
1268 962 1585 1010 31111666131111111.
1602 954 1789 996 —Ibid.
1799 979 1805 982 ⁴

394 1012 594 1065 increvit]
613 1013 859 1053 1116νκ3ῖ111111ι
875 1012 1057 1053 —Ibid.
1076 1012 1236 1064 editur]
1260 1012 1462 1053 traditur.
1476 1011 1656 1053 —Ibid.
1673 1012 1792 1067 quin-

395 1076 480 1110 tum
501 1069 724 1122 decimum]
748 1070 964 1110 decimum.
982 1095 1038 1100 —
1056 1069 1166 1109 Ibid.
1191 1068 1352 1122 domos]
1375 1070 1532 1109 domus.
1564 1069 1712 1122 —Cap
1686 1084 1726 1122 p.
1750 1070 1788 1108 2.

396 1133 436 1167 et
457 1126 687 1181 ingentem]
718 1126 944 1180 ingentem.
963 1125 1147 1166 —IbicL
1171 1125 1276 1178 iere]
1310 1126 1387 1166 ire.
1403 1125 1588 1166 —lbid.
1602 1124 1789 1180 populo]

387 1183 556 1238 populi.
576 1206 630 1212 -—
646 1182 751 1236 Cap.
775 1184 814 1223 3.
839 1183 930 1223 sine
952 1181 1174 1235 dilatione]
1198 1188 1243 1222 ut
1264 1182 1464 1223 Latinae.
1481 1206 1540 1212 —-
1556 1182 1668 1223 Ibid.
1690 1196 1792 1222 non-

395 1241 491 1280 dum
516 1238 732 1292 dimissos]
765 1240 941 1280 nondum
971 1240 1132 1279 missos.
1151 1239 1336 1279 —Ibid.
1365 1238 1610 1293 Agepolim]
1634 1238 1793 1294 Agesi-

389 1296 539 1351 polim.
565 1319 617 1326 ·—
639 1296 749 1336 Ibid.
784 1295 1019 1349 audierint]
1053 1296 1266 1336 audirent.
1288 1295 1471 1348 —Cap.
1501 1296 1541 1336 4.
1574 1294 1789 1348 tendente]

395 1353 681 1393 contendente.
699 1352 878 1406 —Cap.
912 1353 952 1393 5.
978 1352 1120 1407 pollui
1153 1367 1243 1392 eam
1279 1351 1494 1392 homicida
1525 1353 1550 1377 ἦε
1581 1352 1792 1417 sanguine

395 1409 515 1464 regis
537 1410 742 1450 Eumenis
763 1409 957 1462 violavit]
973 1409 1187 1463 pollutam
1208 1408 1420 1448 homicida
1441 1409 1651 1463 sanguine
1671 1408 1792 1464 regis

396 1466 602 1506 Eumenis
653 1466 839 1506 violavit.
857 1466 1041 1505 —Ibid.
1087 1471 1285 1505 sevocato
1334 1464 1563 1518 Euandro]
1614 1471 1791 1506 evocato

397 1522 823 1563 Euandro.—Ibid.
854 1522 1032 1576 Reliqui
1064 1521 1169 1574 quid
1199 1520 1310 1574 esse]
1345 1521 1503 1575 reliqui
1534 1521 1650 1576 quid„
1663 1527 1788 1563 esset.

395 1602 452 1607 —
474 1578 579 1633 Cap.
604 1580 642 1619 6.
676 1593 801 1633 91111111
821 1579 1011 1633 pecunia
1028 1577 1301 1632 deferretur]
1329 1578 1425 1618 dum
1438 1578 1628 1633 pecunia
1650 1578 1792 1632 defer-

396 1641 528 1676 retur.
545 1634 726 1675 ——Ibid.
758 1650 812 1675 ex
827 1635 961 1689 filiis]
993 1650 1015 1675 e
1031 1635 1162 1689 filiis.
1179 1659 1236 1663 -—
1253 1634 1365 1675 Ibid.
1390 1649 1566 1689 quorum
1593 1635 1792 1690 templum

398 1691 512 1746 erat]
547 1706 722 1747 quorum
754 1692 799 1732 in
830 1693 984 1746 templo
1018 1697 1154 1732 erant.
1172 1691 1350 1744 ——Cap.
1381 1693 1419 1732 7.
1454 1697 1552 1732 tunc
1578 1691 1788 1745 accessio]

396 1754 495 1789 tunc
545 1763 712 1803 quoque
761 1750 966 1789 accessio.
990 1772 1047 1776 —-
1068 1747 1180 1788 Ibid.
1230 1748 1358 1788 Pullo
1408 1748 1588 1789 amictus
1638 1749 1663 1774 ³¹³
1713 1748 1791 1789 illo

396 1804 526 1845 Pullo
576 1805 756 1846 amictus
805 1805 894 1846 illo.
917 1829 973 1834 —
994 1804 1106 1845 Ibid.
1154 1806 1284 1845 donec
1329 1820 1357 1845 a
1402 1805 1574 1845 consule
1616 1804 1792 1846 lictores

396 1861 516 1902 missi
547 1868 700 1911 essent,
735 1862 808 1916 qui
843 1867 1047 1902 summoto
1078 1862 1161 1902 iter
1191 1863 1252 1902 ad
1275 1862 1546 1916 praetorium
1562 1860 1789 1915 facerent]

396 1919 529 1959 donec
570 1919 718 1959 consul
751 1919 924 1960 lictores
959 1918 1160 1967 misisset,
1195 1919 1268 1972 qui
1301 1919 1582 1959 submovendo
1617 1918 1702 1959 iter
1732 1919 1795 1959 ad

388 1975 659 2029 praetorium
666 1975 887 2029 facerent.
905 1999 962 2003 ——
979 1975 1084 2029 Cap.
1104 1976 1143 2015 8.
1159 1975 1480 2030 percunctatio]
1497 1974 1788 2029 percontatio.

394 2055 452 2059 —
468 2031 580 2072 Ibid.
602 2032 683 2072 vim
705 2033 748 2072 in
770 2031 896 2085 bello]
919 2032 1000 2072 vim
1022 2032 1142 2073 bello.
1157 2031 1338 2072 —Ibid.
1362 2037 1401 2071 et
1414 2030 1692 2086 populorum]
1709 2046 1792 2086 po-

385 2088 796 2141 pulorum.——Ibid.
829 2103 965 2143 neque
995 2088 1228 2142 prospera]
1261 2103 1337 2128 nec
1364 2102 1660 2143 prospera.——
1681 2087 1789 2141 Cap.

393 2144 435 2184 9.
459 2150 670 2185 terrarum
693 2144 1011 2197 ultimosfines]
1045 2151 1257 2185 terrarum
1286 2144 1457 2184 ultimus
1470 2143 1591 2198 finis.
1607 2143 1787 2184 -lbid.

395 2200 637 2241 lacerantes
676 2201 767 2241 suis
807 2200 986 2253 viribus]
1029 2201 1273 2241 lacerantes
1313 2199 1685 2254 viribus.—Cap.
1722 2200 1788 2242 lO.

400 2256 737 2309 Cassandream]
777 2257 1154 2297 Cassandriam.-
1177 2256 1289 2297 Ibid.
1323 2257 1362 2297 si
1394 2271 1445 2297 ea
1480 2271 1595 2297 mens
1621 2257 1790 2311 populo

380 2311 526 2366 foret]
559 2313 598 2352 si
629 2318 768 2353 tamen
794 2313 955 2367 populo
971 2312 1311 2366 foret.——Ibid.
1343 2314 1459 2367 quod
1482 2313 1789 2354 multitudinem

395 2383 513 2408 noxa
535 2368 725 2421 levabat]
749 2369 864 2423 quod
883 2369 1166 2409 multitudinis
1193 2384 1350 2410 noxam
1379 2369 1786 2411 elevabat.—Ibid.

395 2424 682 2479 nequaquam]
734 2439 1000 2479 nequaquam
1047 2431 1199 2467 tamen.
1217 2450 1274 2454 -
1290 2426 1402 2467 Ibid.
1444 2425 1786 2480 Alexandream]

395 2480 918 2535 Alexandriam—Cap.
953 2483 1015 2521 11.
1049 2482 1266 2523 moenibus
1299 2481 1640 2535 Alexandreae]
1678 2497 1787 2523 moe-

394 2537 518 2578 nibus
558 2536 1067 2591 Alexandriae.——Cap.
1105 2539 1168 2579 12.
1210 2537 1550 2591 Alexandream]
1592 2537 1788 2579 Alexan-

394 2594 545 2634 driam.
559 2616 617 2621 —
629 2593 740 2633 Ibid.
759 2594 1024 2647 Eleusinem]
1042 2594 1469 2635 Leusinem.—-Ibid.
1485 2594 1784 2649 Alexandrea]

395 2649 682 2690 Alexandria.
699 2673 756 2678 —-
773 2649 884 2690 Ibid.
907 2650 1332 2704 senatusconsultum]
1355 2651 1576 2704 scriptum.
1595 2674 1651 2678 ——-
1670 2650 1783 2692 Ibid.

394 2706 506 2747 inter
541 2720 646 2760 quos
684 2706 858 2746 vixdum
895 2713 1149 2747 convenerat
1176 2722 1289 2761 pax,
1333 2707 1522 2761 Cyprum
1556 2706 1783 2762 navigant]

395 2763 505 2803 inter
527 2777 632 2816 quos
658 2763 832 2803 vixdum
859 2769 1126 2809 convenerat,
1141 2777 1252 2816 pars
1278 2763 1468 2817 Cyprum
1488 2763 1709 2817 navigant.
1727 2787 1786 2793 —

396 2818 507 2859 Ibid.
532 2818 643 2858 Eum
666 2818 768 2871 tum]
791 2833 895 2859 eum.
910 2818 1086 2872 -Cap.
1115 2820 1178 2859 13.
1203 2818 1346 2874 quam]
1369 2820 1430 2860 ad
1446 2833 1584 2873 quam.
1599 2843 1656 2848 —
1671 2819 1782 2861 Ibid.

394 2874 654 2928 adiuturum]
678 2875 936 2929 adfuturum.
952 2899 1009 2903 —
1026 2875 1136 2916 Ibid.
1156 2890 1179 2916 e
1200 2875 1481 2929 Macedonia]
1506 2875 1782 2917 ll‘Iacedonia.
