1888 3194
361 198 445 236 334
882 194 1241 238 EPILOGUS

365 290 377 308 ‘
393 292 521 341 atque
542 298 617 341 per
637 298 782 326 omnes
809 284 983 340 paginas
1010 284 1182 326 inscribi
1211 284 1365 326 librum
1394 282 1566 324 XLIII.
1629 281 1759 323 Error

365 347 377 366 ‘
393 350 536 383 tamen
565 342 617 383 ab
648 341 823 391 editore,
851 341 957 383 libro
991 341 1075 383 iam
1111 341 1313 391 absoluto,
1344 339 1632 396 deprehensus
1667 346 1755 380 est:

365 405 378 423 ‘
393 399 507 440 unde
529 399 655 440 etiam
675 399 829 455 pagina
850 398 998 440 ultima
1025 399 1110 440 sive
1135 402 1200 442 79.
1229 399 1333 440 haec
1360 397 1487 438 verba
1514 396 1755 438 adduntur:

366 461 379 480 ‘
395 456 654 531 Ubicunque
676 456 924 512 impressum
946 463 1035 497 est:
1066 455 1172 498 liber
1193 456 1364 498 XLIII.
1382 454 1501 510 lege:
1532 453 1757 497 XXXIII.

365 519 378 537 ‘
393 522 472 555 etc.
615 527 620 530 ·

425 570 533 619 Quis
554 569 796 626 exemplum
817 568 1056 618 confecerit,
1079 569 1193 610 unde
1221 568 1325 610 haec
1354 567 1486 610 editio
1513 575 1658 624 parata
1682 575 1757 617 est,

363 628 457 683 quis
497 627 735 668 confectum
773 626 955 667 Romam
991 626 1189 674 attulerit,
1226 625 1317 666 aliis
1351 626 1453 667 locis
1488 633 1757 674 memoratur,

363 684 479 726 velut
499 685 550 725 ab
573 683 785 725 Horrione
807 683 861 723 ad
879 683 972 723 Liv.
992 683 1216 724 XXXIII.
1237 686 1276 731 3,
1297 686 1361 723 10.
1380 683 1461 723 hoc
1482 691 1756 724 annotatum:

365 746 377 765 ‘
393 741 518 790 Puer,
537 741 611 796 qui
632 739 874 795 exemplum
896 739 1008 788 fecit,
1025 754 1079 779 ex
1096 753 1180 794 quo
1201 753 1295 794 pars
1316 738 1420 780 haec
1441 739 1554 780 Livii
1574 740 1760 795 primum

365 798 437 838 ‘in
459 797 581 838 Italia
601 797 712 853 typis
733 795 941 851 descripta
961 803 1036 845 est,
1058 795 1301 836 reddiderat
1323 796 1601 845 “armatum‚”
1617 796 1770 851 Quae-x

365 860 377 878 ‘
392 869 568 910 rengus:
595 859 621 877 “
636 853 882 894 armatura.”
896 853 905 871 ⁷
944 852 1131 894 Puerum
1147 852 1293 894 fecisse.
1315 852 1541 908 exemplar,
1559 852 1759 894 credibile

364 920 454 960 est3
506 910 618 952 vitiis
657 910 772 951 enim
817 909 1048 966 puerilibus
1099 910 1310 960 scatuisse,
1352 925 1406 951 ex
1446 909 1631 951 editione
1681 909 1761 951 hac

362 968 552 1024 principe
580 967 841 1022 intelligitur.
904 966 1113 1008 Disertior
1143 967 1195 1008 de
1227 967 1298 1008 illo
1329 967 1579 1023 antigrapho
1607 966 1762 1023 Lusig-

363 1041 499 1066 nanus
541 1025 586 1066 in
620 1024 748 1081 praef.
786 1024 840 1065 ad
875 1024 941 1065 ed.
976 1024 1100 1065 Rom.
1144 1024 1271 1066 modo
1307 1024 1488 1066 dictam:
1529 1029 1541 1048 ‘
1560 1023 1691 1073 Quod
1725 1024 1761 1065 si

365 1088 546 1139 ‘magno
579 1082 624 1123 in
659 1081 794 1138 pretio
829 1090 893 1123 est
926 1082 1206 1138 probatissimi
1241 1081 1503 1138 antiquitatis
1535 1081 1704 1123 artificis
1735 1096 1760 1122 e

366 1145 378 1164 ‘
393 1140 615 1182 ruderibus
635 1139 744 1181 male
761 1147 904 1180 erutus
926 1154 1195 1189 marmoreus,
1212 1148 1285 1180 aut
1305 1154 1460 1180 aeneus
1480 1139 1571 1180 sine
1586 1138 1759 1180 nomine

367 1202 379 1221 ‘
395 1206 580 1247 truncus,
602 1196 822 1253 pascendis
842 1195 973 1238 oculis
994 1196 1092 1237 artis
1113 1197 1391 1238 ostentatione
1413 1195 1558 1246 factus,
1581 1203 1644 1237 est
1663 1210 1761 1252 pro-

366 1260 379 1279 ‘
393 1255 516 1305 fecto,
535 1269 610 1296 cur
629 1254 856 1310 plurimum
878 1253 1034 1310 gratiae
1051 1253 1255 1295 habeatur
1270 1253 1492 1295 Francisco
1510 1252 1759 1294 Bartholino

368 1312 597 1353 ‘Urbinati
629 1311 662 1352 Ι.
696 1311 746 1352 C.
777 1311 898 1352 multi
931 1311 1091 1366 ingenii
1124 1320 1166 1352 et
1198 1311 1440 1359 doctrinae3
1480 1310 1598 1352 cuius
1629 1310 1761 1351 bene-

367 1369 504 1419 ‘ficio,
534 1377 740 1425 quantum
773 1368 916 1409 aberat
948 1368 1071 1409 tertio
1103 1376 1146 1409 et
1177 1368 1391 1423 trigesimo
1422 1367 1534 1408 Livii
1563 1367 1682 1417 libro,
1714 1367 1760 1408 in

367 1426 533 1468 ‘lucem
554 1426 674 1467 redit.
727 1424 896 1466 Iacebat
917 1425 1069 1466 nobilis
1090 1425 1226 1480 operis
1246 1425 1528 1481 fragmentum
1548 1424 1593 1465 in
1613 1423 1759 1465 codice

367 1489 380 1508 ‘
395 1492 558 1525 vetusto
573 1482 860 1523 Bibliothecae
875 1482 1123 1523 venerabilis
1139 1482 1312 1537 capituli
1330 1481 1543 1522 Ecclesiae
1558 1480 1761 1522 Bamber·

366 1541 544 1596 ‘gensis,
574 1540 672 1580 inde
707 1539 887 1580 Romam
918 1554 994 1594 per
1026 1538 1319 1580 Bartholinum
1349 1538 1528 1580 feliciter
1554 1537 1758 1594 migravit.

366 1604 379 1622 ‘
395 1597 557 1639 Verum
579 1597 657 1637 etsi
677 1596 803 1652 longa
823 1596 914 1636 dies
933 1596 1063 1636 vitam
1083 1595 1145 1636 illi
1166 1611 1253 1637 non
1273 1595 1437 1645 invidit,
1459 1595 1628 1636 sanitati
1647 1603 1760 1636 certe

367 1660 379 1678 ‘
395 1663 438 1696 et
458 1654 584 1695 nitori
604 1669 690 1694 non
715 1653 930 1709 pepercit3
964 1661 1105 1694 tamen
1134 1653 1193 1694 ita
1219 1653 1362 1694 illuvie
1383 1652 1567 1702 foedum,
1589 1661 1632 1694 et
1652 1651 1762 1694 cica-

366 1717 379 1736 ‘
396 1712 568 1753 tricibus
600 1711 773 1752 scissum
805 1710 1004 1760 reddidit,
1034 1719 1092 1760 ut,
1121 1710 1220 1752 licet
1251 1710 1442 1766 figuram,
1473 1709 1588 1751 unde
1620 1709 1761 1751 statim

367 1775 379 1793 ‘
394 1769 565 1825 agnosci
592 1768 733 1824 possit,
756 1783 843 1809 non
873 1767 1081 1817 everterit,
1103 1767 1246 1809 multis
1272 1776 1413 1809 tamen
1440 1767 1628 1823 partibus
1647 1766 1763 1808 labe-

368 1832 380 1850 ‘
394 1827 554 1867 fecerit.
609 1825 708 1874 Quo
729 1825 884 1866 factum
907 1833 983 1874 est,
1005 1833 1053 1865 ut
1072 1824 1286 1866 edendum
1307 1840 1394 1866 non
1414 1824 1641 1874 videretur,
1662 1831 1761 1866 ante

368 1888 381 1908 ‘
397 1898 524 1940 quam
546 1891 793 1932 sanesceret,
812 1897 971 1938 suoque
994 1881 1123 1923 colori
1143 1890 1186 1923 et
1206 1882 1332 1923 nitori
1352 1881 1652 1923 restitueretur.
1700 1880 1763 1922 At

369 1946 380 1965 ‘
396 1949 670 1997 posteaquam
687 1948 730 1981 et
746 1939 983 1981 Bartholini
1000 1947 1043 1980 et
1058 1938 1234 1980 aliorum
1250 1939 1511 1980 eruditorum
1526 1938 1760 1987 hominum,

369 2003 382 2021 ‘
397 1998 641 2054 praesertim
667 1997 720 2037 A.
745 1996 1001 2051 Quaerengii
1027 2011 1175 2036 manus
1197 2005 1361 2036 tantum
1381 1995 1692 2051 praestiterunt,
1714 2003 1763 2036 ut

370 2060 382 2078 ‘
397 2070 483 2095 non
505 2053 788 2094 inverecunde
810 2052 954 2108 egredi
975 2061 1126 2107 posset,
1149 2060 1191 2093 et
1212 2052 1335 2093 amici
1355 2051 1600 2101 suadebant,
1617 2051 1764 2107 quale-

371 2117 580 2166 ‘cumque
609 2109 889 2150 emittendum
923 2124 1024 2158 esse,
1054 2120 1101 2149 ut
1132 2109 1309 2150 aliorum
1342 2109 1468 2150 etiam
1500 2108 1762 2150 literatorum

371 2167 628 2209 ‘industriae
660 2167 712 2207 de
749 2166 820 2207 illo
855 2167 964 2207 bene
995 2166 1186 2207 merendi
1217 2165 1334 2207 locus
1364 2165 1686 2222 relinqueretur,
1717 2166 1763 2207 in

371 2231 383 2249 ‘
399 2239 544 2266 eorum
566 2223 819 2265 sententiam
839 2224 945 2264 itum
967 2223 1055 2264 est)

427 2281 628 2337 Denique
650 2280 694 2321 in
714 2281 842 2337 praef.
866 2280 919 2321 ad
945 2295 1063 2321 suam
1090 2280 1319 2321 editionem
1348 2296 1372 2322 a
1396 2279 1429 2322 I.
1454 2280 1519 2324 Fr,
1547 2279 1762 2322 Gronovio

367 2339 473 2380 haec
492 2338 659 2395 prodita
678 2346 800 2379 sunt:
836 2339 991 2378 ‘Anno
1016 2340 1137 2379 1615.
1162 2337 1421 2394 Bambergae
1444 2337 1630 2379 Hectore
1653 2337 1764 2379 Kot-

371 2396 515 2437 ‘zavio
543 2394 777 2451 Imperialis
802 2395 1001 2436 ecclesiae
1029 2395 1190 2436 decano
1222 2395 1519 2437 bibliothecam
1550 2394 1763 2450 publicam

372 2454 723 2509 ‘recognoscente
752 2467 799 2493 ac
827 2452 1102 2493 transferente
1131 2451 1342 2493 Iohannes
1364 2452 1551 2493 Horrion
1578 2450 1619 2492 S.
1641 2450 1675 2492 Ι.
1699 2466 1763 2492 sa-

371 2515 383 2534 ‘
399 2510 557 2560 cerdos,
584 2510 687 2550 dum
717 2509 902 2566 singulos
934 2510 1100 2551 codices
1132 2510 1305 2559 excutit,
1331 2509 1376 2549 in
1406 2508 1668 2549 membranas
1697 2508 1762 2549 in-

372 2573 384 2591 ‘
399 2567 515 2617 cidit,
534 2582 641 2622 quae
660 2567 895 2623 complures
913 2566 963 2608 T.
980 2566 1092 2607 Livii
1107 2566 1247 2615 libros,
1262 2566 1306 2606 in
1322 2566 1386 2606 his
1401 2573 1562 2620 partem
1578 2565 1762 2620 priorem

372 2630 384 2648 ‘
401 2624 625 2665 XXXIII.
645 2624 783 2665 adhuc
799 2623 1077 2665 desideratam
1098 2623 1327 2664 servabant.
1373 2621 1501 2662 Unde
1518 2621 1762 2678 exemplum

375 2681 557 2722 ‘factum
585 2680 730 2721 Franc.
755 2680 1001 2722 Bartholino
1024 2679 1222 2721 Urbinati
1249 2694 1335 2720 non
1362 2678 1539 2727 invidit3
1572 2687 1699 2735 atque
1727 2680 1763 2720 is

374 2738 446 2779 ‘id
473 2737 666 2778 Venetiis
700 2752 797 2778 cum
829 2736 883 2778 A.
906 2736 1150 2792 Quaerengi
1184 2735 1339 2777 notulis
1374 2735 1507 2777 multo
1537 2736 1763 2778 correctius

375 2795 491 2851 ‘ipse
540 2794 735 2835 inventor
773 2793 1067 2835 Paderbornae
1114 2794 1220 2835 1617
1263 2792 1437 2848 protulit
1457 2808 1467 2842 ;
1515 2793 1642 2834 tacito
1690 2792 1761 2834 ille

374 2857 387 2877 ‘
402 2851 575 2907 quidem
605 2866 680 2907 per
708 2850 956 2892 modestiam
987 2850 1171 2899 nomine,
1194 2849 1268 2890 sed
1294 2849 1399 2890 illud
1420 2865 1486 2891 me
1509 2850 1665 2900 docuit,
1688 2850 1762 2906 qui

375 2914 387 2936 ⁶
403 2909 529 2955 etiam
557 2905 760 2950 ‘rarissimi
793 2916 837 2949 et
871 2907 923 2948 ad
963 2922 1054 2949 eam
1091 2907 1202 2948 diem
1244 2906 1447 2963 incogniti
1487 2907 1591 2948 mihi
1631 2906 1762 2949 libelli
