1888 3194
367 188 444 226 128
882 181 1028 223 ΤΙΤΙ
1071 180 1251 223 LIVII

156 286 200 317 U.
217 285 255 316 C.
277 283 349 323 583.
363 275 500 331 gentis
527 282 752 329 utrumque
783 272 1064 321 auxiliaribus,
1087 271 1295 328 praesidio
1323 285 1410 312 esse
1438 269 1586 311 saltum
1615 267 1751 324 aperi-

158 330 195 360 A.
219 328 258 359 C.
283 325 350 367 ¹⁶9·
365 333 532 374 entibus
575 332 717 373 iubet:
771 331 872 386 ipse,
918 329 1082 386 equites
1127 328 1513 385 impedimentaque
1557 340 1656 382 prae
1704 339 1750 366 se

235 388 273 427 5·
365 391 537 439 habens,
560 405 656 431 cum
685 388 919 444 legionibus
950 402 1101 443 agmen
1131 387 1253 443 cogit.
1315 383 1609 427 Inenarrabilis
1635 382 1753 424 labor

158 444 343 493 pifficultas
367 447 719 490 descendentibus
764 461 860 487 cum
904 445 1027 486 ruina
1070 445 1354 486 iumentorum
1399 442 1750 496 sarcinarumque.

157 493 318 518 umerum.
367 505 602 562 Progressis
621 504 795 546 vixdum
817 501 1016 559 quattuor
1036 502 1166 543 millia
1185 516 1381 558 passuum
1401 499 1510 541 nihil
1529 497 1754 554 optabilius

368 578 470 613 esse,
507 578 633 619 quam
673 561 822 610 redire,
859 576 943 616 qua
977 569 1192 609 venerant,
1229 559 1262 600 si
1302 567 1481 615 possent.
1544 555 1755 598 Hostilem

369 636 498 678 prope
520 619 748 661 tumultum
773 618 929 674 agmini
950 617 1164 673 elephanti
1184 617 1465 673 praebebant:
1499 615 1585 671 qui,
1607 613 1681 655 ubi
1701 611 1756 654 ad

370 679 483 720 invia
506 686 719 725 venerant,
745 676 918 717 deiectis
948 675 1189 723 rectoribus,
1216 689 1313 714 cum
1342 673 1551 715 horrendo
1579 670 1756 713 stridore

370 751 568 792 pavorem
596 735 824 790 ingentem,
847 732 966 788 equis
994 732 1189 781 maxime,
1212 731 1486 780 incutiebant,
1509 730 1644 771 donec
1673 737 1757 769 tra-

372 793 556 835 ducendi
577 807 646 833 eos
667 791 772 831 ratio
798 790 901 830 inita
928 798 1000 830 est.
1063 789 1146 829 Per
1172 788 1370 845 proclive,
1392 797 1559 843 sumpto
1579 786 1756 841 fastigio,
1772 798 1789 831 7

373 851 488 906 longi
509 849 593 890 duo
614 848 739 889 validi
768 861 922 888 asseres
951 861 1003 887 ex
1032 846 1226 887 inferiore
1255 854 1371 902 parte
1400 845 1445 886 in
1472 854 1582 886 terra
1601 843 1760 899 defige-

373 909 537 956 bantur,
559 906 760 947 distantes
781 904 892 946 inter
912 919 955 945 se
976 903 1117 960 paullo
1139 903 1246 959 plus,
1269 918 1393 960 quam
1417 911 1575 959 quanta
1593 900 1758 944 belluae

374 964 551 1007 latitudo
572 972 645 1005 est.
708 962 761 1004 In
782 977 865 1012 eos,
888 971 1118 1003 transverso
1142 962 1432 1002 incumbentes
1456 960 1586 1017 tigno,
1609 959 1663 1000 ad
1686 957 1761 1000 tri-

374 1038 500 1065 cenos
520 1021 634 1078 longi
655 1020 797 1077 pedes,
815 1028 863 1061 ut
882 1035 988 1076 pons
1009 1028 1130 1069 esset,
1148 1019 1496 1075 iniungebantur:
1521 1017 1760 1073 humusque

375 1081 545 1137 insuper
579 1078 853 1120 inficiebatur.
917 1077 1091 1118 Modico
1127 1072 1290 1118 deinde*
1317 1076 1424 1117 infra
1457 1074 1676 1117 intervallo
1707 1073 1762 1115 si-

376 1138 485 1180 milis
518 1137 622 1178 alter
652 1151 782 1193 pons:
827 1135 928 1176 dein
961 1135 1119 1184 tertius,
1153 1143 1196 1176 et
1227 1134 1368 1190 plures
1400 1149 1454 1175 ex
1486 1133 1649 1182 ordine,
1678 1146 1763 1187 qua

376 1211 499 1253 rupes
516 1195 695 1236 abscisae
712 1203 842 1243 erant,
859 1193 1027 1234 fiebant.
1079 1191 1221 1234 Solido
1242 1191 1496 1248 procedebat
1515 1190 1762 1246 elephantus
1774 1196 1794 1227 8

377 1254 421 1295 in
461 1262 659 1310 pontem:
708 1252 827 1292 cuius
861 1251 1104 1307 priusquam
1143 1250 1188 1290 in
1228 1258 1464 1291 extremum
1503 1247 1762 1305 procederet,

378 1311 547 1353 succisis
586 1310 791 1351 asseribus
830 1308 1035 1364 collapsus
1073 1323 1179 1364 pons
1219 1322 1351 1363 usque
1392 1306 1561 1348 alterius
1595 1305 1765 1346 initium

378 1369 517 1426 pontis
551 1367 711 1424 prolabi
747 1381 844 1408 eum
879 1366 1031 1407 leniter
1066 1366 1252 1421 cogebat.
1315 1364 1405 1406 Alii
1438 1363 1652 1420 elephanti
1690 1377 1766 1418 pe-

379 1427 502 1468 dibus
532 1426 782 1474 insistentes,
809 1423 878 1465 alii
909 1423 1101 1465 clunibus
1131 1422 1406 1472 subsidentes,
1428 1421 1762 1478 prolabebantur.

381 1484 468 1526 Ubi
508 1483 702 1540 planities
743 1481 872 1523 altera
905 1481 1046 1537 pontis
1081 1480 1313 1536 excepisset
1347 1495 1428 1529 eas,
1465 1494 1605 1520 rursus
1639 1476 1766 1519 simili

379 1542 501 1583 ruina
532 1540 738 1582 inferioris
768 1539 907 1596 pontis
938 1539 1244 1588 deferebantur,
1275 1538 1410 1579 donec
1441 1537 1495 1578 ad
1525 1535 1767 1591 aequiorem

379 1599 529 1641 vallem
549 1606 798 1655 perventum
825 1605 899 1638 est.
960 1595 1109 1637 Paullo
1134 1595 1228 1651 plus
1253 1604 1413 1651 septem
1439 1592 1570 1635 millia
1588 1592 1800 1638 dielRo-9

379 1657 492 1698 mani
519 1663 836 1713 processerunt3
870 1654 1091 1694 minimum
1121 1653 1301 1709 pedibus
1328 1652 1490 1694 itineris
1515 1651 1766 1693 confectum.

380 1714 636 1769 Plerumque
657 1712 948 1769 provolventes
968 1727 1011 1753 se
1031 1710 1155 1752 simul
1175 1726 1271 1752 cum
1292 1710 1417 1751 armis
1436 1710 1611 1765 aliisque
1632 1707 1771 1750 oneri-

380 1773 470 1822 bus,
503 1786 599 1813 cum
630 1771 745 1812 omni
775 1784 929 1826 genere
960 1768 1204 1818 vexationis,
1236 1780 1552 1824 processerunt:
1587 1766 1693 1807 adeo
1724 1773 1772 1806 ut

381 1846 434 1871 ne
461 1829 549 1870 dux
571 1828 743 1885 quidem
772 1838 814 1869 et
841 1837 987 1868 auctor
1014 1826 1175 1868 itineris
1202 1826 1466 1875 infitiaretur,
1487 1839 1614 1881 parva
1642 1837 1772 1864 manu

381 1887 513 1929 deleri
553 1901 720 1928 omnem
762 1885 993 1926 exercitum
1035 1884 1230 1940 potuisse.
1294 1883 1433 1924 Nocte
1469 1883 1523 1924 ad
1563 1881 1770 1922 modicam

382 1945 601 2002 planitiem
631 1951 939 1999 pervenerunt:
973 1956 1126 1997 neque,
1152 1956 1205 1982 an
1236 1940 1411 1981 infestus
1440 1940 1474 1980 is
1505 1939 1620 1980 locus
1650 1947 1769 1986 esset,

383 2011 551 2058 saeptus
583 2001 784 2056 undique,
807 1998 1172 2054 circumspiciendi
1201 1997 1382 2053 spatium
1408 1997 1499 2038 fuit.
1562 1995 1649 2036 Vix
1681 2004 1772 2036 tan-

385 2059 483 2100 dem
518 2073 572 2099 ex
608 2058 818 2113 insperato
850 2055 1039 2096 stabilem
1072 2055 1125 2095 ad
1158 2054 1434 2096 insistendum
1469 2053 1601 2095 nactis
1633 2053 1773 2095 locum

385 2125 551 2173 postero
573 2130 742 2170 quoque
776 2114 843 2154 die
875 2113 919 2153 in
951 2122 1034 2153 tam
1065 2128 1165 2153 cava
1192 2111 1296 2153 valle
1325 2112 1506 2168 opperiri
1530 2110 1772 2167 Popillium,

385 2190 434 2216 ac
455 2173 619 2214 relictas
640 2187 734 2213 cum
757 2187 807 2212 eo
828 2170 980 2226 copias,
998 2185 1165 2211 necesse
1187 2170 1288 2211 fuit:
1313 2185 1418 2225 quos
1438 2179 1480 2211 et
1500 2170 1623 2226 ipsos,
1641 2182 1774 2224 quum

387 2232 438 2273 ab
460 2229 577 2271 nulla
595 2241 710 2286 parte
734 2229 863 2270 hostis
884 2228 1107 2278 terruisset,
1130 2227 1315 2269 locorum
1345 2227 1543 2284 asperitas
1569 2225 1776 2267 hostiliter

387 2288 564 2330 vexavit.
628 2287 775 2328 Tertio
811 2285 879 2326 die
915 2285 1149 2326 coniunctis
1189 2285 1320 2341 copiis
1360 2293 1465 2326 eunt
1499 2299 1574 2341 per
1608 2283 1774 2332 saltum,

389 2361 515 2403 quem
536 2345 696 2385 incolae
722 2343 993 2399 Callipeucen
1016 2342 1237 2399 appellant.
1303 2342 1467 2391 Quarto
1491 2341 1590 2383 inde
1611 2340 1680 2382 die
1700 2354 1776 2397 per

389 2418 522 2460 aeque
550 2402 674 2451 invia,
697 2401 771 2442 sed
801 2400 1068 2442 assuetudine
1097 2400 1283 2456 peritius,
1305 2409 1348 2442 et
1376 2399 1545 2442 meliore
1570 2413 1667 2440 cum
1687 2412 1775 2454 spe,

390 2460 506 2518 quod
530 2475 608 2501 nec
636 2459 765 2500 hostis
794 2473 979 2514 unquam
1009 2458 1245 2514 apparebat,
1267 2467 1309 2499 et
1335 2458 1440 2499 mari
1468 2455 1778 2514 appropinqua-

390 2520 503 2568 bant,
533 2516 715 2573 degressi
747 2516 791 2556 in
823 2531 1003 2571 campos,
1033 2516 1142 2557 inter
1172 2515 1427 2557 Heracleum
1458 2523 1501 2556 et
1527 2513 1778 2555 Libethrum

390 2585 619 2633 posuerunt
653 2582 786 2615 castra
820 2573 1037 2629 peditum:
1083 2588 1263 2629 quorum
1298 2588 1393 2630 pars
1429 2572 1560 2614 maior
1595 2569 1778 2613 tumulos

438 2728 454 2759 7
478 2721 609 2758 Sumpta
625 2718 780 2757 sastiyio]
807 2717 945 2756 Sumpto
962 2717 1065 2756 spatio
1112 2718 1175 2747 Per
1207 2717 1306 2755 diem,
1336 2720 1368 2747 et
1399 2716 1574 2756 opponitur
1604 2717 1649 2754 τῷ
1679 2720 1780 2752 nocte,

395 2773 413 2794 e
437 2763 507 2793 loco
531 2761 692 2800 superiore
718 2770 774 2799 per
799 2759 941 2799 proclive
965 2760 996 2789 in
1020 2760 1064 2789 in·
1111 2760 1196 2798 quod
1224 2759 1366 2798 sequitur
1395 2759 1506 2799 paullo
1536 2762 1616 2798 post.
1663 2758 1781 2797 Itaque

394 2805 539 2836 seriorem
556 2803 742 2834 inclinante.
768 2802 877 2832 Domi.
1111 2802 1191 2832 nihil
1218 2812 1300 2841 opus
1329 2805 1377 2832 est
1406 2801 1458 2832 hic
1484 2801 1621 2831 inserere
1644 2811 1679 2831 eo
1705 2804 1790 2830 ante‘

439 2848 458 2878 8
490 2847 658 2884 Abscisae]
722 2844 934 2884 Participium
982 2844 1066 2873 verbi
1112 2854 1221 2874 vocem
1243 2846 1305 2881 die,
1321 2845 1407 2884 quod
1430 2844 1572 2874 voluerat
1589 2843 1779 2874 Gronovius.

395 2891 520 2922 abscido
537 2887 715 2919 Frobenius
736 2887 796 2917 hoe
814 2887 885 2917 loco
902 2886 1052 2925 reposuit.
1112 2887 1217 2918 Cum.
1262 2889 1313 2918 Eo
1328 2886 1452 2918 addidit
1469 2886 1647 2917 Bekkerus.

439 2943 458 2974 9
482 2932 599 2964 Paullo
628 2932 704 2972 plu-s
730 2935 846 2970 septem
870 2930 971 2961 millia
998 2930 1064 2965 die]
