1888 3194
566 170 693 212 LIB.
727 169 868 210 XLV.
917 168 1064 211 CAP.
1099 173 1138 212 5.
1470 174 1547 214 177

152 258 354 311 exercitu,
371 259 548 302 extorris
568 273 712 315 regno,
728 259 770 299 in
792 273 962 315 parvam
981 258 1159 300 insulam
1180 259 1432 315 compulsus,
1449 275 1548 317 sup·
1567 271 1609 303 U.
1629 271 1668 303 C.
1690 272 1752 312 584

152 317 265 374 plex,
285 317 370 359 fani
391 316 606 372 religione,
624 331 711 357 non
731 316 888 357 viribus
908 316 1005 365 suis,
1021 325 1137 357 tutus
1157 325 1275 357 esset.
1332 315 1418 357 Sed
1433 327 1546 372 post-
1561 315 1600 345 Α·
1629 314 1668 346 C·
1695 314 1754 347 ¹63

119 386 292 432 squam,
315 380 328 398 ‘
344 373 509 429 Regem
531 373 686 414 Persea
712 373 873 414 consuli
899 373 1049 414 Paullo
1080 372 1284 423 salutem,’
1311 372 1437 430 legit3
1468 375 1546 414 mi-

149 431 400 473 serationem
430 445 600 471 omnem
630 430 805 471 stultitia
834 430 1066 486 ignorantis
1095 430 1306 471 fortunam
1331 445 1449 471 suam
1471 446 1546 472 ex-

149 488 264 531 emit.
315 486 466 544 Itaque
482 502 726 544 quanquam
748 487 791 528 in
813 487 975 544 reliqua
994 497 1111 544 parte
1132 487 1348 529 literarum
1370 487 1544 529 minime

149 545 287 602 regiae
308 559 454 601 preces
476 552 607 594 erant,
631 553 772 586 tamen
797 544 886 587 sine
917 559 1114 601 responso
1142 559 1189 586 ac
1217 545 1307 585 sine
1336 544 1467 587 literis
1495 560 1545 586 ea

149 601 301 659 legatio
333 602 502 643 dimissa
531 610 605 643 est.
671 601 810 643 Sensit
843 601 1037 652 Perseus,
1066 602 1185 643 cuius
1217 602 1402 643 nominis
1438 601 1544 643 obli-

149 659 395 701 viscendum
423 659 533 701 victo
564 668 694 700 esset:
731 659 875 715 itaque
907 659 1060 701 alterae
1091 658 1234 700 literae
1264 674 1360 700 cum
1393 659 1541 716 privati

149 717 332 758 nominis
359 716 481 758 titulo
512 716 674 766 missae,
700 725 743 758 et
771 717 945 773 petiere,
968 725 1011 758 et
1031 716 1322 773 impetravere,
1345 726 1393 758 ut
1413 716 1545 773 aliqui

149 773 204 815 ad
227 789 326 815 eum
355 774 634 824 mitterentur,
657 789 753 815 cum
776 774 929 830 quibus
959 773 1076 831 loqui
1105 773 1158 816 de
1187 782 1297 816 statu
1325 783 1368 815 et
1399 773 1546 816 condi-

149 831 264 873 tione
286 846 384 872 suae
405 831 596 873 fortunae
621 840 771 888 posset.
835 830 957 872 Missi
979 841 1076 873 sunt
1098 840 1181 873 tres
1202 831 1341 888 legati,
1365 831 1412 873 P.
1431 831 1544 872 Len-

149 887 275 938 tulus,
301 889 354 930 A.
370 888 611 930 Postumius
634 889 828 939 Albinus,
854 889 906 930 A.
924 889 1151 931 Antonius.
1215 889 1336 930 Nihil
1358 904 1407 930 ea
1432 889 1546 945 lega-

149 946 264 987 tione
297 946 529 1002 perfectum
557 955 632 996 est,
661 946 817 987 Perseo
853 947 1016 1002 regium
1049 961 1204 988 nomen
1241 947 1357 988 omni
1385 947 1426 987 vi
1457 961 1543 987 am-

149 1002 373 1060 plectente,
396 1003 558 1052 Paullo,
581 1012 628 1044 ut
649 1019 692 1045 se
713 1018 872 1059 suaque
901 1004 1042 1045 omnia
1067 1004 1111 1044 in
1137 1004 1266 1045 fidem
1290 1013 1334 1045 et
1360 1003 1545 1045 clemen-

150 1060 250 1102 tiam
270 1060 416 1117 populi
440 1060 623 1101 Romani
643 1061 918 1116 permitteret,
942 1060 1156 1102 tendente.

208 1117 325 1158 Dum
351 1117 455 1159 haec
476 1130 670 1174 aguntur,
693 1117 832 1159 classis
856 1117 938 1159 Cn.
957 1117 1124 1159 Octavii
1148 1117 1460 1160 Samothracam
1483 1126 1546 1160 est

148 1174 333 1240 appulsa.
396 1173 438 1216 Is
459 1189 641 1231 quoque,

147 1246 226 1281 ms,
258 1231 386 1274 modo
415 1247 488 1288 spe
519 1232 730 1288 pellicere,
757 1241 805 1273 ut
834 1247 877 1274 se
911 1232 1106 1282 traderet,
1133 1247 1266 1289 quum
1297 1222 1742 1293 conaretur3¹S¹¹a³1sssst²ssss=

149 1288 311 1331 adiuvit
341 1289 386 1330 in
418 1289 497 1330 hoc
528 1304 626 1331 eum
657 1304 735 1339 res,
764 1304 839 1331 seu
869 1305 968 1331 casu
998 1298 1224 1340 contracta,
1251 1305 1325 1331 seu
1355 1289 1542 1332 consilio.
1558 1315 1629 1336 cam
1641 1306 1757 1346 appul-

149 1345 201 1388 L.
221 1346 378 1388 Atilius
409 1346 578 1388 illustris
608 1346 864 1397 adolescens,
886 1362 1020 1403 quum
1050 1348 1095 1388 in
1125 1347 1329 1389 concione
1357 1362 1446 1389 esse
1470 1362 1547 1404 po—
1559 1358 1604 1380 ⁸²²·

148 1403 296 1461 pulum
322 1403 641 1446 Samothracum
672 1405 860 1446 animum
891 1405 1150 1455 advertisset,
1182 1420 1207 1446 a
1237 1405 1547 1461 magistratibus

207 1461 284 1511 tiit,
308 1470 355 1503 ut
375 1462 454 1503 sibi
479 1462 623 1518 paucis
643 1462 887 1519 alloquendi
908 1462 1054 1519 populi
1075 1471 1324 1519 potestatem
1346 1462 1545 1504 facerent.

189 1519 374 1570 ermisso,
398 1525 410 1544 ‘
428 1519 583 1561 Utrum
608 1535 698 1569 nos,
721 1519 906 1576 hospites
930 1519 1234 1570 Samothraces,
1256 1535 1352 1562 vere
1384 1520 1549 1576 accepi-

119 1588 139 1616 4
153 1580 165 1600 ‘
178 1590 284 1626 mus,
307 1591 361 1617 an
380 1576 495 1626 falso,
518 1591 675 1618 sacram
706 1577 816 1618 hanc
847 1577 1040 1627 insulam,
1063 1586 1106 1618 et
1137 1578 1301 1633 augusti
1331 1586 1459 1619 totam
1486 1586 1548 1618 at-

152 1638 164 1657 ‘
177 1648 260 1689 que
283 1633 469 1676 inviolati
490 1633 567 1675 soli
588 1634 726 1676 esse?'
789 1634 936 1682 Quum
958 1634 1140 1676 creditae
1171 1635 1382 1676 sanctitati
1408 1649 1548 1675 assen-

120 1699 138 1730 5
153 1690 334 1732 tirentur
353 1706 511 1741 omnes,
535 1697 547 1715 ‘
567 1690 659 1733 Cur
679 1691 831 1747 igitur‚'
852 1691 1003 1747 inquit,
1028 1697 1040 1715 ‘
1055 1691 1186 1748 pollui
1207 1707 1298 1733 eam
1321 1691 1546 1741 homicida,

119 1760 140 1793 6
154 1753 165 1772 ‘
179 1748 200 1769 ⁴*
221 1749 425 1804 sanguine
458 1749 567 1805 regis
590 1748 794 1790 Eumenis
815 1748 998 1798 violavit,
1020 1759 1077 1799 et,
1099 1764 1230 1805 quum
1262 1749 1398 1790 omnis
1428 1764 1548 1805 prae-

153 1805 277 1847 ‘satio
307 1820 517 1847 sacrorum
549 1821 633 1856 eOS,
656 1806 810 1862 quibus
841 1821 926 1847 non
958 1806 1042 1847 sint
1074 1821 1203 1862 purae
1235 1821 1396 1855 manus,
1423 1806 1548 1847 sacris

153 1868 328 1912 ‘arceat‚
351 1878 423 1904 vos
447 1863 678 1919 penetralia
700 1872 836 1904 vestra
863 1864 1137 1904 contaminari
1169 1872 1345 1905 cruento
1376 1863 1547 1905 latronis

121 1925 139 1956 7
154 1925 351 1976 ‘corpore
373 1920 564 1962 sinetis?
617 1920 784 1961 Nobilis
804 1921 914 1961 fama
933 1929 1023 1961 erat
1044 1920 1156 1976 apud
1178 1936 1323 1962 omnes
1343 1921 1545 1962 Graeciae
1561 1927 1717 1977 Euander

151 1977 339 2020 civitates
361 1977 565 2019 Eumenis
586 1977 694 2034 regis
716 1992 791 2034 per
812 1977 1060 2018 Euandrum
1085 1978 1264 2034 Delphis
1289 1993 1419 2034 prope
1451 1993 1545 2034 per·
1559 1971 1723 2043 (Jretezusm
1741 2014 1761 2044 d

209 2043 314 2076 trata
348 2035 507 2077 caedes.
571 2034 733 2091 Itaque,
771 2044 1062 2091 praeterquam
1099 2035 1214 2091 quod
1254 2035 1298 2076 in
1339 2045 1543 2092 potestate
1558 2024 1751 2087 ἰζῧξζιῃῗᾞ-

152 2049 442 2134 ffomanorum
469 2108 558 2135 sese
589 2092 854 2148 insulamque
876 2101 1005 2133 totam
1028 2100 1070 2133 et
1092 2092 1295 2149 templum
1318 2094 1546 2134 cernebant
1559 2099 1695 2129 cendum
1712 2110 1732 2129 a

152 2164 256 2200 esse,
278 2165 331 2192 ne
363 2150 574 2192 immerito
599 2150 771 2207 quidem
803 2164 853 2191 ea
877 2150 955 2191 sibi
986 2150 1227 2206 exprobrari
1259 2151 1350 2199 rati,
1373 2150 1548 2192 Theon·
1561 2141 1745 2214 {xxxma-

152 2207 264 2258 dam,
286 2207 359 2264 qui
391 2222 581 2249 summus
611 2207 875 2264 magistratus
903 2207 1015 2264 apud
1045 2222 1115 2249 eos
1147 2216 1248 2257 erat,
1277 2208 1441 2264 (regem
1471 2208 1550 2265 ipsi
1654 2206 1662 2214 “

1636 1135 1676 1162 ο.

667 1175 877 1231 praesenti
908 1175 1078 1216 admoto
1109 1184 1278 1225 terrore,
1310 1176 1436 1217 modo
1467 1176 1546 1216 mi-
1558 1178 1679 1210 Classis
1691 1179 1758 1209 Ro-

197 2335 215 2366 3
240 2327 373 2358 Con-ruli
389 2329 509 2359 Paullo
519 2329 672 2367 salutem]
695 2328 832 2369 Supple,

153 2370 271 2401 dicere.
302 2370 456 2401 Ceterum
474 2370 589 2401 titulus
604 2371 762 2411 epistolae
779 2371 832 2402 hic

155 2412 319 2443 recitatur.

198 2466 218 2494 4
240 2456 374 2486 Sacram
398 2456 483 2486 hano
506 2456 663 2495 inaenlam]
696 2456 747 2487 De
770 2456 832 2487 diis

155 2497 416 2534 Samothracum,
447 2498 501 2538 qui
539 2499 648 2530 Cobiri
685 2499 830 2539 appella-

155 2540 274 2571 bantur
284 2541 372 2580 apud
392 2541 515 2571 Herod.
533 2540 564 2571 ii.
586 2542 654 2578 ¹²8,
671 2545 703 2572 et
720 2552 831 2572 eorum

155 2582 363 2622 religionibus
393 2588 526 2623 egerunt
556 2583 662 2620 multi,
693 2584 748 2614 sed
781 2583 831 2614 vix

156 2625 333 2665 quidquam
357 2626 434 2656 clari
458 2630 514 2656 aut
543 2626 619 2656 certi
641 2627 830 2657 attulerunt.

159 2667 327 2707 Pelasgia
350 2668 472 2708 origine
498 2679 553 2698 eon
576 2669 673 2699 fuisse
700 2673 732 2699 et
757 2679 830 2699 cum

160 2709 336 2741 Penatibus
376 2711 622 2742 Lavinicnnibus
659 2721 832 2741 commune

157 2752 311 2791 quiddam
340 2752 490 2784 habuisse
523 2754 722 2784 Niebuhrius
748 2754 778 2784 ii.
801 2764 832 2785 n.

159 2795 231 2840 548.
255 2795 493 2828 animadvertit.
522 2796 562 2827 cf.
587 2797 674 2827 Serv.
701 2797 732 2827 in
752 2797 831 2827 Aen.

160 2835 204 2866 iii.
227 2845 273 2867 1².
290 2838 439 2869 Creuzer.
455 2843 564 2869 autem
590 2839 620 2868 in
649 2839 783 2879 Dionys.
803 2849 832 2879 p.

165 2887 232 2918 ¹⁴9·
257 2879 402 2917 Symbol.
419 2880 451 2911 ii.
469 2891 499 2920 p.
518 2883 589 2919 3¹⁸·
606 2885 638 2911 ct
658 2881 834 2919 schelling.

161 2920 201 2951 do
223 2920 423 2953 Samothruc.
445 2927 574 2962 myster.
598 2933 627 2963 p.
645 2931 696 2964 97.
714 2928 745 2954 et
767 2932 834 2963 107.

221 2975 318 3003 VOL.
344 2975 403 3004 lv.

876 2328 956 2359 haec
968 2338 1058 2359 sacra
1069 2338 1109 2359 ex
1123 2327 1334 2359 orientalibus
1346 2327 1552 2368 religionibus

876 2372 1053 2410 repetenda
1078 2381 1146 2402 esse
1173 2371 1302 2402 docent.
1349 2371 1424 2402 Alia
1450 2372 1489 2403 C.
1510 2372 1551 2403 O.

877 2414 1009 2444 Miiller.
1031 2413 1062 2444 in
1089 2413 1284 2444 Orchomen.
1308 2424 1363 2455 pp.
1385 2423 1457 2455 439.
1478 2423 1550 2453 450.

877 2455 948 2494 462.
965 2456 1113 2488 coniecit.

920 2507 937 2538 5
962 2500 1072 2529 Pollun'
1095 2510 1164 2530 eam
1189 2499 1362 2537 homicida]
1401 2500 1552 2530 Pollutas

879 2551 935 2581 pro
949 2543 1052 2581 pollui
1068 2552 1137 2573 eum
1155 2541 1339 2572 Gronovius
1355 2541 1443 2581 legit.

919 2583 939 2615 6
964 2585 1076 2614 Omnis
1118 2584 1299 2624 prm-salio]
1354 2584 1552 2624 Intelligitur

877 2626 1025 2663 formula,
1056 2636 1119 2666 qua
1149 2637 1168 2656 n
1194 2626 1291 2656 sacris
1317 2627 1417 2657 arceri
1447 2628 1552 2657 uolent

878 2669 1014 2708 profani,
1031 2668 1161 2708 impuri,
1177 2679 1203 2699 e.
1216 2679 1244 2708 g.
1267 2671 1461 2709 praevalesce
1478 2680 1550 2709 pro-

869 2713 949 2751 sam'
962 2725 970 2748 ,·
991 2712 1039 2742 vel
1053 2712 1199 2741 sollenne
1209 2722 1335 2743 carmen
1350 2712 1552 2752 precationis,

877 2754 963 2793 quod
986 2754 1121 2794 praefari
1143 2754 1236 2791 solet,
1258 2754 1298 2785 de
1319 2765 1382 2794 quo
1403 2755 1443 2785 cf.
1466 2764 1551 2793 supr.

879 2806 989 2826 xxxix.
1012 2805 1056 2835 ¹5.

923 2846 939 2877 7
960 2839 1208 2878 Nobiliusama]
1234 2849 1277 2869 sc.
1292 2838 1400 2869 Notus
1417 2849 1551 2868 rumore.

880 2883 981 2912 Fama
1016 2892 1091 2912 casu
1125 2887 1216 2912 sexto
1250 2880 1369 2921 occipit
1406 2880 1552 2912 Drnkcn-

881 2923 1043 2957 bort-hius.

1294 2978 1320 3004 Ν
