1888 3194
365 180 419 218 86
874 175 1023 218 TITI
1061 175 1242 218 LIVII

162 273 206 305 U
223 274 261 305 C.
283 275 356 314 581.
369 268 651 309 iumentorum
675 267 980 324 hominumque
1010 276 1193 309 moratus
1221 267 1324 317 dies,
1345 282 1478 332 quum
1502 266 1665 308 audiret
1684 282 1757 309 va·-

160 318 200 347 A.
225 317 262 348 C.
288 325 356 356 ¹7¹·
369 325 457 382 gari
478 325 734 367 Macedonas
749 326 900 367 effusos
915 341 991 382 per
1012 325 1283 374 Thessaliam,
1300 325 1533 381 vastarique
1549 324 1756 366 sociorum

371 399 502 440 agros,
519 383 615 424 satis
636 384 717 424 iam
734 383 935 424 refectum
957 383 1130 424 militem
1148 383 1201 424 ad
1222 382 1429 424 Larissam
1445 382 1572 424 ducit.
1634 381 1756 432 Inde,

372 456 503 498 quum
526 441 604 482 trIa
630 441 761 482 millia
780 441 908 482 ferme
931 442 1091 482 abesset
1119 456 1142 482 a
1170 440 1346 497 Tripoli,
1369 439 1564 494 (Scaeam
1585 439 1757 494 vocant)

164 503 321 535 Eumenis
372 514 496 556 super
530 498 722 540 Peneum
755 514 921 540 amnem
953 499 1092 555 posuit
1124 508 1266 539 castra.
1328 498 1412 539 Per
1446 497 1559 538 idem
1591 506 1757 553 tempus

162 547 329 579 adventus.
374 556 586 598 Eumenes
607 556 660 597 ad
684 556 930 598 Chalcidem
958 556 1132 597 navibus
1153 555 1324 597 accessit
1345 571 1441 596 cum
1463 554 1609 596 Attalo
1630 564 1757 611 atque

374 614 596 656 Athenaeo
633 614 837 663 fratribus,
869 614 1107 655 Philetaero
1142 613 1264 654 fratre
1298 613 1442 654 relicto
1478 612 1674 668 Pergami
1704 611 1759 653 ad

373 672 547 714 tutelam
568 672 698 727 legni.
761 671 867 712 Inde
902 686 996 712 cum
1020 670 1165 712 Attalo
1189 679 1231 711 et
1253 680 1450 726 quattuor
1476 670 1659 711 millibus
1684 684 1760 726 pe-

372 730 521 779 ditum,
545 706 656 770 1111110
679 729 882 785 equitum,
901 728 953 770 ad
970 728 1184 769 consulem
1204 728 1330 769 venit.
1395 727 1598 769 Chalcide
1615 727 1760 769 relicta

163 792 239 839 Alia
254 793 343 823 auxi·
373 787 457 828 duo
492 787 623 828 millia
657 786 862 843 peditum,
896 786 1048 842 quibus
1083 785 1331 826 Athenaeus
1369 785 1639 856 praepositus.
1702 784 1760 826 Et

163 834 216 866 ³¹³·
372 845 452 886 alia
472 845 622 885 eodem
643 843 799 884 auxilia
828 843 1030 884 Romanis
1051 858 1104 884 ex
1129 843 1322 884 omnibus
1343 842 1532 898 undique
1557 841 1758 884 Graeciae

372 902 536 967 populis
564 910 863 949 convener,unt
887 916 1064 956 quorum
1092 900 1291 956 pleraque
1319 899 1445 956 (adeo
1469 915 1595 956 parva
1621 899 1760 955 erant)

372 960 416 999 in
457 959 579 1000 obhx
570 974 709 1000 ionem
750 958 942 999 adducta.
1003 957 1298 1015 Apolloniatae
1340 966 1547 999 trecentos
1582 957 1757 1023 equites,

372 1026 543 1058 centum
575 1017 737 1073 pedites
772 1017 987 1057 miserunt.
1050 1016 1301 1057 Aetolorum
1336 1015 1424 1057 alae
1457 1016 1581 1057 unius
1615 1016 1788 1065 instar,1

372 1084 577 1131 quantum
605 1075 656 1116 ab
684 1083 772 1115 tota
798 1084 922 1139 gente
952 1074 1143 1130 equitum
1171 1083 1271 1123 erat,
1297 1082 1520 1114 vzenerant
1554 1081 1598 1115 et
1625 1073 1760 1114 Thes-

372 1132 551 1174 salorum
582 1132 737 1189 (omnis
773 1132 983 1197 equitatus
1015 1140 1225 1197 sep-alatus
1255 1130 1364 1187 erat)
1393 1146 1478 1172 non
1509 1131 1602 1187 plus
1632 1146 1790 1187 quamz

372 1191 547 1232 trecenti
575 1199 692 1231 erant
712 1190 875 1246 equites
902 1190 947 1230 in
974 1190 1116 1231 castris
1146 1189 1360 1230 Romanis.
1423 1188 1624 1230 Achaei
1613 1203 1760 1229 luven—

373 1249 473 1289 tutis
509 1263 620 1298 suae,
656 1247 825 1289 Cretico
861 1248 1042 1289 maxime
1074 1256 1247 1298 armatu,
1279 1247 1332 1288 ad
1363 1246 1475 1287 mille
1507 1247 1760 1303 quingentos

372 1305 590 1347 dederunt.

223 1364 289 1403 56.
434 1363 520 1405 Sub
550 1364 663 1404 idem
696 1372 860 1419 tempus
885 1371 928 1404 et
955 1362 1005 1404 C.
1026 1362 1249 1404 Lucretius
1276 1371 1453 1418 praetor,
1480 1361 1555 1418 qui
1584 1361 1760 1403 navibus

164 1419 333 1467 Lueretius
372 1431 560 1477 praeerat
591 1421 643 1462 ad
677 1420 1008 1477 Cephalleniam,
1040 1420 1101 1462 M.
1121 1420 1319 1461 Lucretio
1349 1420 1474 1461 fratre
1505 1433 1600 1460 cum
1632 1419 1760 1461 classe

162 1463 262 1536 {rign
276 1463 357 1495 Boe
372 1494 496 1536 supe1
517 1478 702 1520 Maleam
726 1478 973 1520 Chalcidem
1002 1479 1111 1519 iusso
1132 1486 1287 1534 petere,
1309 1478 1398 1534 ipse
1427 1478 1638 1518 triremem
1659 1492 1790 1542 con-3

373 1537 547 1587 scendit,
579 1537 715 1578 sinum
751 1536 1019 1577 Corinthium
1054 1545 1201 1591 petens
1232 1536 1286 1576 ad
1316 1535 1680 1591 praeoccupandas
1715 1534 1759 1575 in

371 1594 548 1636 Boeotia
568 1610 643 1636 res.
707 1594 885 1635 Tardior
900 1594 938 1634 ei
955 1594 1164 1649 navigatio
1181 1602 1351 1649 propter
1367 1593 1653 1633 infirmitatem
1669 1607 1761 1633 cor-

370 1653 482 1708 poris
511 1653 600 1693 fuit.
665 1652 726 1693 M.
752 1651 986 1700 Lucretius,
1023 1651 1272 1692 Chalcidem
1302 1650 1542 1700 adveniens,
1574 1665 1706 1706 quum
1735 1665 1760 1691 a

371 1710 418 1751 P.
436 1710 619 1751 Lentulo
642 1709 879 1750 Haliartum
897 1709 1130 1765 oppugnari
1151 1708 1345 1758 audisset,
1367 1708 1576 1773 nuntium,
1594 1716 1759 1763 praeto-

371 1768 426 1809 ris
446 1768 593 1817 verbis,
616 1768 689 1823 qui
711 1766 931 1808 abscedere
954 1782 1051 1808 eum
1072 1766 1171 1807 inde
1194 1766 1369 1816 iuberet,
1391 1765 1514 1807 misit.
1577 1765 1760 1807 Boeoto-

370 1840 462 1866 rum
489 1826 559 1866 1111ῚΥ
562 1834 719 1874 entute,
747 1840 854 1881 quae
885 1840 978 1880 pars
1009 1839 1104 1865 cum
1137 1824 1340 1864 Romanis
1371 1824 1516 1874 stabat,
1546 1838 1638 1864 eam
1667 1838 1758 1864 rem

371 1898 585 1939 aggressus
606 1883 776 1936 leo-atus,
799 1898 823 1923 a
848 1882 1066 1922 moenibus
1087 1881 1292 1922 abscessit.
1356 1880 1474 1922 Haec
1495 1880 1629 1921 soluta
1649 1880 1759 1921 obsi-

371 1917 448 1981 dio
463 1941 600 1982 locum
622 1928 739 1980 alteri
761 1954 892 1980 novae
910 1939 1116 1979 obsidioni
1138 1938 1265 1979 dedit.
1329 1937 1526 1993 Namque
1544 1937 1757 1993 extemplo

371 1997 433 2038 Μ.
454 1997 675 2038 Lucretius
696 2011 791 2037 cum
817 1996 1004 2037 exercitu
1027 2011 1105 2036 nav
1109 1995 1174 2044 ali,
1197 1995 1344 2036 decem
1373 1995 1554 2036 millibus
1579 2005 1758 2036 armato-

370 2069 475 2104 rum,
499 2055 552 2095 ad
579 2055 658 2095 hoc
685 2054 847 2095 duobus
874 2052 1056 2093 millibus
1080 2052 1302 2108 regiorum,
1326 2053 1399 2107 qui
1426 2053 1502 2093 sub
1532 2052 1756 2094 Athenaeo

371 2121 501 2160 erant,
536 2111 771 2152 Haliartum
809 2110 1095 2151 circumsedit:
1138 2110 1463 2166 palantibusque
1499 2110 1582 2151 iam
1622 2125 1756 2167 oppu-

370 2184 510 2225 gnare,
534 2169 771 2224 supervenit
793 2183 816 2209 a
839 2167 998 2208 Creusa
1018 2177 1193 2223 praetor.
1256 2168 1328 2208 Ad
1350 2168 1461 2209 idem
1483 2167 1567 2209 fere
1589 2176 1755 2224 tempus

371 2236 413 2267 et
433 2227 484 2268 ab
511 2227 630 2268 soc1is
658 2241 783 2266 naves
814 2225 1061 2266 Chalcidem
1090 2235 1399 2266 convenerunt:
1433 2225 1539 2267 duae
1567 2225 1754 2267 Punicae

370 2285 705 2340 quinqueiemeS,
729 2284 836 2324 duae
865 2284 915 2324 ab
944 2282 1150 2323 Heiaclea.
1171 2298 1223 2323 ex
1252 2282 1389 2324 Ponto
1395 2284 1612 2348 triremes,
1633 2292 1755 2339 quat-

370 2351 464 2383 tuor
500 2342 783 2390 Chalcedone,
821 2340 995 2382 totidem
1036 2339 1171 2405 Samo,
1209 2350 1299 2381 tum
1333 2340 1521 2397 quinque
1558 2341 1752 2383 Rhodiae

369 2399 538 2455 quadril
541 2415 663 2441 emes
728 2398 782 2439 Η
776 2414 818 2439 as
838 2413 901 2454 pi
889 2410 1016 2447 Γ10101
1040 2399 1138 2454 quia
1162 2413 1368 2454 nusquam
1390 2408 1478 2440 erat
1498 2399 1752 2440 maritimum

367 2457 536 2507 bellum,
560 2457 718 2498 remisit
745 2456 876 2497 sociis.
940 2455 996 2496 Et
1020 2455 1072 2504 Q.
1093 2455 1278 2497 Marcius
1303 2455 1550 2498 Chalcidem
1577 2457 1752 2498 navibus

366 2515 494 2564 venit,
522 2515 658 2571 Alope
687 2523 819 2570 capta,
847 2513 1022 2562 Larissa,
1050 2528 1156 2569 quae
1181 2513 1395 2555 Cremaste
1424 2514 1590 2564 dicitur,
1617 2529 1752 2571 oppu-

365 2582 501 2629 gnata.

411 2739 423 2760 1
449 2731 532 2761 Alae
547 2731 646 2760 unius
661 2730 780 2767 mstar]
812 2728 863 2758 Ex
881 2728 909 2757 xi
926 2729 1032 2757 v-erbo
1078 2731 1140 2757 sus‘
1152 2728 1193 2758 ad
1210 2728 1310 2758 varias
1326 2727 1461 2768 regionis
1478 2731 1584 2767 partes
1601 2727 1748 2759 tuendas

364 2783 447 2810 rum,
463 2773 566 2811 imago
583 2783 619 2802 ac
636 2772 757 2811 species
773 2771 866 2801 unius
885 2770 974 2800 alae:
1001 2770 1033 2800 id
1078 2770 1230 2800 Ceterum
1246 2775 1394 2809 ερεφαιιιε
1410 2780 1449 2800 cx
1461 2770 1650 2803 coniectura
1665 2770 1748 2801 Dra-

363 2820 422 2853 est,
439 2825 502 2845 una
519 2815 751 2854 propemodum
767 2814 827 2844 ala.
863 2814 927 2843 Ala
944 2814 1030 2852 apud
1075 2813 1262 2842 kenbmchii
1279 2812 1419 2852 leposuit
1436 2813 1575 2843 Bekker.

364 2859 529 2888 Romanos
544 2862 758 2888 trecentorum
772 2858 871 2886 fenne
887 2856 1030 2895 equitum
1118 2864 1135 2893 3
1158 2856 1264 2895 Super
1287 2856 1448 2893 Alaleam]
1489 2855 1646 2895 Superato
1673 2855 1745 2888 Ma-

363 2905 439 2931 erat.
463 2901 568 2932 szv.
1076 2899 1145 2929 leae
1159 2897 1385 2938 promontorio.

407 2954 423 2974 α
444 2945 621 2984 Separatus
636 2941 739 2983 erat)]
760 2942 837 2973 Huc
851 2941 930 2972 illuc
946 2951 1030 2982 spar-
