1888 3194
360 183 444 221 220
870 180 1018 223 ΤΙΤΙ
1058 180 1238 222 LIVII

155 281 200 312 U.
217 281 256 313 C.
278 272 375 321 5853
391 269 495 311 meis
522 269 698 311 navibus
721 268 951 328 Corcyram
984 271 1112 312 tenui.
1176 269 1282 311 Inde
1309 269 1458 326 quinto
1479 269 1547 310 die
1574 267 1754 324 Delphis

153 324 194 355 A·
218 324 256 356 (3·
281 323 351 363 ¹67
364 326 584 383 ‘Apollini
615 342 691 383 pro
722 342 802 377 me,
834 328 1184 393 exercitibusque,
1220 337 1263 369 et
1297 327 1494 369 classibus
1529 325 1786 368 lustrandis9

365 384 630 425 ‘sacrificavi
694 384 737 426 A
758 384 939 441 Delphis
960 385 1109 441 quinto
1131 385 1235 426 die·
1225 400 1270 425 111
1295 393 1427 426 castla
1451 383 1648 448 perveni·
1681 381 1755 423 ubi

366 442 583 482 ‘exercitu
610 450 794 498 accepto,
821 443 992 483 mutatis
1019 442 1283 498 quibusdam,
1306 457 1413 498 quae
1443 456 1595 497 magna
1620 440 1756 495 impe-

366 502 378 520 ‘
394 498 584 540 dimenta
603 500 798 540 victoriae
821 509 951 549 erant,
973 514 1213 555 progressus
1234 499 1346 549 inde,
1370 499 1470 555 quia
1492 499 1757 554 inexpugna-

367 555 495 597 ‘bilia
528 564 662 597 castra
696 556 879 598 hostium
911 565 1042 606 erant,
1076 571 1215 612 neque
1248 557 1341 612 cogi
1373 570 1579 620 pugnare
1592 561 1758 611 poterat

367 616 483 663 (1·6Χ,
513 613 623 654 inter
652 613 858 669 praesidia
888 614 977 654 eius
1008 613 1158 654 saltum
1190 613 1243 654 ad
1274 613 1441 654 Petram
1473 612 1596 662 evasi,
1625 620 1679 661 et,
1702 610 1754 652 ad
1772 624 1785 645 1

368 673 581 726 ‘pugnam
613 686 710 726 rege
743 680 900 719 coacto,
923 670 1010 711 acie
1031 670 1138 710 vici:
1173 669 1470 711 {Macedoniam
1501 670 1546 710 in
1573 676 1758 725 potesta-

368 731 381 749 (
397 736 481 768 10111
502 727 647 783 populi
671 728 852 768 Romani
873 727 1028 782 redegi,
1052 735 1106 776 ct,
1125 727 1240 782 quod
1261 726 1415 767 bellum
1437 741 1513 782 per
1532 726 1758 782 quadrien·
1771 737 1788 758 2

369 788 381 806 ‘
396 784 514 824 nium
537 792 736 839 quattuor
756 793 852 824 ante
875 798 942 824 me
964 783 1156 824 consules
1183 783 1242 824 ita
1267 792 1496 839 gesserunt,
1519 791 1566 823 ut
1593 797 1759 838 semper

369 841 621 881 ‘successori
661 840 876 881 traderent
914 841 1092 896 gravius,
1129 839 1175 880 id
1213 855 1292 896 ego
1332 839 1576 896 quindecim
1611 839 1762 880 diebus

368 897 562 953 ‘perfeci
625 897 818 938 Aliarum
849 897 1003 938 deinde
1037 896 1316 938 secundarum
1348 912 1488 938 rerum
1517 896 1632 938 velut
1663 911 1760 952 pro-

369 958 544 995 ‘ventus
573 963 750 996 secutus.
816 953 1021 996 Civitates
1048 969 1193 995 omnes
1215 953 1493 995 Macedoniae
1519 968 1562 996 se
1584 953 1761 994 dedide-

369 1015 381 1034 ‘
396 1020 520 1061 runt3
556 1026 657 1067 gaza
686 1012 801 1068 regia
830 1012 876 1052 in
905 1020 1155 1076 potestatem
1186 1012 1327 1061 venit3
1360 1026 1435 1053 rex
1465 1011 1568 1068 ipse,
1591 1010 1760 1052 traden-

369 1073 380 1091 ‘
399 1069 507 1110 tibus
527 1084 657 1125 prope
679 1069 778 1125 ipsis
799 1069 925 1118 diis,
915 1084 959 1109 111
981 1069 1145 1134 templo
1162 1068 1479 1111 Samothracum
1501 1083 1598 1110 cum
1617 1067 1759 1110 liberis

369 1130 460 1167 ‘est
494 1135 652 1182 captus.
716 1125 829 1167 Mihi
865 1141 1034 1182 quoque
1070 1126 1149 1182 ipsi
1184 1126 1315 1167 nimia
1349 1126 1432 1167 iam
1468 1125 1636 1167 fortuna
1665 1139 1760 1166 mea

369 1183 543 1233 ‘videri,
566 1198 702 1239 eoque
725 1193 918 1248 suspecta
937 1198 1037 1224 esse.
1094 1183 1226 1224 Maris
1246 1183 1433 1239 pericula
1454 1183 1601 1224 timere
1623 1182 1756 1247 coepi,

369 1240 441 1280 ‘in
475 1248 590 1281 tanta
619 1241 800 1297 pecunia
831 1240 945 1296 regia
976 1241 1021 1281 in
1054 1239 1220 1281 Italiam
1248 1240 1506 1290 traiicienda,
1532 1248 1576 1281 et
1601 1239 1758 1281 victore

370 1297 585 1338 ‘exercitu
618 1298 950 1362 transportando.
1024 1298 1254 1353 Postquam
1289 1298 1431 1338 omnia
1464 1296 1649 1338 secundo
1683 1311 1760 1338 na-

369 1355 509 1395 ‘vium
550 1370 673 1395 cursu
714 1355 757 1395 in
795 1354 958 1396 Italiam
998 1363 1292 1411 pervenerunt,
1328 1370 1468 1411 neque
1505 1363 1606 1404 erat,
1643 1353 1760 1410 quod

369 1411 506 1452 ‘ultra
536 1427 739 1468 precarer,
773 1411 878 1452 illud
914 1412 1066 1468 optavi,
1101 1421 1160 1462 ut,
1195 1427 1327 1467 quum
1358 1427 1412 1452 ex
1444 1426 1607 1453 summo
1646 1419 1758 1453 retro

369 1468 507 1510 ‘volvi
541 1469 709 1510 fortuna
744 1478 994 1518 consuesset,
1029 1469 1306 1510 mutationem
1346 1469 1435 1509 eius
1474 1468 1624 1509 domus
1665 1483 1760 1509 mea

369 1531 380 1549 ‘
395 1526 546 1582 potius,
599 1541 725 1582 quam
775 1526 1021 1581 respublica,
1072 1526 1255 1567 sentiret.
1318 1525 1467 1581 Itaque
1517 1525 1790 1567 defunctam-⁹»

369 1588 381 1606 ‘
397 1598 484 1624 esse
506 1583 716 1624 fortunam
738 1583 949 1639 publicam
971 1599 1064 1624 mea
1085 1592 1169 1624 tam
1190 1583 1344 1639 insigni
1361 1582 1594 1624 calamitate
1611 1597 1756 1639 spero;

369 1645 381 1664 ‘
397 1640 511 1696 quod
534 1641 770 1697 triumphus
791 1656 922 1690 meus,
945 1641 1060 1682 velut
1088 1641 1141 1681 ad
1168 1640 1397 1682 ludibrium
1418 1654 1590 1681 casuum
1610 1640 1759 1682 huma-

368 1703 558 1747 ‘norum,
596 1698 760 1739 duobus
795 1698 1011 1739 funeribus
1046 1698 1271 1739 liberorum
1307 1712 1496 1739 meorum
1531 1706 1594 1739 est
1627 1697 1760 1739 inter-

368 1760 380 1778 ‘
395 1755 565 1811 positus.
630 1755 698 1804 Et,
722 1770 853 1811 quum
882 1770 961 1811 ego
989 1763 1032 1796 et
1052 1755 1229 1796 Perseus
1256 1770 1371 1796 nune
1396 1755 1554 1796 nobilia
1576 1754 1758 1797 maxime

368 1817 380 1836 ‘
395 1812 514 1853 sortis
536 1812 775 1853 mortalium
797 1790 991 1868 exemopla
1011 1822 1260 1869 spectemur,
1283 1812 1366 1863 1116,
1385 1812 1459 1868 qui
1479 1821 1576 1854 ante
1597 1827 1640 1853 se
1661 1827 1760 1868 cap-

368 1870 514 1919 ‘tivos,
547 1870 736 1925 captivus
768 1869 870 1934 ipse,
899 1870 998 1911 duci
1030 1871 1181 1911 liberos
1205 1870 1322 1919 vidit,
1352 1869 1585 1911 incolumes
1617 1878 1759 1911 tamen

368 1932 379 1950 ‘
395 1941 466 1968 eos
486 1926 637 1967 habet:
672 1942 763 1981 ego,
787 1942 860 1982 qul
885 1927 938 1967 de
964 1926 1036 1967 illo
1061 1927 1328 1982 triumphavi,
1350 1927 1401 1968 ab
1423 1926 1592 1968 alterius
1611 1925 1758 1967 funere

369 1989 380 2007 ‘
395 1983 472 2023 filii
493 1998 617 2024 curru
638 1984 682 2023 in
706 1983 1002 2039 [Capitolium,
1021 1983 1074 2024 ad
1095 1983 1293 2039 alterum]
1317 1998 1372 2024 ex
1395 1982 1607 2039 Capitolio
1627 1997 1759 2039 prope

369 2039 478 2080 ‘iam
512 2040 795 2095 exspirantem
831 2040 952 2081 veni:
1000 2055 1139 2095 neque
1176 2055 1229 2081 ex
1265 2048 1381 2081 tanta
1415 2040 1543 2096 stirpe
1578 2039 1760 2081 liberum

369 2103 380 2121 ‘
396 2105 595 2153 superest,
618 2097 692 2153 qui
714 2097 763 2138 L.
781 2097 955 2138 Aemilii
977 2097 1113 2138 Paulli
1134 2112 1290 2139 nomen
1310 2097 1425 2139 ferat.
1488 2097 1610 2139 Duos
1630 2097 1758 2148 enim,

410 2253 429 2283 9
447 2243 606 2273 Classibus
622 2243 816 2280 lustrandis]
840 2244 959 2273 Lustra
974 2243 1040 2273 vul-

367 2296 406 2323 go
434 2285 560 2325 legitur,
584 2286 670 2324 quod
694 2285 780 2315 haud
805 2285 901 2315 dubie
929 2286 1041 2324 depra-

370 2331 477 2357 vatum
503 2331 559 2358 est.
612 2328 728 2358 Vestris
752 2327 910 2366 Sigonius,
931 2329 1042 2358 lustris

369 2370 539 2400 Bekkerus
555 2370 715 2400 emendat.

416 2422 427 2442 1
454 2414 577 2442 ,S'ullum
595 2413 638 2441 ml
651 2413 802 2450 Petrum]
830 2412 935 2442 Locus
951 2422 1042 2442 voea-

368 2457 420 2483 tur
436 2455 602 2492 Pythium,
619 2464 702 2493 supr.
720 2454 796 2485 xliv.
814 2462 864 2493 35.
905 2455 992 2485 Plut.
1010 2454 1042 2484 in

369 2496 521 2533 Aemilio,
537 2496 589 2526 ubi
607 2497 723 2526 saltum
748 2497 834 2526 1111110
856 2500 1042 2536 superatum

369 2542 486 2574 narrat,
517 2542 689 2577 utrumque
719 2549 834 2568 nomen
867 2539 1042 2578 coniungit,

368 2579 427 2615 τὴν
443 2578 628 2620 (εἰσβολὴν)
645 2580 725 2619 παρὰ
741 2580 777 2610 τὸ
793 2579 905 2610 Πύθιον
920 2580 969 2611 καὶ
985 2581 1044 2618 τὴν

370 2620 500 2660 Πέτραν.
525 2623 630 2652 (3111111.

414 2673 430 2693 2
452 2666 520 2693 l'er
535 2665 783 2703 quadriennium
800 2669 953 2704 quatluor
968 2670 1043 2695 (mle

369 2716 417 2737 me
440 2704 598 2743 consules]
635 2705 755 2736 Mirum
774 2706 872 2736 videri
889 2707 996 2743 debet,
1012 2710 1044 2737 et

370 2758 454 2787 supr.
473 2757 522 2787 39.
540 2751 571 2777 et
592 2747 644 2777 hic
667 2757 773 2777 rursus
796 2758 963 2787 perperam
986 2758 1042 2778 nu-

370 2790 484 2820 merari
505 2800 616 2827 11111103,
632 2789 748 2828 quibus
758 2790 879 2820 bellum
892 2791 1043 2820 adversus

373 2833 489 2862 Persea
504 2835 629 2871 gestum
646 2835 702 2862 est.
746 2832 882 2862 Constat
898 2831 994 2869 enim,
1009 2835 1041 2862 ut

371 2875 458 2913 quod
484 2874 636 2911 maxime,
659 2884 698 2904 ex
723 2874 987 2912 praecedentibus
1006 2874 1041 2904 li-

371 2917 445 2955 bris,
461 2920 523 2948 tres
538 2920 663 2947 tantum
682 2917 828 2947 consules
843 2920 918 2947 ante
934 2917 1041 2948 Aemi—

1085 2242 1166 2272 lium
1183 2242 1337 2273 Paullum
1354 2253 1411 2282 per
1425 2241 1599 2274 triennium
1616 2243 1678 2274 hoc
1692 2243 1761 2274 bel-

1086 2285 1153 2314 lum
1184 2285 1434 2323 administrasse,
1464 2295 1583 2326 nempe
1613 2286 1650 2317 P.
1676 2285 1760 2316 Lici-

1086 2327 1175 2357 nium
1196 2328 1360 2365 Crassum,
1377 2328 1416 2359 A.
1432 2328 1612 2359 Hostilium
1633 2327 1760 2359 Manci-

1086 2380 1176 2407 num,
1193 2370 1235 2405 Q.
1250 2370 1411 2401 Marcium
1436 2370 1638 2410 Philippum.
1683 2370 1760 2402 Cre-

1087 2413 1161 2442 dere
1178 2412 1230 2442 vix
1246 2413 1403 2443 audemus
1424 2412 1511 2443 hunc
1534 2422 1672 2443 errorem
1692 2422 1762 2443 esse

1087 2464 1105 2484 a
1122 2454 1223 2486 Livio.
1270 2455 1460 2486 Incusemus
1481 2455 1578 2495 igitur
1596 2458 1759 2495 corrupto-

1087 2496 1129 2526 ris
1144 2496 1366 2536 pervicaciam.
1390 2498 1496 2529 ΟΜΝ.

1130 2548 1147 2577 3
1172 2540 1371 2577 Defunctum
1385 2550 1450 2571 esse
1462 2540 1635 2578 fortunam
1653 2539 1760 2579 publi—

1087 2581 1172 2620 cam]
1204 2581 1353 2612 Liberam
1380 2586 1413 2612 et
1436 2582 1614 2612 immunem
1640 2582 1760 2612 factam

1088 2633 1155 2653 esse
1169 2624 1331 2653 fortunam
1355 2624 1519 2663 publicam
1535 2624 1575 2654 ab
1591 2623 1678 2654 omni
1693 2633 1760 2654 ma-

1088 2666 1191 2695 lorum
1218 2669 1308 2695 metu
1333 2676 1371 2696 ac
1395 2665 1550 2704 periculo,
1573 2675 1631 2704 per
1652 2675 1760 2696 meam

1089 2707 1327 2744 calamitatem3
1363 2707 1396 2737 in
1423 2717 1528 2737 meam
1555 2707 1679 2737 scilieet
1705 2708 1760 2738 do-

1087 2759 1176 2778 mum
1204 2759 1291 2778 verso
1318 2749 1474 2788 quidquid
1500 2749 1705 2787 calamitatis,
1726 2749 1760 2780 in

1087 2790 1382 2829 compensationem
1409 2791 1505 2821 nimis
1531 2792 1687 2822 laetarum
1713 2801 1760 2822 re-

1087 2842 1170 2869 rum,
1186 2832 1373 2873 impendere
1389 2832 1604 2873 Reipublicae
1625 2836 1759 2874 poterat.

1087 2875 1192 2906 Cnssv.
