1888 3194
122 243 166 274 U.
183 243 221 275 C.
243 249 313 283 575.

121 286 160 317 A.
185 286 223 318 C.
248 293 316 325 177.

188 353 252 391 14.

123 408 256 448 Ligures

121 451 287 483 rebellant.

127 874 276 906 Comitia.

135 1330 178 1362 U.
195 1330 234 1361 C.
257 1328 327 1369 576.

131 1374 171 1404 A.
195 1373 232 1404 C.
260 1371 329 1411 176.

133 1416 195 1447 Cn.
210 1416 287 1447 Cor-

133 1458 230 1495 nelio,
248 1459 290 1494 Q.

135 1500 267 1531 Petillio

134 1543 206 1575 Cos.

207 1962 269 2001 15.

326 148 374 184 18
834 143 980 186 ΤΙΤΙ
1021 143 1197 185 LIVII

329 234 459 277 Sociis
483 235 658 277 dimidio
685 236 834 285 minus,
857 251 983 291 quam
1009 235 1179 285 civibus,
1201 234 1370 275 datum:
1403 234 1544 289 itaque
1572 230 1698 280 taciti,

328 301 375 334 ut
394 300 517 335 lratos
538 309 625 334 esse
647 293 831 342 sentires,
853 293 984 334 secuti
1004 303 1101 334 sunt
1121 307 1299 334 currum.

388 350 505 393 Dum
526 351 560 392 is
580 350 814 407 triumphus
835 350 886 391 de
909 350 1133 406 Liguribus
1154 350 1363 406 agebatur,
1381 348 1569 404 Ligures,
1590 355 1702 403 post-

331 424 454 465 quam
477 417 706 458 senserunt,
723 423 807 449 non
824 408 1080 449 consularem
1097 416 1258 448 tantum
1273 407 1502 448 exercitum
1523 405 1703 447 Romam

331 466 571 516 abductum,
603 466 676 507 sed
706 465 913 522 legionem
944 467 995 507 ab
1031 465 1096 506 Ti.
1123 464 1303 506 Claudio
1338 464 1445 505 Pisis
1479 462 1702 511 dimissam,

330 524 455 565 soluti
481 532 608 573 metu,
631 523 735 564 clam
757 523 944 564 exercitu
970 523 1140 571 indicto,
1163 537 1237 578 per
1263 531 1512 562 transversos
1538 520 1703 568 limites,

331 582 532 638 superatis
552 581 774 631 montibus,
791 581 835 621 in
856 595 1021 636 campos
1041 580 1234 636 degressi,
1252 594 1396 635 agrum
1418 577 1706 620 Mutinensem

331 639 531 695 populati,
559 638 779 694 repentino
807 638 966 693 impetu
994 637 1197 678 coloniam
1225 637 1355 693 ipsam
1383 644 1594 692 ceperunt.
1655 633 1707 675 Id

333 697 405 738 ubi
438 696 617 737 Romam
650 695 819 736 allatum
855 704 927 744 est,
959 704 1125 735 senatus
1158 694 1207 735 C.
1234 693 1461 735 Claudium
1495 692 1708 733 consulem

333 754 501 795 comitia
519 754 654 810 primo
676 768 843 809 quoque
866 760 1051 808 tempore
1079 752 1231 793 habere
1256 751 1384 800 iussit,
1407 750 1636 805 creatisque
1664 749 1709 789 in

334 827 490 853 annum
518 810 823 866 magistratibus
851 809 894 849 in
915 809 1169 865 provinciam
1194 808 1342 857 redire,
1365 817 1407 849 et
1431 807 1635 848 coloniam
1656 821 1709 847 ex

334 869 520 910 hostibus
540 868 736 923 recipere.
797 866 875 915 Ita,
898 866 960 907 uti
987 866 1149 907 censuit
1170 874 1348 915 senatus,
1370 865 1538 906 comitia
1556 863 1707 905 habita.

338 925 543 968 Consules
570 925 709 973 creati,
742 923 821 965 Cn.
844 923 1066 965 Cornelius
1094 923 1232 979 Scipio
1261 922 1486 979 Hispallus,
1512 921 1565 970 Q.
1581 920 1712 963 Petil-

334 983 413 1024 lius
444 983 658 1039 Spurinus.
721 982 938 1023 Praetores
966 981 1063 1022 inde
1094 981 1203 1030 facti,
1227 980 1288 1022 M.
1308 980 1509 1036 Popillius
1535 979 1711 1030 Laenas,

335 1041 382 1082 P.
403 1040 590 1082 Licinius
610 1039 796 1089 Crassus,
815 1039 876 1079 M.
896 1038 1117 1080 Cornelius
1137 1038 1288 1094 Scipio,
1304 1038 1352 1079 L.
1369 1037 1560 1094 Papirius
1577 1036 1711 1087 Maso,

336 1098 399 1140 M.
420 1098 618 1147 Aburius,
641 1097 690 1138 L.
711 1096 924 1153 Aquillius
948 1096 1104 1138 Gallus.
1169 1096 1218 1137 C.
1241 1095 1418 1137 Claudio
1440 1094 1598 1136 consuli
1618 1109 1714 1150 pro·-

336 1164 527 1212 rogatum
554 1155 599 1196 in
626 1170 783 1196 annum
814 1155 1047 1210 imperium,
1076 1162 1118 1195 et
1147 1153 1285 1194 Gallia
1310 1153 1544 1210 provincia:
1578 1161 1632 1202 et,
1659 1159 1745 1193 ne8

336 1213 433 1255 Istri
453 1213 578 1262 idem,
601 1213 714 1269 quod
734 1220 777 1253 et
798 1212 986 1268 LigureS,
1007 1212 1201 1261 facerent,
1219 1212 1351 1252 socios
1372 1210 1552 1251 nominis
1573 1209 1714 1251 Latini

339 1272 383 1312 in
411 1271 574 1312 Istriam
602 1271 799 1319 mitteret,
822 1284 924 1325 quos
952 1269 1152 1325 triumphi
1179 1284 1300 1310 causa
1325 1269 1377 1310 de
1405 1268 1617 1324 provincia
1643 1267 1716 1308 de-

339 1328 535 1370 duxisset.
600 1327 680 1369 Cn.
702 1327 900 1369 Cornelio
924 1336 966 1368 et
998 1327 1049 1375 Q.
1069 1326 1235 1367 Petillio
1263 1318 1515 1375 consulibus,
1536 1341 1619 1381 quo
1647 1324 1715 1366 die

341 1387 625 1443 magistratum
657 1385 853 1434 inierunt,
891 1384 1200 1425 immolantibus
1232 1383 1322 1425 Iovi
1362 1383 1534 1440 singulis
1568 1383 1716 1432 bubUS,

341 1444 403 1485 uti
424 1443 540 1493 solet,
562 1443 605 1483 in
633 1458 682 1484 ea
701 1443 849 1492 hostia,
872 1457 955 1498 qua
985 1441 1037 1490 Q.
1054 1442 1243 1483 Petillius
1270 1441 1524 1492 sacrificavit,
1547 1441 1591 1481 in
1618 1440 1749 1485 ioci-9

343 1517 443 1543 nore
465 1510 589 1557 caput
605 1515 691 1541 non
711 1501 941 1541 inventum.
1003 1499 1055 1540 Id
1071 1514 1200 1555 quum
1221 1499 1274 1540 ad
1294 1508 1483 1542 senatum
1498 1498 1717 1548 retulisset,

342 1560 446 1601 bove
462 1558 655 1614 perlitare
671 1558 815 1598 iussus.
877 1557 944 1598 De
961 1557 1183 1613 provinciis
1203 1557 1356 1598 deinde
1370 1556 1580 1598 consultus
1601 1570 1718 1596 sena-
1735 1571 1747 1592 1

344 1625 410 1658 tus
437 1616 552 1657 Pisas
580 1623 623 1657 et
650 1615 826 1671 Ligures
853 1615 1084 1671 provincias
1114 1614 1352 1656 consulibus
1380 1614 1573 1655 decrevit.
1637 1612 1720 1655 Cui

343 1674 463 1715 Pisae
479 1674 691 1730 provincia
707 1673 952 1722 obvenisset,
967 1687 1097 1728 quum
1118 1672 1432 1728 magistratuum
1447 1670 1720 1712 creandorum

344 1740 507 1787 tempus
529 1740 646 1780 esset,
669 1730 723 1771 ad
750 1730 916 1771 comitia
942 1729 1091 1771 reverti
1119 1730 1246 1770 iussit.
1309 1729 1518 1770 Additum
1538 1728 1718 1777 decreto,

344 1798 392 1830 ut
410 1789 528 1830 binas
555 1788 739 1844 legiones
765 1802 891 1828 novas
919 1787 1157 1836 scriberent,
1180 1795 1222 1828 et
1249 1796 1436 1828 trecenos
1463 1786 1646 1841 equites3
1678 1793 1752 1826 etz

346 1846 456 1887 dena
482 1845 611 1886 millia
634 1845 824 1901 peditum
855 1844 974 1885 sociis
1001 1844 1244 1899 nominique
1273 1843 1438 1893 Latino,
1461 1851 1503 1883 et
1523 1857 1721 1883 sexcenos

346 1904 598 1959 imperarent
618 1902 790 1958 equites.
852 1901 917 1942 Ti.
937 1901 1116 1941 Claudio
1136 1909 1401 1956 prorogatum
1417 1908 1479 1941 est
1499 1899 1721 1955 imperium

347 1961 393 2001 in
413 1960 457 2001 id
478 1968 653 2014 tempus,
671 1974 756 2014 quo
776 1959 820 1998 in
841 1957 1095 2014 provinciam
1116 1957 1260 1998 consul
1279 1958 1470 1998 venisset.
1531 1956 1647 1997 Dum
1668 1955 1720 1997 de

347 2017 412 2058 his
428 2017 549 2058 rebus
564 2017 607 2056 in
624 2024 770 2056 senatu
786 2016 933 2070 agitur,
954 2014 1033 2055 Cn.
1052 2013 1286 2065 Cornelius,
1304 2023 1497 2055 evocatus
1513 2029 1537 2054 a
1553 2013 1720 2063 viatore,

348 2089 479 2130 quum
518 2073 673 2129 templo
714 2087 900 2129 egressus
932 2080 1050 2121 esset,
1083 2071 1222 2127 paullo
1260 2080 1353 2128 post
1388 2071 1513 2113 rediit
1551 2071 1721 2112 confuso

347 2131 478 2181 vultu,
512 2139 554 2172 et
589 2131 780 2186 exposuit
815 2129 1007 2171 Patribus
1042 2129 1293 2185 conscriptis,
1329 2129 1445 2170 bovis
1479 2128 1719 2178 sexcenarii,
1735 2142 1752 2172 3

393 2300 411 2329 8
435 2301 487 2330 Ne
502 2300 580 2329 Islri
600 2299 697 2336 idem]
723 2299 774 2329 Ne
794 2299 872 2328 Istrz'
893 2308 1015 2338 quoque

352 2343 431 2373 idem
449 2343 657 2382 reposuerunt
672 2341 764 2371 Crev.
781 2343 813 2370 et
829 2340 969 2370 Bekker.

394 2394 413 2424 9
437 2386 479 2415 In
494 2385 631 2414 iocinore
646 2384 759 2422 caput]
785 2382 824 2413 cf.
841 2383 934 2422 Supr.
951 2382 1015 2413 viii.

353 2437 381 2468 9.
405 2426 503 2457 xxvii.
522 2424 570 2456 26.

399 2479 410 2498 1
436 2470 520 2500 Bove
540 2466 710 2508 perlitare]
735 2467 810 2497 Hoc
831 2467 871 2497 de
891 2477 1016 2507 genere,

352 2522 416 2542 non
447 2512 486 2542 de
520 2520 655 2540 numero
691 2510 866 2540 hostiarum
895 2509 1016 2540 dictum

354 2564 477 2584 censeo.
522 2553 610 2583 Nam
634 2552 791 2583 incertum
815 2555 862 2582 est
887 2562 928 2582 an
952 2563 1017 2583 uno

353 2597 504 2637 perlitare
521 2598 635 2635 posset.
681 2596 757 2634 Ipse
773 2595 884 2634 paullo
900 2599 971 2634 post
986 2605 1019 2625 se

355 2640 456 2669 tribus
493 2638 658 2677 perlitasse
694 2641 799 2676 negat,
828 2640 859 2667 et
892 2642 1019 2668 senatus

355 2691 429 2711 cum
444 2681 616 2711 maioribus
631 2681 739 2710 hostiis
753 2690 853 2718 usque
868 2680 909 2710 ad
926 2680 1018 2719 perli-

353 2724 508 2754 tationem
525 2722 700 2752 sacrificare
715 2722 814 2753 iussit.
838 2722 975 2752 Dunssn.

399 2776 415 2796 ‘z
439 2767 541 2795 Bimzs
559 2766 695 2804 leyiones
712 2775 811 2795 novas
825 2766 1014 2802 scriberent]

356 2809 435 2839 Post
458 2817 568 2838 vocem
591 2808 762 2838 scriberent
787 2807 939 2837 excidisse
962 2808 1017 2837 ali-

356 2851 432 2890 quid
453 2850 614 2880 existimat
632 2849 772 2887 Crevier,
788 2860 850 2888 quo
873 2849 1018 2888 peditum

356 2903 507 2924 numerus
535 2891 715 2928 definiatur,
742 2895 773 2922 et
799 2893 1016 2931 reponendum

358 2936 436 2974 vult,
451 2937 551 2975 quina
571 2935 672 2965 millia
692 2936 727 2964 in
748 2935 893 2974 singulas
913 2940 941 2966 et
962 2936 1017 2965 dn-

1059 2308 1149 2328 cenos
1178 2298 1311 2337 pediteS,
1340 2302 1480 2329 trecenos
1515 2298 1644 2337 equite&
1682 2298 1723 2328 cf.

1059 2349 1143 2379 supr.
1161 2349 1189 2380 9.
1206 2343 1237 2370 et
1253 2340 1297 2369 xl.
1318 2340 1365 2370 18.

1102 2391 1119 2420 3
1153 2384 1249 2413 Bovis
1284 2383 1479 2420 seoecenarz'z’]
1535 2383 1723 2413 Seoeeenarz'i

1062 2424 1216 2455 Graevius
1231 2425 1391 2462 emendat,
1411 2424 1442 2455 h.
1459 2434 1485 2454 e.
1502 2427 1723 2455 sexcentarum

1061 2468 1168 2506 pondo
1184 2467 1335 2497 librarum
1351 2470 1383 2497 et
1398 2466 1529 2506 proinde
1540 2466 1724 2506 grandioris,

1060 2510 1145 2540 unde
1164 2513 1347 2549 portentum
1365 2512 1456 2539 tanto
1471 2509 1641 2539 haberetur
1655 2510 1723 2540 tris-

1061 2551 1135 2589 tius,
1153 2552 1238 2591 quod
1258 2551 1339 2582 tanti
1360 2551 1508 2591 ponderis
1527 2551 1616 2582 bovis
1638 2551 1725 2583 iecur

1063 2594 1260 2626 diffluxisset.
1293 2595 1400 2634 Vulgo
1416 2593 1531 2634 legitur
1541 2596 1725 2633 sescenwis,

1063 2638 1148 2676 quod
1165 2637 1339 2668 Gutherius
1355 2648 1373 2667 a
1390 2647 1466 2667 voce
1481 2647 1575 2668 scena
1591 2636 1725 2668 derivari

1063 2683 1167 2719 putat,
1193 2690 1289 2718 quam
1317 2679 1431 2710 Festus
1457 2680 1549 2709 docet
1576 2689 1643 2709 esse
1669 2683 1725 2710 aut.

1062 2722 1198 2752 securim
1221 2726 1276 2752 aut
1303 2723 1465 2752 dolabram
1496 2721 1726 2761 pontificalem,

1062 2765 1107 2795 ita
1131 2768 1166 2794 ut
1188 2766 1369 2795 sacceum-is
1390 2765 1447 2794 bos
1469 2764 1572 2794 dictus
1596 2764 1647 2802 sit,
1670 2765 1726 2794 bos

1063 2818 1099 2837 eo
1136 2817 1249 2846 genere
1285 2807 1378 2837 cultri
1414 2807 1608 2837 immolatus.
1667 2806 1728 2837 Vir

1063 2850 1176 2880 doctus
1211 2850 1252 2879 ad
1288 2849 1461 2889 marginem
1499 2850 1548 2880 ed.
1580 2848 1728 2881 Curionis

1062 2892 1216 2932 ascripsit,
1231 2893 1282 2923 bos
1296 2894 1451 2924 semermis.
