1888 3194
480 220 607 263 LIB.
640 219 808 261 XLIII.
854 218 1000 261 CAP.
1039 223 1101 262 16.
1404 225 1482 263 115

92 311 334 356 libertinum
362 310 563 368 parietem
590 310 635 351 in
668 309 794 352 Sacra
820 309 888 351 via
916 310 1112 352 adversus
1140 310 1264 352 aedes
1293 311 1479 367 publicas
1495 320 1539 352 U
1555 321 1593 352 c
1617 322 1690 361 58³·

59 370 285 417 9demoliri
311 369 528 418 iusserant,
551 367 666 424 quod
692 367 862 424 publico
889 368 1177 410 inaedificatus
1205 377 1324 410 esset.
1386 363 1687 426 Ap,A.C.169.

91 427 234 484 pellati
263 442 288 468 a
316 426 477 483 privato
508 425 676 467 tribuni.
743 425 888 474 Quum
918 435 1082 482 praeter
1113 425 1322 467 Rutilium
1352 441 1478 468 nemo

63 484 382 533 1intercederet,
405 498 595 525 censores
623 482 676 524 ad
702 482 879 539 pignora
905 483 1109 540 capienda
1132 483 1347 533 miserunt,
1370 483 1478 525 mul-

90 550 260 598 tamque
281 556 357 598 pro
381 541 583 582 concione
603 540 694 597 priv
697 550 764 582 ato
789 541 998 582 dixerunt.
1062 540 1178 582 Hinc
1206 541 1476 582 contentione

89 607 192 649 orta;
213 614 344 656 quum
372 608 534 640 veteres
560 598 773 655 publicani
800 613 842 639 se
871 598 941 640 ad·
950 599 1164 640 tribunum
1189 598 1475 648 contulissent,

88 671 136 699 ro
190 657 249 698 tio
283 665 456 714 repente
492 657 568 698 sub
604 671 728 697 umus
764 656 921 697 tribuni
957 657 1126 698 nomine
1162 656 1472 713 pr0m1110atur:

90 671 241 763 ‘giiae
265 714 434 771 publica
460 713 680 770 vectigalia
707 723 778 755 aut
806 713 916 756 ultro
945 714 1100 756 tributa
1129 713 1179 756 C.
1201 713 1406 756 Claudius
1433 723 1476 756 et

90 772 186 814 ‘Ti.
213 771 482 829 Sempronius
511 771 727 821 locassent,
760 787 809 813 ea
839 781 929 813 rata
957 771 1108 814 locatio
1138 787 1192 814 ne
1223 781 1341 814 esset.
1405 772 1476 813 Ab

90 835 104 855 ‘
118 829 281 886 integro
297 829 544 879 locarentur,
562 838 604 871 et
625 839 671 871 ut
688 830 881 871 omnibus
898 829 1132 872 redimendi
1154 842 1196 872 et
1212 829 1477 872 conducendi

59 893 105 924 2‘
118 888 352 945 promiscue
380 888 445 929 ius
469 888 602 929 esset)
661 887 788 929 Diem
817 887 870 928 ad
898 888 986 929 eius
1010 888 1270 944 rogationem
1298 887 1476 930 concilio

89 946 283 988 tribunus
302 945 434 1002 plebis
454 945 573 987 dixit.
638 944 725 994 Qui
746 954 967 1002 postquam
988 946 1115 996 venit,
1139 955 1185 987 ut
1204 961 1396 988 censores
1424 945 1477 987 ad

89 1003 417 1045 dissuadendum
462 1012 765 1059 processelunt,
810 1001 1002 1045 Graccho
1042 999 1223 1053 dicente,
1264 1003 1477 1045 silentium

88 1061 179 1103 fuit.
234 1060 380 1126 Quum
400 1060 580 1102 Claudio
597 1061 917 1116 obstreperetur,
934 1061 1191 1102 audientiam
1206 1061 1341 1102 facere
1358 1076 1477 1118 prae-

57 1131 76 1163 3
89 1133 238 1160 eonem
258 1118 386 1159 iussit.
451 1117 515 1159 Eo
535 1118 657 1167 facto,
680 1127 892 1159 avocatam
913 1134 938 1159 a
957 1133 999 1159 se
1021 1119 1267 1160 concionem
1285 1119 1477 1160 tribunus
1490 1132 1544 1163 Tr.
1563 1133 1613 1164 1‘1.

88 1185 273 1232 questus,
294 1184 337 1217 et
364 1175 407 1216 in
437 1175 627 1217 ordinem
655 1190 698 1222 se
727 1185 931 1225 coactum,
955 1191 1008 1217 ex
1039 1175 1264 1232 Capitolio,
1290 1176 1363 1217 ubi
1390 1186 1478 1217 erat
1491 1176 1575 1206 diem
1593 1185 1630 1205 ¹¹³

87 1233 325 1284 concilium,
343 1233 455 1275 abiit.
518 1232 692 1274 Postero
709 1232 804 1274 die
794 1242 986 1289 lugentes
1007 1233 1210 1275 tumultus
1226 1233 1346 1275 ciere.
1409 1233 1475 1275 Ti.
1491 1218 1578 1249 dicit

56 1290 274 1333 4Gracchi
301 1291 488 1357 primum
508 1291 619 1332 bona
639 1291 907 1340 consecravit,
930 1290 1076 1347 quod
1066 1306 1110 1332 1n
1135 1291 1268 1332 multa
1293 1291 1479 1356 pignori-

88 1349 249 1406 busque
285 1349 386 1400 eius,
418 1364 491 1405 qui
528 1349 742 1390 tribunum
771 1348 1037 1414 appellasset,
1069 1349 1356 1391 intercessioni
1392 1364 1479 1390 non

56 1406 287 1464 sparendo,
309 1422 352 1449 se
381 1407 424 1448 in
446 1406 636 1449 ordinem
664 1406 877 1463 coegisset.
943 1406 993 1449 C.
1013 1406 1194 1448 Claudio
1215 1407 1327 1448 diem
1356 1406 1477 1456 dixit,

55 1464 203 1522 6quod
222 1465 467 1508 concionem
497 1465 549 1506 ab
570 1479 612 1506 se
635 1474 856 1515 avocasset,
879 1473 923 1507 et
950 1465 1118 1520 utrique
1141 1465 1302 1507 censori
1323 1465 1480 1522 perdu-

57 1522 285 1567 7ellionem
314 1538 357 1565 se
388 1522 572 1564 iudicare
602 1523 903 1579 pronuntiavit,
932 1522 1130 1579 diemque
1162 1523 1341 1564 comitiis
1371 1538 1395 1564 a
1425 1522 1475 1564 C.

91 1580 277 1646 Sulpicio
296 1589 485 1637 praetore
503 1581 661 1622 urbano
677 1580 810 1637 petiit.
874 1579 976 1622 Non
993 1581 1280 1622 recusantibus
1295 1581 1478 1622 censori-

56 1639 180 1688 ebus,
201 1638 275 1695 qui
299 1638 437 1679 minus
464 1639 599 1694 primo
620 1653 789 1694 quoque
819 1647 1006 1695 tempore
1032 1638 1235 1680 iudicium
1263 1638 1316 1680 de
1338 1653 1381 1680 se
1402 1653 1478 1695 po-

48 1697 52 1701 ’
89 1695 213 1753 pulus
232 1695 398 1745 faceret,
421 1696 465 1736 in
486 1705 583 1738 ante
607 1695 696 1736 dies
725 1705 843 1737 octav
848 1711 918 1736 um
939 1704 981 1737 et
1006 1697 1232 1752 septimum
1262 1696 1478 1737 Kalendas

92 1753 297 1796 Octobres
327 1753 505 1795 comitiis
565 1752 832 1795 erduellionis
862 1753 974 1794 dicta
1003 1753 1103 1795 dies.
1168 1752 1375 1795 Censores
1405 1769 1478 1794 ex-

55 1811 286 1869 9templo
275 1827 319 1852 ln
350 1811 500 1852 atrium
573 1810 757 1852 ibertatis
787 1810 1087 1852 escenderunt.

131 1935 152 1967 9
174 1925 309 1956 Publica
330 1925 572 1964 inaedificatus]
604 1925 657 1954 Ita
676 1924 760 1954 aedi-

90 1967 215 2006 ficatus,
229 1971 266 1998 ut
280 1967 312 1998 in
330 1968 435 1998 locum
454 1967 619 2007 publicum
633 1976 760 2006 procur-

89 2014 181 2042 reret.
212 2010 251 2041 cf.
268 2020 353 2050 supr.
370 2009 480 2041 xxxix.
498 2022 548 2048 44.

136 2062 148 2084 1
174 2053 229 2084 Ad
246 2054 385 2094 piynora
408 2053 583 2093 capienda]
610 2052 648 2083 cf.
666 2052 759 2092 Supr.

89 2094 200 2136 ii1.38.
244 2096 395 2128 Ceterum
420 2096 507 2135 apud
524 2095 598 2126 Gaii
617 2095 760 2126 Institut.

89 2138 131 2171 iv,
147 2139 166 2178 fi
183 2137 232 2170 26.
248 2138 303 2170 ubi
316 2139 356 2169 de
373 2138 512 2179 pignoris
527 2138 662 2179 capione
679 2137 710 2168 in
727 2148 760 2169 re

89 2181 238 2222 vectigali
260 2181 381 2213 mentio
405 2182 489 2212 facta
509 2185 568 2219 est,
584 2181 670 2212 haud
694 2181 760 2211 scio

89 2235 131 2256 an
146 2226 213 2265 leffe
228 2235 352 2273 quoque
365 2225 509 2255 cerum-ia
526 2224 694 2264 legendum
709 2223 760 2261 sit,

89 2270 126 2299 ut
149 2267 341 2299 Dirksemus
363 2266 510 2305 coniecit,
534 2277 590 2307 pro
613 2277 651 2298 eo
673 2267 758 2306 quod

90 2310 249 2342 Klenzius
274 2314 307 2342 et
334 2309 529 2350 Bdckingius
559 2314 760 2350 receperunt

18 2379 30 2384 -
87 2364 130 2385 sc.
144 2354 211 2395 leye
225 2364 349 2396 quoque
365 2354 492 2384 Thoria.

25 2393 52 2415 -‘
134 2405 151 2427 2
176 2398 270 2429 Diem
299 2397 342 2427 ad
369 2397 439 2427 eius
468 2397 678 2436 roqationem]
715 2405 758 2427 sc.

90 2439 158 2471 Aut
173 2449 283 2471 vocem
296 2440 383 2480 leym
395 2443 451 2469 aut
466 2439 588 2469 tribuni
605 2444 676 2479 post
691 2440 760 2469 eius

89 2482 342 2513 subaudiendam
370 2492 438 2512 esse
463 2486 561 2522 patet.
606 2482 759 2513 Ceterum

85 2526 353 2566 promulgabatur
362 2525 427 2560 lex
437 2535 535 2565 quum
549 2524 579 2555 in
591 2525 761 2564 propatulo

90 2577 149 2608 per
171 2568 392 2600 trinundinum
421 2567 620 2607 inspicienda
646 2577 758 2608 propo-

90 2611 238 2649 uebatur,
258 2611 445 2651 royabatur..
459 2620 558 2650 quum
581 2610 612 2641 in
635 2614 759 2641 senten-

90 2652 168 2685 tiam
186 2654 326 2694 populus
341 2653 537 2685 mittebatur.

134 2705 152 2736 3
176 2698 226 2728 Eo
240 2697 342 2735 sacto.
359 2700 522 2727 avocatam
546 2707 565 2726 a
588 2707 620 2727 sc
643 2697 760 2726 concio-

90 2740 179 2778 nem]
210 2739 372 2770 Nimirum
397 2739 543 2770 tribunus
564 2738 701 2769 habebnt
726 2738 761 2769 il-

93 2781 157 2813 lam
184 2782 370 2814 concionem
393 2786 423 2813 et
447 2781 583 2813 concilio
607 2786 764 2822 praeerat,

92 2833 157 2855 non
179 2835 334 2856 censores.
383 2825 495 2861 Quum
517 2824 612 2864 igitur
634 2835 690 2864 pro
707 2835 760 2865 po-

93 2869 208 2899 tame
231 2867 368 2899 iussisset
390 2867 548 2899 Claudius
572 2877 761 2907 praeconem

94 2908 288 2941 audientiam
305 2911 421 2948 facere,
432 2910 599 2941 videbatur
614 2920 763 2941 invocasse

95 2950 280 2983 concionem
297 2963 316 2983 n
331 2953 470 2990 tribuno,
486 2953 516 2983 id
533 2956 591 2989 est,
604 2952 765 2983 concionis

97 2993 299 3025 moderamen
330 2995 496 3025 abstuli-ne
526 3007 545 3026 n.
575 2996 702 3026 tribuno
732 3000 763 3024 et

1131 1820 1186 1861 et,
1219 1811 1276 1852 ibi
1307 1811 1478 1867 signatis

805 1923 863 1955 sibi
881 1923 1066 1955 vindicasse.
1092 1924 1198 1956 Ciu-w.

854 1978 873 2004 4
901 1969 993 1998 Bona
1024 1968 1236 2006 consecravit]
1288 1967 1476 1998 Formulam

806 2009 1064 2047 consecrationis,
1080 2019 1143 2049 qua.
1167 2009 1214 2040 ius
1235 2010 1390 2040 bonorum
1407 2020 1477 2049 pos-

805 2052 915 2083 sessori
952 2053 1158 2089 adimeretur,
1188 2053 1275 2092 apud
1313 2052 1380 2083 Cic.
1420 2063 1478 2092 pro

807 2095 904 2126 Dmn,
922 2095 939 2133 ἓ
957 2105 1024 2134 ¹23·
1043 2095 1208 2126 inveneris.
1259 2095 1411 2127 Ceterum
1435 2096 1476 2126 ad

804 2137 926 2168 irritum
943 2139 1101 2169 cadebant
1118 2138 1262 2169 scenicae
1285 2138 1360 2168 illae
1381 2139 1478 2168 bono-

804 2191 874 2212 rum
891 2181 1154 2212 consecrationes.

847 2232 863 2262 5
888 2225 929 2255 Se
944 2225 979 2255 in
995 2225 1135 2255 ordinem
1150 2225 1314 2264 coeyisset]
1351 2235 1392 2255 sc.
1411 2224 1477 2255 Ex-

804 2267 948 2297 cedendo
974 2266 1178 2307 magistratus
1199 2267 1248 2297 sui
1273 2272 1477 2307 potestatem,

805 2309 854 2341 ius
866 2309 1068 2350 magistratus
1079 2309 1126 2340 sui
1138 2309 1321 2350 infregisset.
1343 2311 1382 2342 cf.
1391 2321 1477 2350 supr.

806 2352 847 2384 iii.
865 2361 915 2393 35.

846 2395 866 2426 6
889 2396 1145 2428 Perduemonem
1167 2407 1200 2427 se
1223 2397 1384 2434 iudicare]
1422 2398 1476 2427 Iu-

803 2439 912 2470 dicare
938 2439 979 2469 de
1005 2443 1190 2472 accusatore
1213 2439 1392 2480 antiquitus
1413 2439 1476 2470 dici

805 2491 889 2521 supr.
917 2481 937 2512 i.
966 2480 1015 2513 26.
1042 2485 1188 2512 notatum
1216 2486 1273 2512 est.
1323 2482 1474 2513 Ceterum

803 2525 981 2564 perduellio
997 2534 1054 2564 pro
1069 2525 1182 2564 quovis
1197 2524 1329 2555 crimine
1345 2534 1476 2564 usurpa-

805 2572 867 2604 tur,
883 2567 967 2606 quod
984 2566 1100 2598 civium
1119 2567 1178 2598 iuri
1197 2572 1253 2598 aut
1270 2567 1409 2598 libertati
1427 2577 1476 2598 ve-

806 2610 973 2640 liementer
988 2614 1113 2642 noceat.

851 2661 866 2692 7
891 2654 1048 2691 C'omitn'is]
1088 2663 1130 2685 sc.
1147 2652 1355 2690 Centuriatis,
1376 2663 1475 2693 quum

807 2696 875 2735 lege
891 2696 1030 2735 quadum
1054 2705 1116 2727 xli.
1133 2695 1217 2726 Tal).
1239 2696 1395 2726 sancitum
1418 2702 1476 2730 est.

805 2740 844 2770 de
859 2740 963 2779 capite
977 2740 1056 2769 αὐίε
1074 2740 1137 2769 nisi
1158 2749 1219 2779 per
1238 2740 1410 2769 man'mum
1429 2749 1476 2769 co-

807 2783 965 2812 mitiatum
982 2792 1022 2812 na
1029 2782 1176 2820 seruato.

848 2825 867 2854 8
891 2826 953 2862 Qui
967 2825 1089 2862 minus]
1109 2826 1172 2862 Qui
1184 2824 1235 2855 hic
1247 2823 1476 2863 mort-antiquo

807 2872 854 2898 est
871 2877 963 2898 casus
983 2872 1092 2898 sextus
1114 2877 1170 2908 pro
1186 2878 1258 2908 qim,
1276 2872 1309 2897 ut
1329 2877 1415 2906 supr.
1434 2866 1474 2896 iii.

809 2920 858 2948 ⁴0·
876 2920 984 2941 xxviii.
1002 2919 1051 2948 43.

850 2964 870 2993 9
893 2954 934 2983 In
950 2954 1069 2983 atrium
1086 2953 1272 2990 Libertum]
1306 2951 1368 2982 Ubi
1387 2951 1475 2981 tulm-

811 2996 859 3025 lae
878 2995 1025 3034 publicae
1041 2996 1291 3025 xmwrvnlumtur.

1188 3041 1246 3075 12
