1888 3194
385 176 471 214 480
882 172 1292 214 PRAEFATIO

387 279 633 337 Lipsiensis,
671 295 726 322 ex
761 295 847 337 quo
884 279 1118 336 Longolius
1149 279 1250 321 olim
1282 277 1633 320 Drakenborchio
1665 285 1787 334 quat-

386 357 483 389 tuor
511 349 695 405 priorum
728 348 930 389 librorum
959 356 1159 403 excerpta
1188 347 1380 388 submisit
1410 354 1453 387 et
1483 361 1608 402 quem
1641 354 1787 402 postea

387 415 607 457 Ernestius
627 416 796 472 penitus
817 431 1066 457 excussurus
1087 423 1188 464 erat,
1212 429 1333 456 usum
1359 414 1463 455 mihi
1488 413 1785 469 benignissime

384 485 650 534 concederet,
673 492 799 540 atque
832 492 999 540 praeter
1031 483 1111 524 alia
1141 483 1313 524 minoris
1344 483 1548 524 momenti
1578 482 1787 538 praesidia

384 552 588 593 eximium
619 552 743 608 plane
775 560 817 593 et
844 566 941 592 vere
973 551 1147 591 unicum
1177 551 1449 607 necopinanti
1479 550 1584 591 mihi
1614 549 1784 591 aliunde

383 622 781 663 subministraretur.
846 619 1094 675 Kopitarius
1115 619 1242 668 enim,
1265 634 1484 675 supremus
1503 618 1784 661 bibliothecae

383 689 727 730 Vindobonensis
764 695 914 736 custos,
951 686 1185 742 Boettigeri
1220 687 1413 742 precibus
1450 696 1684 728 commotus
1714 702 1785 728 co-

383 756 522 797 dicem
558 755 659 796 olim
701 754 1111 803 Laurishamensem,
1153 769 1267 795 nunc
1304 753 1693 804 Vindobonensem,
1730 769 1783 795 ex

383 839 468 879 quo
503 824 754 880 Grynaeum
787 822 977 878 quinque
1010 829 1256 877 postremos,
1291 821 1366 876 qui
1398 829 1634 877 supersunt,
1670 821 1784 863 Livii

382 890 510 932 libros
545 891 728 947 primum
765 890 980 946 evulgasse
1017 897 1192 939 constat,
1228 889 1370 931 denuo
1406 897 1690 945 perscrutatus
1722 897 1785 930 est

383 969 511 1016 atque
536 975 623 1001 non
648 959 783 1001 solum
812 974 982 1000 omnem
1009 958 1242 999 lectionum
1263 957 1521 1007 varietatem,
1544 973 1568 999 a
1588 957 1785 999 Draken-

382 1029 555 1070 borchio
596 1028 867 1084 cupidissime
910 1027 1155 1083 expetitam,
1203 1026 1430 1082 diligenter
1469 1027 1668 1076 enotavit,
1709 1027 1785 1068 sed

383 1097 511 1138 etiam
542 1096 720 1138 subinde
756 1110 832 1151 per
865 1094 1117 1150 epistolas-a
1149 1109 1216 1135 nie
1249 1102 1418 1150 rogatus
1451 1094 1504 1135 de
1536 1094 1638 1136 locis
1670 1110 1784 1137 com-

381 1165 584 1221 pluribus,
626 1164 699 1220 qui
749 1163 932 1219 aliquam
982 1163 1187 1203 haberent
1231 1162 1551 1213 dubitationem,
1593 1163 1783 1204 codicem

380 1233 495 1275 lectu
515 1232 808 1274 difficillimum
837 1232 990 1272 iterum
1021 1232 1260 1286 iterumque
1290 1230 1501 1272 consuluit
1529 1239 1570 1272 et
1598 1231 1784 1287 singulos

381 1301 596 1342 literarum
617 1300 756 1356 apices
777 1300 950 1340 rimatus
971 1303 1083 1341 estu.
1133 1299 1214 1340 His
1235 1299 1364 1355 igitur
1383 1299 1599 1355 praesidiis
1616 1299 1783 1341 adiutus

383 1369 516 1418 effeci,
539 1376 598 1418 ut,
623 1383 756 1424 quum
782 1376 945 1409 textum
977 1383 1001 1409 a
1032 1368 1380 1409 Drakenborchio
1412 1367 1465 1408 ad
1495 1368 1676 1409 rationes
1704 1368 1783 1408 cri-

384 1437 486 1479 ticas
526 1436 801 1477 constitutum
838 1436 882 1476 in
917 1436 1053 1491 prima
1084 1435 1291 1491 tertiaque
1323 1435 1481 1476 decade
1517 1450 1571 1476 ex
1606 1435 1783 1477 aliorum

382 1504 632 1560 plerumque
664 1503 872 1544 sententia
903 1503 1055 1559 passim
1089 1503 1354 1552 correxerim,
1386 1503 1430 1543 in
1464 1511 1612 1558 quarta
1641 1512 1783 1544 autem

382 1572 554 1621 decade,
603 1571 708 1612 libro
758 1571 1020 1627 potissimum
1073 1571 1283 1612 tricesimo
1334 1571 1470 1621 tertio,
1516 1586 1563 1612 ac
1613 1571 1782 1613 decadis

382 1640 554 1695 quintae
577 1639 754 1680 dimidia
777 1647 908 1695 parte,
931 1639 1015 1680 sive
1044 1639 1237 1680 codicum
1261 1638 1583 1695 Bambergensis
1610 1647 1653 1680 et
1673 1638 1783 1680 Vin-

382 1707 637 1750 dobonensis
677 1707 982 1756 auctoritatem,
1019 1707 1104 1748 sive
1141 1707 1405 1748 coniecturae
1446 1706 1780 1762 probabilitatem

382 1783 563 1825 secutus,
594 1775 697 1816 locis
727 1775 947 1831 permultis
980 1775 1260 1831 suppleverim
1295 1783 1420 1830 atque
1455 1774 1779 1825 emendaverim,

383 1842 570 1884 Ernestii
606 1843 736 1884 editio
773 1859 797 1884 a
837 1858 905 1884 me
941 1844 1158 1899 recognita
1193 1859 1344 1885 novam
1380 1844 1511 1885 veluti
1547 1844 1782 1885 editionum

381 1910 582 1952 familiam
627 1910 767 1953 ducat.
834 1911 964 1958 Quod
1009 1927 1154 1967 quum,
1197 1912 1329 1953 tribus
1375 1912 1571 1953 editionis
1616 1920 1780 1953 nostrae

381 1979 664 2020 voluminibus
697 1978 913 2035 evulgatis,
944 1979 1132 2020 Tafelius
1162 1979 1449 2029 intellexisset,
1479 1979 1781 2020 mercenariam

383 2045 506 2087 Livio
534 2046 700 2087 edendo
733 2046 792 2086 ita
823 2046 990 2087 navavit
1017 2061 1200 2102 operam,
1229 2054 1275 2087 ut
1301 2046 1501 2088 lectiones
1533 2047 1711 2103 optimas
1738 2056 1782 2088 et

381 2114 563 2155 maxime
593 2114 811 2170 genuinas,
834 2129 938 2170 quas
968 2129 1054 2155 non
1085 2129 1139 2155 ex
1170 2114 1385 2154 codicibus
1407 2114 1709 2171 Bambergensi
1737 2124 1781 2157 et

382 2180 705 2222 Vindobonensi
736 2182 985 2236 promiscue,
1008 2181 1053 2221 id
1079 2181 1194 2237 quod
1221 2181 1291 2222 illc
1313 2181 1415 2223 falso
1444 2183 1638 2238 opinatus
1665 2183 1779 2234 est¹²,

381 2247 456 2288 sed
481 2263 535 2288 ex
559 2248 647 2289 solo
670 2247 972 2304 Bambergensi
1003 2248 1155 2303 petitas
1186 2264 1286 2298 esse,
1311 2257 1396 2290 tam
1427 2265 1491 2291 res
1522 2250 1624 2306 ipsa,
1647 2266 1779 2307 quum

429 2423 463 2444 11
491 2413 568 2449 Quo
595 2412 696 2451 magis
718 2416 827 2443 autem
856 2412 1058 2451 Kopitarius,

383 2455 459 2486 licet
479 2455 594 2485 iterata
615 2454 734 2485 codicis
756 2454 969 2493 antiquissimi
995 2456 1058 2485 col-

384 2497 463 2528 latio
493 2507 557 2527 non
590 2497 689 2536 plane
723 2507 961 2536 supervacanea
991 2507 1058 2528 esse

387 2540 542 2576 videatur,
558 2538 619 2569 hoc
643 2538 748 2568 officio
774 2549 839 2568 non
863 2549 916 2569 me
941 2540 1057 2577 solum,

383 2583 440 2613 sed
455 2591 566 2612 omnes
582 2581 712 2611 omnino
729 2581 812 2611 Livii
829 2585 988 2612 amatores
1004 2582 1058 2612 ob-

384 2623 523 2661 strinxit,
536 2633 574 2653 eo
590 2623 754 2653 lubentius
770 2624 931 2662 profiteor,
945 2625 1054 2655 verba:

384 2666 600 2696 “mercedem
625 2665 878 2704 haudquaquam
906 2676 1055 2705 spernen-

385 2708 460 2738 dam
498 2717 572 2738 cum
610 2707 788 2746 bibliopola
834 2707 1058 2738 liberalisssmo

384 2751 535 2790 pactus,''
563 2759 646 2788 quae
679 2749 713 2779 in
746 2749 896 2780 editionis
929 2749 1058 2780 maioris

385 2791 584 2832 praefatione
614 2801 644 2831 p.
673 2801 702 2832 9.
733 2792 893 2831 leguntur,
923 2802 987 2822 non
1018 2793 1060 2822 ad

385 2834 454 2865 eius
479 2833 759 2873 vituperationem,
774 2834 807 2864 id
829 2834 914 2873 quod
938 2844 971 2864 se
994 2844 1059 2864 sus-

384 2876 484 2916 picari
503 2886 560 2916 per
576 2876 744 2906 Graefium
761 2885 883 2913 meum,
899 2876 1058 2915 optimum

1101 2413 1222 2452 gratiae
1245 2414 1535 2452 reconciliatorem,
1558 2416 1638 2446 mihi
1661 2417 1778 2457 signifi-

1103 2456 1199 2493 cavit,
1216 2457 1270 2486 sed
1292 2458 1333 2487 ad
1353 2457 1500 2488 librariae
1514 2458 1778 2498 Wefflmanniae,

1103 2508 1185 2537 quae
1208 2499 1370 2537 octoginta
1393 2504 1517 2538 septem
1540 2500 1724 2539 imperiales
1744 2502 1776 2532 in

1102 2540 1198 2570 huius
1220 2541 1264 2570 rei
1289 2545 1455 2580 sumptum
1479 2542 1633 2581 erogavit,
1652 2544 1777 2582 praedi-

1103 2582 1263 2612 cationem
1281 2583 1448 2621 pertinere.

1148 2634 1183 2654 12
1210 2625 1250 2654 In
1269 2625 1475 2656 Praefatioue
1495 2624 1592 2663 enim,
1608 2630 1698 2657 tomo
1714 2631 1776 2658 ter-

1101 2666 1146 2696 tio
1159 2667 1312 2705 praefixa,
1323 2667 1403 2697 haec
1414 2667 1537 2707 scripsit
1550 2680 1556 2699 z
1574 2670 1594 2684 ‘⁶
1607 2669 1775 2704 Quantam

1102 2709 1208 2738 lucem
1242 2709 1457 2748 Koeyssigius,
1491 2710 1536 2740 vir
1562 2711 1775 2750 doctissimus,

1102 2751 1271 2789 postremis
1308 2751 1449 2790 quinque
1488 2753 1575 2783 libris
1611 2763 1629 2783 e
1667 2755 1776 2784 codice

1106 2793 1335 2833 Bambergensi
1389 2798 1487 2833 atque
1530 2795 1776 2826 Vindobonensi

1104 2835 1263 2865 ast'usurus
1285 2835 1336 2873 sit,
1360 2846 1399 2866 ex
1424 2836 1484 2874 his,
1507 2847 1590 2876 quae
1615 2838 1679 2869 iam
1704 2848 1774 2877 pro-

1104 2877 1191 2913 tulit,
1208 2878 1291 2907 lacte
1307 2878 1466 2917 auspicari
1482 2878 1592 2910 licet.'‘'
