1888 3194
403 469 841 517 SYLLABUS
904 470 1324 525 CODICUM,

295 617 783 683 QUIBUS
866 619 989 673 IN
1071 621 1426 676 LIVIO

457 780 881 819 RECENSENDO
923 781 1078 819 Usus
1121 782 1257 819 SUM.

403 932 493 970 [Ex
532 931 814 963 EDITIONE
851 931 1312 972 DRAKENBORCJI.]

757 1088 809 1091 γ,
842 1079 978 1101 ,ujus

223 1213 286 1253 Et
305 1213 460 1267 quidem
482 1213 539 1252 ad
558 1214 729 1253 Decacla
745 1215 925 1268 primam
947 1215 991 1254 Ιιὶ
1011 1216 1110 1255 milei
1125 1217 1482 1269 praestofiwwwmt.

259 1347 685 1398 LORENTINUS,
720 1349 792 1405 qui
828 1359 1015 1391 servatur
1048 1350 1285 1392 Florentiae
1323 1352 1367 1391 in
1404 1351 1555 1393 biblio-

289 1404 411 1446 theca
439 1405 702 1447 Serenissimi
725 1406 774 1447 M
833 1407 875 1447 ni
900 1407 1094 1449 Etruriae
1119 1408 1252 1449 Ducis
1274 1409 1485 1451 Medicea.
1509 1424 1556 1449 ac

155 1471 325 1503 notatur
360 1477 537 1504 numero
575 1463 746 1505 XVIII.
858 1465 965 1514 uius,
1003 1481 1098 1506 cum
1135 1466 1260 1507 editis
1295 1466 1448 1516 collati,
1487 1482 1557 1507 va-

154 1519 308 1560 riantes
359 1519 571 1569 lectiones,
618 1537 642 1562 a
681 1522 769 1563 viro
812 1521 1108 1564 Eruditissimo
1152 1523 1319 1565 Abbate
1361 1525 1553 1565 Antonio

156 1575 296 1617 Maria
338 1576 522 1618 Salvinio
564 1593 675 1619 anno
729 1578 904 1620 CIOIs)
923 1579 1187 1621 CCXVIII.
1236 1581 1459 1631 confectas,
1502 1597 1556 1622 ex

155 1634 491 1690 peregrinatione
533 1634 679 1677 Italica
719 1636 760 1676 in
805 1636 1004 1693 Angliam
1048 1637 1201 1687 attulit,
1244 1647 1286 1678 et
1329 1638 1556 1679 liberaliter

155 1706 322 1733 mecum
357 1693 682 1734 communicavit
716 1692 1024 1735 Illustrissimus
1058 1695 1244 1736 Thomas
1278 1695 1412 1745 (loke,
1444 1696 1555 1737 Baro

154 1748 208 1790 dc
232 1749 377 1790 Lovel.
435 1749 596 1791 Verum
618 1766 750 1806 quum
773 1766 823 1792 eo
845 1751 1017 1792 demum
1040 1761 1228 1808 tempore
1254 1752 1306 1793 ad
1329 1768 1395 1794 mc
1418 1753 1555 1794 adfer—

155 1817 313 1855 rentur,
340 1817 432 1862 post
467 1822 561 1848 uam
596 1808 954 1865 typographorum
989 1824 1138 1864 operae
1165 1809 1246 1850 iam
1283 1810 1337 1850 ad
1367 1810 1437 1851 lib.
1474 1810 1553 1852 ΙΙΙ.

154 1879 243 1920 cap.
288 1864 486 1906 XXXI.
530 1876 821 1921 pervenerant,
864 1866 1012 1922 prioris
1055 1867 1183 1922 partis
1224 1867 1456 1917 varietates,
1499 1884 1552 1909 ne

155 1920 311 1962 Lector
341 1937 384 1963 se
420 1922 469 1962 iis
501 1938 641 1964 carere
675 1938 797 1977 aegre.
826 1923 964 1972 ferret,
992 1923 1045 1964 ad
1074 1924 1202 1966 finem
1232 1925 1333 1965 tomi
1362 1925 1552 1975 secundi,

153 1994 239 2034 quo
253 1978 344 2019 loco
361 1979 522 2034 aliquid
538 1995 692 2021 vacuae
707 1980 873 2021 chartae
891 1991 1119 2035 supererat,
1135 1982 1346 2022 subiunxi.
1388 1982 1553 2024 Eodem

153 2035 233 2077 hoc
261 2036 406 2078 codice
435 2037 477 2077 in
507 2037 753 2079 adornanda
780 2037 909 2079 altera
938 2037 1049 2078 Livii
1078 2038 1278 2087 editione,
1302 2055 1410 2094 quae
1442 2056 1553 2082 anno

156 2093 535 2136 CIOIDCLXV.
574 2095 742 2151 prodiit,
782 2110 880 2136 usus
916 2104 979 2136 est
1020 2094 1052 2136 I.
1089 2095 1153 2136 Fr.
1188 2096 1441 2147 Gronovius,
1479 2113 1554 2139 ex-

152 2162 295 2208 cerpta
326 2152 416 2194 eius
452 2161 599 2194 nactus
634 2153 787 2209 partim
824 2168 848 2193 a
883 2153 1134 2194 consobrino
1170 2169 1244 2195 suo
1282 2155 1400 2196 Luca
1439 2156 1554 2196 Lan-

152 2224 395 2265 germanno,
424 2211 575 2266 partim
609 2226 632 2252 a
667 2210 929 2266 Marquardo
960 2210 1118 2260 Gudio,
1151 2220 1193 2252 et
1225 2221 1336 2253 recte
1364 2221 1552 2262 testatur,

153 2282 250 2308 eum
272 2267 461 2309 omnium
483 2268 608 2309 huius
629 2268 758 2324 partis
779 2269 985 2325 optimum
1007 2283 1107 2310 esse.
1162 2268 1322 2310 Verum
1346 2270 1554 2326 quaedam

152 2325 366 2382 spicilegia
406 2325 550 2367 relicta
592 2326 729 2376 fuisse,
774 2341 851 2367 nec
888 2342 938 2367 eo
974 2326 1234 2368 consulendo
1275 2343 1341 2368 me
1384 2343 1553 2385 operam

153 2382 296 2424 lusisse
317 2383 591 2440 deprehendi.

212 2439 267 2482 II.
303 2441 619 2483 FRAGMENTUM
665 2441 1101 2483 HAvssncAMmANcM
1145 2453 1207 2484 est
1248 2443 1383 2484 codex
1421 2459 1553 2485 mem-

152 2498 394 2549 branaceus,
446 2499 578 2541 forma
631 2500 791 2549 maiori,
843 2515 971 2555 quem
1023 2499 1172 2557 Hagac
1227 2500 1446 2542 Comitum
1508 2502 1549 2542 iu

153 2556 345 2598 auctione
368 2557 563 2612 quadam,
587 2573 694 2613 quae
718 2557 880 2599 Petavii
910 2567 952 2598 et
981 2557 1202 2600 Mansartii
1232 2559 1403 2600 nomina
1433 2574 1551 2615 prae·

153 2613 324 2664 ferebat,
346 2614 612 2656 divenditum
644 2614 776 2657 Henr.
803 2614 936 2657 lladr.
960 2631 1039 2656 vau
1065 2615 1142 2656 der
1164 2615 1328 2666 Marck,
1353 2617 1551 2672 toparcha

155 2671 197 2711 in
233 2670 358 2721 Leur,
387 2672 465 2713 sibi
494 2673 775 2729 comparavit:
814 2682 958 2729 postea
986 2688 1084 2713 vero
1113 2674 1175 2714 vir
1205 2673 1374 2716 (llariss.
1408 2674 1546 2729 Siga-b.

158 2726 500 2785 11avercampius,
538 2745 669 2786 quum
710 2730 966 2772 bibliotheca
1004 2730 1226 2773 Markiana
1262 2732 1429 2787 publice
1466 2732 1550 2772 dis-

156 2784 401 2835 traheretur,
434 2788 601 2837 co'emit,
633 2798 675 2829 ct
711 2788 854 2829 usibus
890 2789 994 2829 meis
1030 2789 1212 2844 benigue
1250 2789 1433 2830 indulsit.
1503 2789 1548 2829 ln

158 2841 237 2882 hoc
264 2843 409 2884 codice
443 2859 577 2900 pauca
614 2855 777 2887 tantum
812 2846 904 2886 libri
939 2846 1063 2902 primi
1097 2857 1140 2888 et
1172 2846 1346 2887 secundi
1384 2846 1545 2886 Liviani

156 2899 389 2953 fragmenta
422 2902 652 2943 exstabant.
719 2902 771 2944 Et
810 2903 982 2958 quidem
1019 2903 1106 2945 duo
1148 2913 1310 2944 tautum
1352 2918 1404 2944 ex
1447 2903 1551 2943 libro

215 2969 310 2996 vor„
336 2969 394 2997 lv.
1308 2974 1331 2999 Ρ,
1353 2977 1375 2999 e
