1888 3194
332 166 414 205 472
538 161 902 202 SYLLABUS
946 160 1527 203 PRAECIPUARUM

389 310 608 351 Hactenus
630 308 1012 351 Drakenborchius.
1079 307 1201 356 Quae
1224 308 1323 349 inde
1349 309 1400 350 ab
1424 308 1505 349 hoc
1535 316 1725 364 tempore

332 368 579 424 prodielunt
607 367 857 434 praecipuae
890 366 1002 407 Livii
1032 365 1252 416 editiones,
1279 366 1363 407 sive
1396 365 1450 406 ad
1482 365 1726 406 umbilicum

332 425 550 474 ¹tdductae,
585 426 670 466 sive
703 424 920 465 inchoatae
955 432 1132 472 tantum,
1166 423 1347 464 necdum
1386 423 1612 474 absolutae,
1646 422 1726 464 hae

332 483 417 523 fere
440 491 547 523 sunt.

336 543 502 582 1738——
507 542 574 580 46.
638 538 775 593 Lugd.
820 537 914 578 Bat.
957 546 999 578 et
1039 536 1175 577 Amst.
1210 552 1307 577 cum
1347 536 1728 578 10.Freinshemii

393 596 718 652 Sixpnlementis,
754 603 927 635 curante
971 594 1075 634 Arn.
1111 593 1431 643 Drakenborch,
1463 596 1485 636 7
1515 594 1610 635 voll.
1639 598 1724 635 4t0.

508 653 628 693 Haec
661 652 791 692 editio
816 650 1180 706 piaestantissima,
1209 665 1336 704 quam
1369 651 1571 700 omnium,
1604 662 1728 707 quot-

448 718 551 765 quot
572 717 737 750 secutae
759 717 870 756 sunt,
887 707 1209 747 fundamentum
1230 721 1318 747 esse
1339 716 1514 757 constat,
1532 708 1728 749 Draken-

447 766 608 807 borchii
634 764 975 805 annotationibus
1003 763 1174 804 ineditis
1204 772 1247 803 et
1277 763 1507 804 lectionum
1528 766 1726 806 varietate

448 823 602 863 codicis
628 821 848 862 Veithiani
881 821 1160 876 codicumque
1188 819 1592 862 Helmstadiensium
1623 825 1657 863 1.
1685 832 1729 863 et

448 884 486 920 2.
521 879 786 935 locupletata,
824 878 1088 934 Stutgardiae
1115 876 1213 918 inde
1240 878 1290 919 ab
1317 893 1428 919 anno
1457 882 1579 920 1820.
1607 888 1729 935 quat-

450 937 684 978 tumdecim
707 936 829 977 tomis
850 935 984 991 repeti
1006 944 1154 990 coepta
1170 943 1243 975 est.

342 998 458 1036 1743.
523 994 796 1049 Heidelberg.
821 1001 993 1034 cuiantc
1017 992 1065 1032 B.
1093 990 1381 1042 .Haurisio,
1402 992 1472 1034 fol.

507 1051 575 1092 De
617 1051 695 1091 hac
736 1051 847 1091 Livii
888 1050 1087 1098 editione,
1130 1064 1237 1104 quae
1278 1050 1519 1091 continetur
1557 1059 1656 1092 tom.
1692 1050 1725 1092 I.

449 1108 723 1150 Collectionis
755 1108 1002 1163 scriptorum
1035 1114 1226 1147 veterum
1264 1106 1490 1148 latinorum
1530 1107 1727 1149 historiae

450 1166 682 1215 Romanae,
700 1165 970 1220 Heidelberg.
987 1167 1151 1206 1743—
1156 1167 1224 1204 48.
1240 1173 1422 1219 paratae,
1436 1164 1532 1205 Vide
1546 1165 1728 1206 editores

449 1223 731 1278 Bipontinos
722 1237 765 1262 111
789 1222 924 1263 Νο111.
949 1221 1099 1261 literar.
1123 1220 1176 1261 (10
1199 1220 1250 1261 T.
1274 1220 1367 1262 Liv.
1390 1237 1429 1277 p.
1458 1225 1553 1263 144.
1577 1237 1638 1278 sq.

336 1282 456 1323 1747.
479 1284 548 1321 48.
610 1280 739 1320 Paris.
775 1294 870 1320 cum
904 1278 936 1319 I.
973 1278 1021 1318 B.
1057 1278 1106 1318 L.
1146 1277 1351 1319 Crevierii
1383 1279 1494 1320 notis
1518 1279 1572 1320 ad
1603 1294 1726 1320 usum

389 1338 625 1379 scholarum
647 1336 984 1385 accommodatis,
1012 1339 1036 1377 6
1059 1334 1152 1375 voll.
1178 1339 1268 1376 8vo.

507 1394 670 1435 Textus
691 1394 816 1434 huius
838 1393 1046 1442 editionis,
1070 1392 1114 1432 id
1139 1392 1255 1456 quod
1275 1392 1442 1433 editor
1432 1408 1520 1449 lpse
1542 1393 1587 1433 in
1607 1408 1727 1449 prae-

446 1453 515 1493 fat.
539 1467 578 1507 p.
601 1456 641 1491 4
672 1466 731 1506 sq.
762 1451 994 1506 piofitctur,
1029 1465 1083 1491 ex
1115 1464 1270 1490 malore
1304 1449 1386 1499 illa,
1421 1465 1529 1505 quae
1558 1450 1727 1492 Parisiis

451 1507 1143 1563 1735-42.Ῑ110(1111,(1050110105
1164 1515 1239 1556 est,
1262 1506 1336 1548 sed
1356 1507 1507 1562 passim
1530 1508 1728 1549 emenda-

447 1576 524 1606 tus.
589 1565 639 1606 In
662 1565 771 1605 notis
796 1565 922 1605 etiam
952 1579 1080 1605 novas
1108 1538 1320 1604 interdum
1349 1564 1610 1606 coniecturas
1630 1580 1728 1621 pro-

447 1623 543 1663 ferri
572 1638 626 1663 ex
652 1622 831 1663 Walchii
861 1621 1101 1662 Emendatt.
1138 1621 1229 1661 Liv.
1261 1636 1300 1676 p.
1324 1623 1421 1664 274.
1444 1621 1536 1663 coll.
1563 1637 1604 1678 p.
1628 1626 1725 1664 243.

445 1680 705 1735 intelligitur.
772 1679 979 1720 Certatim
1004 1678 1182 1735 repetita
1213 1687 1275 1719 est
1302 1678 1406 1719 haec
1434 1679 1565 1720 editio
1587 1680 1724 1721 Amst.

451 1739 574 1779 1749.
614 1737 750 1777 Lond.
780 1738 902 1778 1750.
933 1736 1085 1777 Venet.
1114 1737 1237 1778 1751.
1277 1735 1419 1778 Patav.
1446 1737 1569 1778 1759.
1609 1736 1728 1778 Paris

450 1797 651 1837 1768-69.
685 1794 837 1835 Venet.
870 1796 990 1836 1791.
1031 1793 1168 1834 Lond.
1205 1796 1327 1834 1813.
1357 1801 1399 1834 et
1429 1793 1568 1835 Oxon.
1602 1797 1724 1835 1814.

447 1852 515 1893 De
537 1851 772 1892 adulterina
792 1851 881 1892 eius
901 1851 1166 1906 repetitione,
1185 1866 1292 1906 quae
1314 1859 1478 1891 textum
1501 1851 1727 1892 Livianum

446 1925 499 1951 ex
541 1908 807 1949 Lallemandi
847 1908 1046 1957 editione,
1088 1923 1199 1949 anno
1237 1909 1359 1950 1775.
1403 1908 1616 1957 adornata,
1652 1908 1727 1949 de-

446 1967 646 2022 scriptum
682 1975 887 2021 notasque
924 1940 1130 2006 Crevieiii
1162 1965 1314 2020 passim
1348 1964 1616 2020 interpolatas
1652 1980 1726 2006 ex-

446 2024 575 2072 hibet,
598 2023 781 2063 diximus
802 2038 927 2078 supla
947 2023 990 2062 in
1012 2022 1182 2078 praefat.
1206 2037 1245 2076 p.
1268 2035 1356 2062 xiv.
1380 2036 1439 2076 sq.

336 2084 458 2122 1751.
493 2080 667 2129 Patavii,
703 2095 755 2120 ex
789 2079 1032 2120 recensione
1063 2079 1166 2120 Am
1192 2077 1542 2128 Drakenborchii,
1573 2081 1597 2119 6
1626 2078 1722 2120 voll.

389 2142 481 2179 8vo.

505 2194 623 2234 Num
645 2209 697 2234 ex
719 2194 797 2234 hac
814 2193 1012 2242 editione,
1031 2207 1138 2248 quae
1160 2193 1211 2233 ab
1233 2192 1464 2233 editoribus
1482 2192 1724 2248 Bipontinis

446 2251 490 2290 in
519 2251 654 2291 Notit.
685 2250 837 2290 literar.
868 2249 920 2290 de
950 2249 1041 2289 Liv.
1071 2265 1110 2304 p.
1138 2253 1231 2290 145.
1256 2259 1618 2300 commemoratur,
1650 2250 1724 2291 de-

445 2308 599 2348 rivatae
621 2307 704 2347 sint
725 2307 831 2347 duae
854 2306 1073 2355 editiones,
1097 2321 1275 2361 quarum
1304 2306 1433 2348 altera
1453 2306 1538 2348 sive
1561 2307 1724 2348 Patavii

444 2364 528 2405 sive
557 2363 751 2404 Venetiis
783 2365 904 2405 1759.
938 2363 1067 2404 altera
1095 2362 1287 2404 Venetiis
1322 2368 1444 2406 1791.
1479 2364 1647 2419 prodiit,
1679 2380 1722 2406 50

445 2436 531 2462 1100
562 2435 680 2477 posse
712 2420 901 2469 definire,
928 2420 1081 2461 fatetur
1110 2420 1328 2462 Harlesius
1356 2421 1400 2462 in
1431 2420 1719 2477 Supplement.

445 2478 498 2518 ad
535 2479 644 2519 brev.
684 2478 801 2518 notit.
840 2477 987 2518 literat.
1035 2477 1158 2518 Rom.
1198 2478 1309 2519 Part.
1348 2493 1374 2519 1.
1413 2493 1451 2534 p.
1491 2481 1589 2520 314.
1627 2478 1719 2520 coll.

446 2534 716 2590 Ephemerid.
748 2534 897 2575 literar.
929 2534 1094 2576 Ienens.
1122 2550 1156 2575 a.
1186 2538 1306 2577 1795.
1332 2535 1414 2576 No.
1442 2537 1535 2576 164.
1558 2550 1597 2591 p.
1622 2538 1718 2577 550.

445 2607 533 2647 sqq.
596 2591 708 2632 Illud
739 2600 880 2632 tamen
916 2592 1012 2632 satis
1045 2601 1219 2641 constat,
1254 2592 1451 2633 eumdem
1486 2592 1722 2633 Remondi-

444 2649 574 2699 nium,
617 2649 689 2704 qui
732 2649 842 2689 Livii
888 2664 1014 2704 opela
1059 2664 1155 2689 011111
1205 2649 1276 2690 lib.
1320 2648 1444 2690 XCI.
1485 2649 1721 2705 fragmento

444 2706 636 2747 venetiis
662 2708 784 2748 1791.
808 2706 948 2746 denuo
969 2706 1115 2755 edidit,
1138 2705 1203 2746 vel
1233 2720 1364 2746 unum
1392 2721 1444 2746 ex
1473 2706 1562 2747 eius
1592 2707 1721 2748 maio-

444 2764 556 2804 ribus
592 2764 673 2804 iam
710 2778 821 2804 anno
858 2764 980 2805 1751.
1015 2763 1219 2804 minorem
1255 2763 1458 2804 Crevierii
1490 2763 1718 2804 editionem

444 2821 667 2876 repetiisse.
710 2820 819 2861 Vide
848 2820 1029 2862 editores
1059 2820 1309 2877 Bipontinos
1338 2820 1383 2861 in
1408 2820 1542 2862 Notit.
1566 2820 1716 2862 literar.

444 2878 496 2919 de
519 2878 568 2919 T.
595 2878 684 2918 Liv.
710 2893 747 2933 p.
776 2881 867 2918 145.
