1888 3194
345 165 402 202 44
708 221 710 223 ·
855 161 1003 203 ΤΙΤΙ
1044 161 1225 204 LIVII

140 261 464 303 Η.Ο.,,191111111,
495 252 594 308 ipsis
624 267 776 309 magna
805 268 859 294 ex
891 261 1008 309 palte
1041 252 1384 302 concedentibus,
1407 253 1480 309 qui
1502 261 1735 304 onerarant,

138 304 179 335 A.
203 305 241 336 C.
266 313 334 344 Ι73·
348 309 534 360 levasset,
566 310 664 352 iusti
695 310 843 352 crediti
876 311 1128 352 solutionem
1158 311 1203 351 in
1231 310 1253 332 ᾗ
1280 325 1486 352 annorum
1515 311 1766 368 pensionesr

348 367 570 409 distribuit..
631 368 716 409 Per
747 368 929 410 eundem
964 368 1154 425 Appium
1191 368 1426 424 eodemque
1463 369 1588 410 modo
1623 383 1738 410 com-

347 425 506 481 positae
542 425 587 466 in
622 425 879 467 Perrhaebia
912 441 988 467 res.
1051 425 1300 467 Aetolorum
1337 441 1479 467 causas
1510 426 1737 467 Marcellus

348 482 529 539 Delphis
558 498 634 539 per
662 483 776 524 idem
801 492 967 540 tempus
994 483 1212 524 hostilibus
1233 492 1343 524 actas
1363 483 1524 533 animis,
1547 498 1652 540 quos
1672 483 1768 524 111-κ

348 540 500 582 testino
530 550 742 597 gesserant
771 541 893 590 bello,
923 541 1130 596 cognovit.
1198 540 1343 589 Quum
1364 549 1567 582 certatum
1589 541 1738 582 utrim-

348 613 431 654 que
452 599 685 639 temeritate
711 607 838 654 atque
860 598 1033 639 audacia
1053 607 1256 648 cerneret,
1278 597 1446 639 decreto
1468 598 1639 654 quidem
1661 613 1737 639 suo

347 664 539 697 neutram
569 664 731 711 partem
759 664 831 697 aut
857 655 1007 705 levare,
1030 664 1102 696 aut
1122 671 1293 696 onerare
1314 655 1469 696 voluit:
1502 655 1738 697 communi-

348 721 411 754 ter
441 713 492 754 ab
523 713 710 768 utrisque
741 713 876 769 petiit,
900 713 1156 754 abstinerent
1180 713 1303 762 bello,
1326 721 1369 754 et
1389 712 1596 754 oblivione
1617 728 1737 769 prae-

347 770 566 812 teritorum
587 770 813 812 discordias
833 770 1015 811 finirent.
1079 769 1219 810 Huius
1249 770 1598 811 reconciliationis
1627 770 1738 811 inter

347 828 458 884 ipsos
488 828 592 869 fides
622 828 836 869 obsidibus
860 827 970 868 ultro
991 828 1180 882 citroque
1203 827 1309 868 datis
1329 827 1493 868 firmata
1513 835 1586 868 est.
1651 826 1738 868 Co-

215 893 253 931 6,
346 885 523 934 1111111115,
546 893 594 926 ut
614 885 672 926 ibi
693 884 1006 940 deponerentur
1027 884 1203 934 obsides,
1226 884 1435 926 convenit.
1492 885 1536 926 A
1557 884 1737 940 Delphis

347 951 390 984 et
422 942 615 984 Aetolico
646 942 824 984 concilio
855 941 1083 983 Marcellus
1113 942 1160 983 in
1186 941 1528 998 Peloponnesum
1560 942 1768 992 traiecit,3

347 1016 432 1056 quo
455 999 638 1041 Achaeis
663 1000 854 1041 edixerat
874 1008 1139 1041 conventum.
1203 999 1303 1049 Ubi,
1333 999 1566 1041 collaudata
1594 1009 1737 1055 gente,

347 1058 462 1114 quod
490 1066 730 1099 constanter
749 1066 868 1099 vetus
890 1058 1107 1099 decretum
1135 1057 1188 1098 de
1219 1057 1409 1098 arcendis
1439 1057 1555 1098 aditu
1585 1057 1735 1099 finium

346 1116 514 1171 regibus
548 1115 834 1157 Macedonum
870 1115 1116 1165 tenuissent,
1152 1115 1314 1171 insigne
1351 1115 1548 1156 adversus
1582 1114 1738 1156 Persea

347 1173 491 1214 odium
523 1174 815 1215 Romanorum
850 1173 971 1214 fecit:
1016 1172 1131 1229 quod
1163 1183 1210 1213 ut
1245 1173 1447 1214 maturius
1482 1180 1736 1229 erumperet,

347 1230 561 1272 Eumenes
583 1246 670 1280 rex,
693 1231 1038 1272 commentarium
1059 1230 1195 1272 ferens
1215 1245 1371 1280 secum,
1394 1230 1510 1287 quod
1531 1230 1584 1271 de
1606 1245 1736 1287 appa-

137 1298 249 1339 Legati
265 1298 298 1329 in
346 1289 502 1329 ratibus
529 1288 627 1329 belli
655 1289 796 1330 omnia
824 1288 1041 1344 inquirens
1071 1288 1236 1337 fecerat,
1261 1288 1442 1329 Romam
1463 1288 1589 1329 venit.
1651 1287 1738 1330 Per

136 1341 289 1401 M'acedo-
345 1346 458 1387 idem
490 1355 654 1402 tempus
685 1347 874 1411 quinque
910 1345 1036 1401 legati
1072 1346 1125 1387 ad
1156 1361 1298 1402 regem
1330 1346 1455 1395 missi,
1489 1346 1563 1402 qui
1592 1361 1658 1387 res
1690 1345 1736 1387 in

135 1388 333 1467 Ϊζᾞξῖῌω
347 1403 601 1445 Macedonia
620 1404 864 1460 aspicerent.
909 1379 1228 1444 Alexandriam&
1232 1403 1360 1444 iidem
1377 1403 1429 1444 ad
1443 1403 1736 1445 Ptolemaeum

185 1451 204 1467 ὗ
345 1461 608 1503 renovandae
640 1462 846 1503 amicitiae
878 1477 1001 1502 causa
1030 1461 1236 1517 proficisci
1266 1461 1376 1502 iussi.
1439 1461 1588 1517 Legati
1616 1469 1736 1502 erant

345 1519 402 1569 hi,
429 1518 478 1560 C.
495 1519 701 1569 Valerius,
734 1520 813 1561 Cn.
831 1519 1027 1560 Lutatius
1051 1518 1200 1568 Cerco,
1227 1518 1279 1567 Q.
1300 1517 1482 1559 Baebius
1510 1518 1646 1568 Sulca,
1669 1518 1733 1560 M.

136 1580 248 1629 Legati
265 1581 305 1610 ab
348 1576 571 1618 Cornelius
585 1576 833 1626 Mammula,
849 1576 910 1617 M.
931 1576 1141 1617 Caecilius
1158 1577 1333 1617 Denter.
1378 1575 1435 1616 Et
1451 1576 1502 1617 ab
1518 1575 1736 1618 Antiocho

134 1623 297 1696 ἒίἓξζὲᾗξο
344 1650 442 1690 1686
470 1635 546 1676 sub
578 1635 691 1675 idem
720 1644 885 1690 tempus
914 1634 1041 1689 legati
1071 1642 1299 1675 venerunt:
1334 1648 1513 1698 quorum
1540 1633 1736 1699 princeps

136 1708 281 1739 veniunt.
344 1692 644 1748 Apollonius,
634 1707 678 1732 111
706 1701 897 1733 senatum
918 1691 1194 1742 introductus,
1217 1691 1359 1732 multis
1378 1691 1581 1747 iustisque
1603 1691 1736 1733 causis

343 1764 485 1806 regem
508 1749 734 1799 excusavit,
760 1749 903 1805 ‘quod
933 1749 1192 1805 stipendium
1222 1749 1351 1790 serius
1382 1763 1509 1814 quarn
1540 1748 1594 1790 ad
1623 1748 1768 1798 diem4

345 1813 608 1863 ‘praestaret
658 1806 710 1848 Id
731 1822 773 1848 se
796 1822 919 1848 omne
942 1806 1171 1856 advexisse,
1194 1822 1248 1847 ne
1270 1807 1402 1856 cuius,
1419 1806 1500 1847 nisi
1521 1807 1734 1863 temporis,

346 1865 503 1921 ‘gratia
532 1865 621 1921 regi
651 1865 781 1905 fieret.
844 1864 1021 1905 Donum
1050 1873 1265 1920 praeterea
1294 1864 1454 1913 afferre,
1484 1878 1581 1904 vasa
1610 1879 1736 1905 aurea

346 1923 650 1986 ‘quingentum
680 1921 833 1977 pondo.
896 1920 1046 1962 Petere
1080 1935 1235 1976 1686111,
1264 1930 1324 1970 ut,
1355 1935 1462 1976 quae
1490 1935 1587 1961 cum
1616 1930 1734 1977 patre

346 1986 358 2004 ‘
370 1995 445 2020 suo
466 1979 640 2020 societas
659 1987 784 2034 atque
807 1978 990 2019 amicitia
1009 1978 1166 2027 fuisset,
1189 1993 1239 2018 ea
1266 1992 1408 2018 secum
1438 1987 1732 2029 renovaretur3

346 2037 679 2101 ‘imperaretque
708 2036 786 2076 sibi
814 2035 995 2091 populus
1017 2035 1248 2084 Romanus,
1272 2050 1378 2091 quae
1399 2036 1511 2077 bono
1532 2035 1734 2092 fidelique

346 2094 482 2135 ‘socio
503 2109 591 2150 regi
613 2101 752 2134 essent
758 2092 1038 2158 imperanda.
1077 2107 1119 2134 se
1141 2092 1257 2134 nullo
1280 2108 1456 2148 usquam
1480 2102 1735 2136 cessaturum

346 2151 517 2193 ‘officia
549 2128 646 2192 DEa
666 2150 813 2191 merita
841 2165 885 2190 111
913 2165 955 2191 56
981 2158 1149 2191 senatus
1168 2150 1307 2200 fuisse,
1330 2166 1462 2206 quum
1487 2150 1648 2193 Romae
1670 2166 1736 2193 es-

346 2216 446 2259 ‘set,
469 2224 561 2250 eam
592 2209 831 2250 comitatem
862 2207 1104 2257 iuventutis,
1127 2216 1174 2249 ut
1204 2223 1278 2263 pro
1307 2223 1418 2264 rege,
1440 2223 1527 2249 non
1556 2224 1632 2265 pro
1660 2209 1736 2250 ob—

346 2267 472 2317 ‘side,
495 2267 690 2308 omnibus
710 2265 926 2307 ordinibus
946 2265 1096 2306 fuerit?
1156 2265 1327 2320 Legatis
1351 2266 1534 2322 benigne
1562 2281 1737 2323 respon—

345 2340 451 2374 sum,
474 2334 517 2366 et
537 2324 779 2365 societatem
800 2338 997 2364 renovare
1015 2338 1111 2364 cum
1127 2323 1354 2373 Antiocho,
1370 2339 1477 2379 quae
1499 2339 1596 2365 cum
1616 2332 1735 2381 patre

345 2383 434 2424 eius
454 2382 601 2432 fuerat,
626 2381 679 2422 A.
698 2380 856 2422 Atilius
876 2388 1042 2437 praetor
1066 2380 1280 2421 urbanus
1270 2396 1414 2422 iussus.
1480 2380 1736 2430 Quaestores

346 2441 422 2482 urb
425 2440 494 2481 ani
521 2439 790 2496 stipendium,
812 2453 909 2480 vasa
928 2453 1052 2479 aurea
1080 2453 1270 2479 censores
1291 2447 1565 2494 acceperunt:
1598 2439 1734 2496 iisque

392 2593 403 2613 1
423 2586 466 2614 In
477 2585 494 2600 ’χ
505 2595 665 2615 annorum
674 2585 860 2624 pensiones]
877 2583 1018 2614 Videtur
1104 2593 1121 2623 3
1146 2585 1327 2615 Marcellus
1342 2585 1377 2614 in
1393 2586 1649 2624 Peloponnesum
1669 2590 1735 2616 tra-

346 2626 543 2657 intercidisse
560 2637 710 2657 numerus
724 2637 891 2658 annorum.
911 2627 1017 2658 ΟΜΝ.
1061 2627 1146 2664 iecit,
1161 2628 1238 2667 quo]
1273 2627 1412 2657 Videtur
1434 2627 1590 2657 excidisse
1615 2637 1735 2658 nomen

391 2678 407 2698 ‘2
436 2671 521 2705 Quos
550 2670 700 2700 intestino
726 2674 892 2708 yesserant
921 2670 1015 2707 bello]
1064 2669 1132 2700 eius
1145 2669 1241 2706 urbis,
1257 2669 1311 2699 ubi
1326 2669 1409 2700 illud
1425 2669 1596 2700 concilium
1610 2669 1734 2700 Achae-

347 2711 530 2742 Gronovius
550 2721 660 2741 vocem
681 2717 846 2750 gesserant
866 2712 1018 2751 supplem·
1063 2722 1154 2743 orum
1170 2712 1317 2742 habitum
1334 2716 1390 2743 est.
1415 2712 1521 2743 Cnssv.

348 2754 408 2784 dae
432 2753 609 2783 sententiae
631 2754 775 2784 additam
798 2755 894 2784 fuisse
919 2754 1018 2793 suspi-
1105 2766 1125 2792 4
1148 2756 1250 2792 Quam
1265 2755 1308 2785 ad
1321 2755 1419 2792 diem]
1443 2754 1536 2784 Haec
1551 2754 1734 2785 emendatio

348 2799 449 2833 catur,
465 2800 496 2826 et
517 2797 609 2836 quasi
626 2797 775 2827 intestino
791 2798 868 2828 bello
884 2797 1019 2833 mavult,
1063 2808 1083 2828 a
1116 2807 1215 2827 manu
1245 2797 1452 2828 Gronoviana
1488 2796 1647 2836 provenit,
1676 2807 1734 2836 pro

348 2849 447 2878 quum
472 2848 536 2868 non
562 2838 684 2868 bellum
711 2842 805 2876 essct,
829 2839 883 2868 sed
909 2839 1019 2868 sactio-
1064 2840 1149 2880 vulg.
1175 2841 1290 2881 quoad,
1316 2840 1401 2878 quod
1430 2838 1647 2879 grammaticis
1673 2839 1734 2870 dis-

349 2891 425 2911 num
445 2880 556 2911 rabies.
600 2882 753 2921 Quaeque
770 2891 826 2920 pro
842 2892 921 2921 quas
938 2881 1018 2912 Dra-
1064 2883 1230 2921 plicuerat.
1284 2882 1349 2915 Alii
1379 2883 1462 2923 quod
1490 2883 1534 2913 ad
1561 2882 1643 2914 diem
1667 2892 1735 2913 ma.-

348 2923 562 2955 kenborchius
578 2924 816 2955 emendandum
833 2923 971 2955 coniicit.
1064 2925 1144 2957 lunt.
