1888 3194
962 204 1251 243 INDEX.

461 282 639 321 Saguntum
654 281 740 321 capit
760 291 808 320 14.
829 281 898 312 eius
911 284 1086 321 apparatus

459 324 502 355 ad
524 324 647 355 bellum
672 334 721 355 21.
750 323 862 354 transit
887 324 1030 362 Iberum,
1053 326 1085 354 et

462 367 664 407 Pyrenaeum
681 367 798 397 saltum
812 370 940 406 superat
955 376 970 396 2
976 376 1003 406 3.
1025 365 1085 397 sibi

460 409 609 440 conciliat
635 409 748 440 Gallos
774 419 822 448 24.
854 408 971 439 traiicit
995 409 1083 440 Rho-

459 452 579 483 danum
613 460 662 491 27.
700 452 844 483 hortatur
876 451 995 482 milites
1032 460 1083 489 30.

459 495 542 534 petit
580 494 708 526 Galliae
752 495 986 525 mediterranea
1031 502 1082 532 31.

458 537 570 568 transit
601 537 701 576 Alpes
731 546 780 576 32.
813 537 988 576 ingreditur
1017 536 1082 566 Ita-

458 580 535 610 liam
563 581 615 618 38.
648 580 861 610 Taurinorum
888 579 1000 608 urbem
1030 587 1082 608 ex-

458 627 579 662 pugnat
596 631 647 663 59.
673 621 851 652 Hannibali
872 624 1010 659 quantae
1031 629 1080 649 co-

458 664 531 704 piae
546 665 665 694 fuerint
679 664 712 694 in
730 664 860 694 Italiam
879 667 1082 702 transgresso,

457 707 536 737 ibid.
558 708 651 737 rebus
672 706 769 745 prius,
784 715 860 735 mox
877 704 980 735 verbis
999 703 1080 734 mili-

458 754 506 779 tes
529 750 673 779 hortatur
697 757 735 786 42
763 751 796 777 et
819 757 888 786 sqq.
923 746 1081 786 promittit

457 792 522 821 suis
546 791 687 830 praemia
711 798 761 829 45.
792 789 892 820 vincit
917 789 1082 820 Romanos

456 834 497 863 ad
518 833 669 864 Ticinum
688 831 740 871 46.
767 842 843 862 mox
866 833 907 862 ad
929 831 1080 862 Trebiam

457 884 499 915 54
522 879 555 906 et
579 886 646 915 sqq.
672 875 799 906 saucius
823 874 950 905 excedit
974 883 1081 914 pugna

456 919 497 948 ad
526 917 718 958 Emporium
748 927 848 957 prope
879 916 1080 947 Placentiam

457 968 508 999 57.
531 964 653 1000 pugnat
673 971 778 990 rursus
799 969 871 990 cum
891 959 1079 999 Sempronio

457 1011 506 1043 59.
529 1004 630 1033 altero
646 1003 740 1033 oculo
757 1002 881 1042 capitur
898 1011 947 1039 22,
964 1012 990 1033 2.
1015 1001 1080 1032 vin-

456 1045 499 1076 cit
511 1046 676 1076 Romanos
687 1046 728 1076 ad
739 1044 963 1075 Trasimenum
974 1045 1080 1075 lacum

456 1099 476 1126 4
491 1092 522 1118 et
543 1098 609 1127 sqq.
637 1088 753 1118 Italiae
776 1097 865 1127 agros
886 1088 1029 1118 devastat
1049 1097 1079 1128 9.

456 1141 495 1161 ex
523 1130 671 1170 Hirpinis
699 1130 732 1160 in
759 1130 926 1161 Samnium
956 1130 1080 1167 transit,

455 1174 635 1213 ducemque
651 1173 772 1203 itineris
790 1172 881 1212 virgis
902 1182 1030 1203 caesum
1046 1172 1079 1203 in

456 1226 582 1246 crucem
604 1215 689 1246 tollit
709 1225 754 1254 13.
779 1216 842 1246 duo
862 1215 965 1246 millia
980 1215 1079 1245 ferme

455 1259 551 1289 boum
572 1258 713 1289 accensis
734 1257 881 1289 cornibus
900 1257 934 1288 in
955 1261 1080 1288 montes

456 1301 596 1332 concitat
619 1302 664 1332 16.
692 1300 759 1331 eius
782 1301 875 1331 dolus
897 1301 937 1330 ad
962 1310 1078 1340 augen-

455 1344 529 1374 dam
537 1343 700 1374 dictatoris
709 1343 861 1374 invidiam
870 1352 917 1382 23.
931 1343 971 1373 ad
980 1347 1077 1373 certa-

455 1396 529 1417 men
559 1385 685 1425 prolicit
716 1386 901 1425 magistrum
934 1385 1079 1425 equitum

457 1429 505 1459 28.
523 1428 590 1458 eius
605 1429 644 1459 de
658 1428 700 1464 Q.
713 1428 804 1459 Fabii
816 1428 953 1458 Maximi
964 1428 1080 1458 virtute

455 1471 673 1502 testimonium
691 1480 740 1510 30.
765 1470 921 1501 exercitus
937 1470 1079 1500 omnium

455 1524 559 1544 rerum
584 1514 716 1553 penuria
739 1514 861 1543 laborat
883 1523 932 1550 40.
962 1512 1080 1543 relictis

455 1556 576 1593 castris,
591 1556 699 1595 fugam
720 1555 850 1586 simulat
871 1565 920 1593 41.
945 1555 1012 1585 eius
1032 1554 1078 1585 in-

455 1598 555 1629 sidiae
579 1599 723 1629 detectae
746 1608 796 1637 42.
829 1597 895 1628 eius
917 1597 1026 1637 inopia
1048 1601 1079 1628 et

455 1641 602 1672 anxietas
639 1650 688 1679 43.
733 1641 774 1671 ad
811 1641 941 1672 Cannas
978 1643 1080 1671 castra

456 1683 559 1723 ponit,
575 1683 650 1714 ibid.
673 1683 775 1714 aciem
796 1683 923 1714 instruit
939 1682 989 1721 46.
1014 1682 1079 1713 vin-

457 1726 500 1756 cit
516 1727 682 1757 Romanos
702 1736 819 1766 magna
839 1726 930 1757 clade
952 1735 1001 1767 49.
1025 1726 1080 1755 sed

457 1769 504 1799 uti
524 1769 654 1799 victoria
674 1769 775 1799 nescit
796 1777 844 1808 51.
869 1768 952 1799 vesci
973 1767 1080 1799 docuit

459 1812 643 1851 corporibus
655 1811 804 1842 humanis
817 1820 867 1850 23,
881 1819 908 1850 5.
933 1811 1081 1850 Capuam

460 1854 547 1885 venit
570 1863 596 1894 7.
621 1855 709 1894 apud
734 1854 854 1885 Minios
874 1854 1004 1885 Celeres
1028 1854 1080 1884 de-

459 1901 600 1927 versatur
611 1897 639 1928 8.
662 1897 730 1927 eius
745 1897 777 1927 in
789 1901 900 1927 senatu
913 1897 1081 1936 Campano

457 1939 558 1970 oratio
578 1949 624 1971 10.
647 1939 680 1969 in
700 1950 810 1980 agrum
831 1939 998 1970 Nolanum
1018 1943 1079 1969 tra-

458 1982 547 2013 ducit
570 1982 746 2013 exercitum
774 1992 820 2020 14.
848 1981 1023 2013 Nuceriam
1046 1981 1080 2012 in

457 2025 653 2056 deditionem
676 2024 794 2064 accipit
820 2033 866 2063 15.
894 2025 935 2055 ad
959 2024 1080 2055 Nolam

458 2067 594 2098 vincitur
622 2078 641 2098 a
672 2067 828 2098 Marcello
861 2065 908 2098 16.
947 2068 1080 2098 Acerras

459 2110 579 2150 diripit,
600 2114 631 2140 et
652 2110 830 2141 Casilinum
853 2114 1019 2149 oppugnat
1043 2117 1079 2148 17

459 2157 491 2183 et
521 2153 566 2184 18.
599 2152 666 2183 eius
691 2153 867 2183 exercitum
894 2153 1080 2191 Campanae

458 2195 593 2225 deliciae
609 2199 772 2233 enervant,
786 2194 862 2226 ibid.
886 2205 925 2225 ex
941 2193 1079 2224 hibernis

460 2237 554 2274 redit,
569 2238 747 2268 Casilinum
767 2241 1008 2276 oppugnaturus
1032 2245 1077 2276 19.

461 2279 529 2310 eius
551 2280 592 2309 ad
618 2279 809 2318 Philippum
835 2278 929 2318 legati
953 2278 1078 2308 interci-

458 2321 590 2361 piuntur
619 2330 669 2360 34.
707 2321 882 2360 Campanis
909 2330 1004 2360 opem
1034 2321 1077 2350 la-

457 2369 546 2394 turus
571 2364 613 2394 ad
637 2363 762 2393 Hamas
788 2362 932 2402 pervenit
957 2361 1006 2400 36.
1037 2363 1078 2392 ab

458 2405 621 2436 obsidione
654 2406 830 2437 Cumarum
864 2405 997 2435 discedit
1027 2412 1076 2444 37.

457 2458 530 2479 cum
547 2447 687 2478 exercitu
701 2448 819 2478 Nolam
837 2451 1077 2487 oppugnaturus

455 2490 580 2522 accedit
606 2499 655 2528 43.
689 2491 808 2521 Nolam
836 2494 1000 2529 oppugnat
1026 2501 1075 2527 44.

455 2533 524 2564 eius
546 2532 667 2572 equites
690 2533 779 2563 mille
799 2533 929 2563 ducenti
951 2536 1075 2571 septua-

453 2576 543 2616 ginta
567 2576 630 2606 duo
655 2576 696 2606 ad
723 2575 915 2606 Marcellum
941 2575 1074 2605 transfu-

453 2619 545 2658 giunt
571 2617 620 2656 46.
656 2618 808 2648 Puteolos
832 2618 947 2647 frustra
972 2621 1075 2647 tentat

457 2671 507 2698 24,
527 2670 572 2699 13.
596 2661 771 2691 Tarentum
787 2670 843 2699 per
862 2659 1074 2699 proditionem

455 2703 542 2743 capit
567 2711 616 2742 25,
638 2704 668 2739 8,
689 2713 719 2744 9,
744 2712 789 2734 10.
817 2702 982 2732 consilium
1007 2702 1074 2733 eius

434 2747 493 2782 <de
523 2745 698 2776 Tarentina
731 2746 829 2776 classe
862 2745 893 2775 in
927 2748 1072 2784 apertum

406 2802 415 2811 ·
453 2798 539 2819 mare
565 2788 742 2818 emittenda
768 2797 814 2818 11.
845 2787 905 2819 Cn.
922 2787 1073 2817 Fulvium

453 2834 632 2870 praetorem
665 2830 761 2861 vincit
794 2831 835 2860 ad
866 2830 1072 2860 Herdoneam

454 2883 502 2905 21.
526 2873 557 2903 in
573 2873 782 2912 Campaniam
800 2872 964 2904 contendit
982 2870 1031 2909 26,
1044 2880 1072 2910 5.

453 2916 688 2956 oppugnandae
733 2916 857 2947 Romae
905 2914 1071 2946 consilium

1171 281 1257 321 capit
1289 289 1315 321 7.
1352 281 1413 312 tria
1441 280 1544 311 millia
1572 284 1724 321 passuum
1748 281 1790 312 ab

1171 324 1278 355 Roma
1304 328 1406 355 castra
1434 324 1519 354 locat
1548 333 1595 355 10.
1627 323 1716 354 irrito
1743 322 1791 354 in-

1171 370 1264 406 cepto
1293 366 1427 397 discedit
1460 376 1506 398 11.
1546 367 1606 398 Cn.
1638 364 1791 396 Fulvium

1169 410 1391 448 proconsulem
1417 420 1491 440 cum
1518 408 1660 440 exercitu
1684 407 1791 438 fundit

1171 459 1221 489 27,
1249 461 1273 483 1.
1302 452 1370 482 eius
1394 453 1434 482 de
1459 452 1506 483 M.
1528 451 1684 483 Marcello
1708 449 1791 481 iudi-

1169 493 1254 523 cium
1282 493 1328 525 16.
1361 495 1588 534 Metapontum
1611 504 1645 524 se
1666 492 1790 533 recipit,

1168 535 1243 566 ibid.
1268 536 1436 567 Lacinium
1452 537 1560 576 copias
1573 537 1723 567 admovet
1739 542 1790 574 25.

1169 578 1319 608 Marcelli
1349 589 1462 618 corpus
1491 579 1605 619 sepelit
1635 579 1685 610 28.
1723 577 1790 608 eius

1166 621 1286 650 annulo
1309 620 1356 650 uti
1378 625 1510 651 conatus
1528 622 1569 652 ad
1584 620 1791 661 decipiendos

1167 661 1381 701 Salapitanos,
1417 667 1540 694 suamet
1575 663 1643 702 ipse
1678 663 1790 694 fraude

1168 704 1302 743 capitur,
1317 704 1392 736 ibid.
1421 705 1487 736 viso
1514 705 1618 745 capite
1645 705 1789 736 Hasdru-

1166 746 1258 783 balis,
1279 757 1312 778 se
1335 747 1536 788 Carthaginis
1557 747 1718 778 fortunam
1736 757 1789 787 ag-

1166 798 1295 819 noscere
1316 790 1394 820 dicit
1414 798 1464 828 51.
1487 789 1595 821 omnia
1615 789 1737 820 auxilia
1755 790 1789 820 in

1167 835 1347 862 extremum
1375 832 1492 863 Italiae
1517 832 1671 872 angulum
1694 831 1790 862 Brut-

1166 873 1227 904 tios
1243 874 1413 912 contrahit,
1428 874 1504 905 ibid.
1527 874 1678 912 adversis,
1692 884 1789 914 quam

1166 917 1313 948 secundis
1338 918 1442 954 rebus,
1467 916 1640 948 mirabilior
1665 916 1716 955 28,
1741 926 1788 949 12.

1165 959 1206 989 ad
1255 959 1390 991 Iunonis
1433 960 1586 991 Laciniae
1628 959 1789 999 templum

1166 1005 1320 1032 aestatem
1341 1003 1406 1043 agit
1421 1001 1470 1040 46.
1494 1013 1582 1033 aram
1601 1001 1646 1033 ibi
1661 1001 1790 1033 dedicat

1166 1054 1239 1074 cum
1261 1044 1381 1084 ingenti
1403 1055 1508 1076 rerum
1528 1046 1568 1076 ab
1583 1055 1616 1076 se
1630 1048 1789 1085 gestamm

1165 1087 1272 1125 titulo,
1298 1088 1374 1119 ibid.
1407 1088 1526 1119 Locros
1550 1087 1654 1118 tendit
1681 1096 1732 1128 29,
1760 1094 1788 1127 7.

1165 1130 1296 1160 adverso
1325 1130 1447 1170 proelio
1476 1131 1650 1170 perculsus,
1676 1130 1788 1162 Croto-

1164 1182 1238 1202 nem
1254 1172 1429 1204 exercitum
1445 1172 1576 1204 abducit
1593 1172 1640 1212 36.
1664 1182 1705 1203 ex
1721 1172 1786 1202 Ita-

1165 1214 1207 1245 lia
1223 1219 1388 1246 revocatur
1403 1225 1453 1255 30,
1468 1225 1500 1256 9,
1519 1225 1564 1256 19.
1586 1215 1736 1246 frendens
1749 1224 1788 1245 ac

1163 1267 1293 1296 gemens
1305 1268 1375 1288 eam
1391 1257 1542 1297 relinquit
1558 1267 1607 1289 20.
1631 1257 1700 1288 eius
1712 1267 1787 1288 cum

1164 1300 1313 1339 Scipione
1349 1300 1546 1340 colloquium
1581 1309 1619 1341 29
1653 1304 1685 1331 et
1718 1309 1786 1339 sqq.

1165 1352 1237 1373 suos
1266 1344 1308 1373 ad
1337 1353 1477 1383 pugnam
1507 1343 1652 1373 hortatur
1679 1345 1712 1373 et
1739 1342 1786 1373 in-

1164 1385 1258 1415 struit
1282 1394 1331 1424 32·
1361 1386 1463 1416 victus
1478 1385 1691 1415 Adrumetum
1715 1394 1786 1424 pro-

1165 1427 1244 1466 fugit
1271 1435 1321 1466 35.
1355 1437 1445 1467 spem
1475 1427 1586 1458 salutis
1614 1426 1692 1457 alibi
1721 1436 1787 1458 non

1165 1479 1243 1506 esse,
1274 1480 1370 1509 quam
1399 1469 1432 1500 in
1463 1479 1543 1509 pace
1574 1469 1788 1509 impetranda,

1165 1511 1294 1548 fatetur,
1309 1512 1385 1543 ibid.
1410 1511 1596 1552 Gisgonem,
1609 1512 1651 1542 ad
1669 1511 1787 1544 dissua-

1165 1554 1305 1585 dendam
1336 1565 1449 1595 pacem
1479 1555 1717 1595 procedentem,
1745 1564 1787 1585 ex

1165 1597 1325 1637 superiore
1346 1598 1416 1628 loco
1431 1597 1572 1628 detrahit
1587 1604 1636 1637 37.
1661 1597 1787 1628 Poenos

1165 1639 1198 1670 in
1225 1640 1312 1670 curia
1335 1640 1448 1671 flentes
1473 1640 1555 1671 ridet
1584 1643 1616 1670 et
1641 1639 1786 1679 increpat

1166 1693 1215 1721 44.
1233 1682 1361 1713 nuntios
1372 1686 1403 1713 et
1418 1682 1525 1714 literas
1536 1683 1578 1713 ad
1589 1682 1786 1713 Antiochum

1165 1725 1286 1756 misisse
1301 1725 1503 1756 insimulatur
1521 1734 1572 1764 33,
1587 1733 1637 1764 45.
1660 1728 1787 1765 praetor

1165 1767 1306 1798 iudicum
1331 1768 1520 1808 potentiam,
1541 1777 1670 1808 gravem
1693 1767 1786 1798 liber-

1164 1810 1236 1847 tati,
1251 1811 1367 1841 minuit
1384 1809 1433 1848 46.
1457 1809 1661 1850 vectigalium
1681 1809 1785 1850 publi-

1166 1863 1275 1883 corum
1301 1853 1438 1884 rationes
1464 1863 1537 1883 cum
1563 1853 1627 1883 fide
1655 1855 1687 1883 et
1713 1862 1786 1892 pru·

1166 1895 1275 1926 dentia
1290 1895 1489 1926 administrat
1509 1899 1541 1926 et
1557 1894 1693 1935 corrigit,
1707 1894 1785 1927 ibid.

1164 1942 1196 1969 et
1223 1946 1272 1978 47.
1305 1938 1446 1969 Romani
1472 1937 1665 1978 Carthagine
1693 1937 1785 1968 Han-

1164 1980 1303 2011 nibalem
1327 1985 1490 2019 accusant,
1511 1980 1587 2011 ibid.
1613 1979 1640 2010 is
1661 1979 1785 2020 aufugit

1164 2023 1206 2053 ad
1237 2034 1343 2064 regem
1370 2023 1567 2054 Antiochum
1597 2022 1637 2061 48
1667 2025 1700 2052 et
1731 2031 1784 2063 49.

1165 2075 1260 2104 quem
1287 2066 1327 2096 ad
1353 2067 1475 2096 bellum
1498 2064 1636 2095 concitat
1658 2072 1710 2103 34,
1732 2063 1784 2095 60.

1165 2109 1325 2139 concitare
1345 2112 1478 2139 conatur
1498 2108 1623 2138 Poenos
1638 2105 1688 2137 61.
1715 2106 1784 2138 eius

1165 2161 1239 2180 cum
1256 2151 1293 2181 P.
1308 2150 1409 2180 Villio
1428 2154 1460 2180 et
1482 2149 1518 2180 P.
1535 2149 1685 2189 Scipione
1700 2148 1784 2180 Afri-

1163 2203 1243 2223 cano
1271 2192 1466 2231 colloquium
1494 2199 1545 2231 35,
1574 2201 1620 2230 14.
1654 2195 1785 2232 propter

1164 2234 1323 2274 colloquia
1343 2245 1416 2265 cum
1434 2234 1537 2265 Villio
1557 2238 1734 2274 suspectus,
1749 2244 1784 2265 se

1163 2277 1251 2316 apud
1278 2277 1474 2308 Antiochum
1501 2277 1643 2307 oratione
1668 2279 1782 2317 purgat

1168 2328 1213 2359 19.
1244 2319 1312 2350 eius
1336 2320 1375 2350 de
1399 2320 1485 2350 bello
1510 2320 1658 2350 Romano
1682 2319 1782 2350 oratio

1164 2360 1215 2399 36,
1247 2370 1273 2400 7.
1312 2372 1397 2399 eum,
1426 2366 1461 2392 ut
1492 2366 1597 2393 vatem
1627 2362 1782 2400 omnium,

1163 2414 1245 2443 quae
1271 2408 1451 2442 evenerant,
1474 2404 1649 2435 admiratur
1670 2403 1782 2435 Antio-

1162 2447 1240 2477 chus
1265 2456 1311 2486 15.
1340 2447 1523 2487 praeficitur
1543 2446 1634 2478 classi
1658 2454 1708 2486 37,
1729 2455 1780 2486 23.

1161 2490 1288 2529 fugatur
1307 2500 1326 2520 a
1348 2489 1484 2521 Rhodiis
1504 2500 1552 2529 24.
1578 2489 1718 2529 profugit
1738 2489 1780 2520 ad

1163 2531 1307 2562 Prusiam
1324 2545 1332 2569 ;
1354 2532 1421 2562 eius
1436 2542 1520 2562 mors
1535 2541 1586 2572 39,
1603 2539 1652 2570 51.

1120 2574 1320 2605 Hannibales
1335 2575 1398 2605 duo
1413 2575 1446 2604 in
1462 2574 1560 2605 Italia
1576 2581 1625 2613 27,
1641 2585 1691 2613 44.

1119 2617 1250 2653 Hanno,
1280 2617 1428 2656 princeps
1461 2615 1608 2647 factionis
1635 2615 1781 2648 Barcinis

1159 2659 1318 2697 inimicae,
1334 2662 1452 2696 censet,
1468 2658 1687 2689 Hannibalem
1706 2658 1779 2690 mit-

1159 2701 1290 2731 tendum
1309 2711 1373 2731 non
1389 2711 1454 2731 esse
1469 2700 1502 2731 in
1519 2701 1712 2740 Hispaniam
1728 2711 1779 2739 21,

1159 2753 1186 2783 3.
1221 2743 1403 2774 dedendum
1427 2743 1583 2774 Romanis
1601 2753 1630 2785 9.
1665 2753 1778 2784 pacem

1158 2786 1329 2826 petendam
1356 2787 1396 2816 ab
1423 2786 1578 2817 Romanis
1601 2790 1674 2826 post
1695 2786 1778 2818 Can-

1157 2838 1286 2859 nensem
1304 2838 1443 2868 pugnam
1460 2837 1510 2867 23.
1530 2837 1575 2868 13.

1118 2871 1249 2908 Hanno,
1276 2870 1466 2902 Bomilcaris
1495 2871 1532 2902 F.
1555 2875 1682 2902 strenue
1710 2881 1776 2902 rem

1157 2913 1237 2953 gerit
1258 2913 1290 2944 in
1309 2913 1442 2945 transitu
1459 2913 1609 2945 Rhodani
1625 2923 1676 2952 21,
1691 2920 1730 2953 27
1745 2916 1777 2945 et
