1888 3194
595 206 722 248 LIB.
757 206 878 248 XLI.
922 206 1071 248 CAP.
1105 211 1144 248 8.

1518 211 1569 249 13

147 310 257 356 7que
277 306 321 340 et
341 297 558 354 utriusque
586 296 776 339 hostibus
796 296 889 347 fuit,
911 297 983 353 qui
1007 296 1052 338 in
1079 296 1144 338 his
1165 297 1392 354 provinciis
1411 297 1569 339 bellum
1586 307 1630 340 U.
1647 308 1686 339 C.
1708 315 1782 348 575-

174 355 461 399 concivissent.

523 355 699 397 Postero
729 355 797 397 die
825 354 952 412 legati
983 354 1222 405 Sardorum,
1252 370 1326 410 qm
1357 354 1411 396 ad
1440 371 1570 397 novos

1584 352 1623 382 A.
1648 351 1686 383 C.
1712 359 1783 390 177.

1557 394 1620 425 ·C.
1631 394 1783 431 Claudio,

174 413 436 470 magistratus
483 412 602 454 dilati
641 421 772 462 erant,
814 421 856 454 et
896 412 946 454 L.
971 412 1189 454 Minucius
1230 412 1454 462 Thermus,
1496 413 1622 469 quiT
1634 437 1733 477 Semp
1736 447 1784 468 ro-

141 471 334 528 81egatus
362 470 516 512 Manlii
542 471 761 513 consulis
750 486 796 512 m
798 469 947 512 Istria
973 470 1120 520 fuerat,
1147 471 1192 511 in
1219 478 1411 512 senatum
1440 471 1566 512 venit.
1581 479 1635 510 nio
1651 480 1741 511 Coss.

174 529 246 571 Ab
271 529 336 570 his
363 529 538 571 edoctus
566 538 629 570 est
657 537 838 579 senatus,
868 538 1076 586 quantum
1103 527 1203 570 belli
1228 543 1301 570 eae
1329 528 1568 585 provinciae

172 587 387 629 haberent.

231 644 461 687 Moverunt
481 653 674 687 senatum
699 653 742 686 et
767 644 998 702 legationes
1018 644 1178 686 socium
1202 644 1386 686 nominis
1411 644 1566 695 Latini,
1583 656 1772 688 Latinorum

142 717 282 760 9quae
308 712 351 744 et
378 718 570 745 censores
599 711 642 744 et
671 703 830 759 priores
857 702 1049 745 consules
1075 702 1367 759 fatigaverunt,
1396 703 1567 744 tandem
1581 700 1739 739 querelae.

173 761 218 802 in
239 769 429 803 senatum
458 760 735 803 introductae.

802 760 976 803 Summa
1001 760 1265 817 querelarum
1287 770 1388 810 erat,
1413 766 1425 784 ‘
1441 760 1568 802 Cives

175 824 294 861 ‘suos
342 818 504 861 Romae
555 834 702 860 censos
751 819 972 876 plerosque
1026 818 1206 860 Romam
1258 819 1565 874 commigrasse.

176 882 188 901 ‘
207 876 336 926 Quod
357 877 391 918 si
411 877 691 933 permittatur,
713 877 934 933 perpaucis
954 876 1093 918 lustris
1113 876 1314 926 futurum,
1339 886 1385 918 ut
1406 877 1571 919 deserta

177 934 368 992 ‘oppida,
391 935 545 977 deserti
573 935 674 989 agri,
696 934 861 976 nullum
888 934 1066 977 militem
1088 935 1187 976 dare
1214 935 1411 991 possent.’
1470 934 1570 977 Fre-

172 992 302 1048 gellas
333 1008 503 1049 quoque
534 993 665 1034 millia
695 1001 895 1049 quattuor
923 992 1172 1035 familiarum
1206 993 1398 1034 transisse
1429 993 1480 1035 ab
1511 1008 1568 1044 se,

177 1049 385 1092 Samnites
418 1050 670 1107 Pelignique
707 1051 1015 1107 querebantur:

173 1107 250 1150 hos
271 1117 344 1149 aut
364 1107 456 1149 illos
477 1108 520 1149 in
543 1108 711 1150 delectu
732 1108 914 1149 militum
930 1108 1041 1150 dare.

146 1165 238 1208 ldis
278 1165 363 1207 duo
404 1166 631 1207 mutandae
673 1166 829 1207 viritim
864 1166 1040 1208 civitatis
1075 1165 1250 1207 inducta
1284 1175 1413 1207 erant.

1058 1066 1198 1107 neque
1239 1066 1289 1092 eo
1330 1051 1468 1092 minus
1499 1059 1572 1093 aut

1108 1108 1279 1150 Genera
1299 1118 1439 1150 autem
1460 1109 1571 1150 frau-

1477 1166 1570 1208 Lex

173 1223 295 1266 sociis
315 1239 362 1266 ae
378 1224 561 1265 nominis
583 1224 740 1275 Latini,
759 1224 834 1280 qui
850 1224 1021 1281 stirpem
1044 1239 1097 1265 ex
1118 1239 1206 1265 sese
1227 1223 1342 1266 domi
1358 1224 1571 1281 relinque-

173 1291 281 1333 rent,
303 1282 442 1333 dabat,
460 1291 507 1324 ut
523 1283 588 1324 civ
591 1298 634 1324 es
657 1282 842 1324 Romani
858 1282 1021 1324 fierent.

175 1339 244 1382 alii
273 1340 406 1391 sociis,
433 1340 503 1382 alii
531 1339 688 1397 populo
720 1340 916 1382 Romano
946 1340 1143 1382 iniuriam
1173 1340 1393 1382 faciebant.

1086 1281 1150 1323 Ea
1165 1282 1257 1339 lege
1272 1282 1379 1324 male
1397 1283 1569 1332 utendo,

1457 1339 1571 1381 Nam

174 1407 230 1449 et,
252 1414 306 1440 ne
327 1399 499 1464 stirpem
520 1399 634 1440 domi
656 1398 957 1455 relinquerent,
975 1398 1128 1440 liberos
1148 1414 1243 1440 suos
1265 1398 1572 1455 quibusquibus

176 1456 421 1498 Romanis
410 1472 455 1498 in
486 1472 578 1499 eam
610 1456 910 1507 conditionem,
937 1466 985 1498 ut
1016 1456 1426 1507 manumitterentur,
1453 1472 1572 1498 man-

143 1514 285 1572 zeipio
315 1515 483 1565 dabant,
515 1515 786 1571 libertinique
818 1515 929 1556 cives
962 1523 1122 1556 essent:

1166 1523 1209 1556 et
1239 1514 1392 1571 quibus
1422 1515 1496 1556 stix
1499 1530 1572 1572 pes

144 1580 162 1611 3
175 1571 351 1624 deesset,
367 1588 492 1629 quam
510 1572 833 1633 relinquerent,
829 1582 876 1614 ut
892 1573 1003 1615 cives
1018 1572 1201 1614 Romani
1217 1572 1386 1614 fiebant.
1449 1573 1572 1615 Post-

176 1645 239 1680 ea,
269 1630 335 1672 his
374 1646 543 1696 quoque
584 1615 837 1688 imaginibus
877 1631 978 1673 iuris
1013 1631 1176 1688 spretis,
1207 1631 1443 1697 prorniscue
1480 1631 1569 1672 sine

175 1687 282 1745 lege,
309 1688 397 1730 sine
415 1688 566 1745 stirpe,
596 1704 640 1729 ln
668 1689 878 1730 civitatem
909 1689 1147 1731 Romanam
1174 1704 1250 1745 per
1277 1689 1572 1745 migrationem

178 1755 221 1788 et
248 1761 418 1788 censum
448 1746 690 1787 transibant.
755 1745 900 1788 ‘Haec
928 1761 982 1788 ne
1003 1755 1149 1803 postea
1174 1747 1350 1796 fierent}
1336 1725 1572 1803 epetebant

177 1803 316 1860 legati,
340 1810 406 1846 ‘et
428 1813 471 1845 ut
502 1803 670 1845 redire
661 1819 703 1845 in
726 1803 914 1845 civitates
941 1804 1134 1845 iuberent
1159 1804 1313 1845 socios:
1347 1804 1502 1846 deinde
1524 1813 1572 1846 ut

147 1861 295 1918 4‘lege
335 1871 543 1911 caverent,
577 1877 630 1903 ne
667 1862 760 1918 quis
801 1877 929 1917 quem
964 1862 1143 1903 civitatis
1183 1861 1408 1903 mutandae
1449 1877 1572 1903 causa

179 1924 324 1961 ‘suum
349 1920 515 1969 faceret,
547 1934 650 1960 neve
679 1919 901 1961 alienaret:
935 1929 989 1969 et,
1019 1919 1053 1960 si
1082 1919 1175 1975 quis
1203 1919 1260 1960 ita
1287 1919 1388 1961 civis
1414 1919 1572 1961 Roma-

222 2044 238 2078 7
261 2039 306 2069 Et
330 2039 500 2079 utriusque
528 2038 686 2076 hostibus]
724 2037 791 2074 Qui
818 2037 850 2067 in

175 2085 312 2121 utraque
329 2081 493 2121 provincia
510 2086 610 2112 erant.

219 2125 238 2156 8
260 2126 303 2155 In
329 2129 475 2156 senatum
508 2125 610 2162 venit]
650 2124 850 2163 Exspectan-

177 2168 255 2198 dum
280 2172 348 2198 erat
371 2172 541 2204 venerunt,
558 2167 613 2197 sed
636 2167 732 2197 simili
755 2167 851 2196 modo

175 2210 254 2242 dicit
272 2210 382 2241 Livius
399 2210 471 2241 infr.
493 2219 538 2240 12.
555 2211 657 2240 literis
676 2211 708 2240 T.
722 2210 851 2240 Claudii

175 2259 206 2286 et
220 2254 494 2285 senatusconsulto
509 2258 646 2292 accepto.
672 2253 798 2283 RAscu.

219 2307 239 2338 9
256 2298 508 2336 Futiyaverunt]
537 2296 723 2335 Legendurn
742 2299 850 2326 censet

178 2339 363 2372 Gronovius
384 2341 626 2379 j'atiyaverant,
649 2339 735 2379 quod
764 2338 849 2369 Bek-

177 2383 243 2414 ker.
259 2382 411 2422 reposuit.

224 2435 236 2456 1
263 2427 331 2456 Lea*
358 2426 451 2456 sociis
481 2436 519 2455 uc
549 2426 687 2455 nominis
717 2425 847 2463 Latini]

178 2469 218 2500 cf.
236 2469 371 2500 Niebhr.
394 2468 437 2499 iii.
459 2479 489 2498 n.
506 2477 579 2509 951.
606 2468 695 2498 Fuss.
714 2468 756 2498 R.
774 2468 850 2498 Ant.

178 2512 207 2550 ἓ.
228 2511 295 2543 1¹26.
320 2511 395 2542 Gaii
416 2510 519 2542 Instit.
537 2511 556 2542 i.
574 2511 601 2548 ξ.
621 2511 668 2541 28.

222 2564 238 2585 2
257 2556 302 2586 Ee
314 2556 430 2595 quibus
441 2555 557 2593 stirpes
568 2554 702 2592 deesset]
727 2554 853 2593 Slirpes

178 2597 376 2628 nominativo
410 2608 485 2627 casu
516 2596 694 2636 antiquitus
725 2596 851 2627 diceba-

178 2645 232 2671 tur
247 2651 304 2681 pro
319 2642 428 2680 stirps,
445 2646 480 2670 ut
495 2641 600 2679 plebes
618 2649 675 2679 pro
687 2641 787 2680 plebs.
811 2639 851 2670 cf.

180 2684 315 2715 Niebhr.
332 2683 363 2714 ii.
382 2694 411 2714 n.
429 2692 499 2724 900.

222 2736 240 2766 3
267 2729 309 2759 Ut
323 2727 406 2757 cives
418 2726 554 2757 Romani
561 2726 706 2765 fiebant]
727 2726 852 2756 Vocem

178 2771 203 2801 in·
215 2780 272 2810 pro
283 2774 319 2800 ul
329 2769 478 2809 Sigonius
492 2769 708 2808 reponendam
726 2769 853 2805 suadet,

179 2813 233 2844 sed
251 2812 414 2844 Crevicrio
436 2811 538 2842 innius
557 2812 617 2841 hoc
640 2812 710 2842 loeo
729 2811 854 2842 videtur

180 2867 247 2887 esse
265 2856 391 2892 vulnus,
407 2865 502 2894 (piam
522 2859 556 2885 ut
573 2859 637 2885 tam
663 2854 777 2885 leniter
798 2865 851 2884 eu-

180 2899 239 2929 rari
265 2898 372 2938 possit.
417 2899 569 2929 Ceterum
597 2907 662 2927 rem
690 2897 734 2928 ita
759 2897 851 2927 intel-

182 2940 269 2979 ligas.
319 2941 417 2971 Fraus
454 2940 546 2971 sociis
585 2940 693 2977 fiebat,
723 2940 853 2980 quand«)

184 2983 302 3019 Latini,
317 2984 370 3023 qui
394 2983 523 3023 stirpem
548 2983 632 3013 domi
658 2982 853 3022 reliquerint,

896 2037 1013 2068 liberos
1035 2047 1108 2067 suos
1131 2036 1163 2067 in
1188 2047 1321 2068 manuni
1346 2038 1570 2069 Romanorum

896 2080 1014 2111 civium
1041 2081 1166 2117 darent,
1188 2084 1223 2110 ut
1246 2081 1373 2111 Romae
1397 2081 1570 2111 manumit-

895 2127 1065 2160 terentur3
1097 2123 1266 2161 Romanis,
1292 2124 1422 2163 quando
1451 2124 1571 2161 Latini,

895 2167 1012 2206 quihus
1045 2165 1160 2206 stirpes
1192 2167 1327 2203 deesset,
1357 2167 1494 2197 aliorum
1535 2167 1570 2197 li-

896 2210 987 2240 beros
1017 2209 1180 2249 mancipio
1210 2210 1405 2249 accipe1·‚ent
1432 2213 1467 2240 ut
1498 2210 1570 2250 ipsi,

895 2252 985 2292 quasi
1030 2252 1162 2300 stirpem
1207 2252 1294 2282 domi
1340 2252 1570 2292 relinquenter‚

895 2296 980 2326 cives
1006 2295 1101 2326 Rom
1095 2305 1147 2326 im
1173 2290 1297 2332 fierent,
1321 2299 1353 2326 et
1379 2300 1490 2335 poste-i
1516 2306 1570 2326 eos

895 2349 955 2369 em·
956 2338 1147 2378 niciparent.
1207 2338 1389 2370 Crevierius
1418 2343 1455 2369 vt
1487 2339 1571 2370 cives

894 2382 1032 2412 Romam
1039 2383 1162 2421 fierent
1178 2405 1185 2412 .
1203 2403 1211 2411 .
1228 2405 1236 2413 .
1253 2381 1424 2419 legendum
1443 2382 1522 2419 vult,
1538 2385 1571 2412 et

895 2425 1053 2464 quaedam
1070 2424 1132 2455 hoc
1149 2425 1220 2455 loco
1236 2424 1434 2455 intercidisse
1451 2429 1569 2456 censet.

939 2479 958 2506 4
981 2469 1033 2499 Ne
1048 2469 1120 2508 quis
1139 2478 1231 2508 quem
1249 2491 1257 2498 .
1273 2491 1281 2498 .
1299 2491 1307 2498 .
1322 2478 1417 2498 suum
1430 2469 1571 2506 faceret,

896 2521 975 2542 neve
1005 2511 1182 2549 alienaret]
1220 2510 1312 2541 Prior
1342 2520 1416 2550 pars
1444 2515 1504 2548 est,
1534 2514 1570 2541 ut

897 2559 983 2584 recte
1003 2554 1151 2584 observat
1168 2553 1363 2590 Gronovius,
1385 2557 1496 2584 contra
1518 2563 1569 2583 ac-

897 2596 1070 2636 cipientem
1093 2596 1267 2636 mancipio,
1284 2596 1439 2636 posterior
1459 2601 1571 2627 contra

897 2640 1039 2670 dantem.
1104 2639 1167 2670 Ille
1205 2639 1290 2669 enim
1329 2645 1415 2670 recte
1452 2639 1570 2670 dicitur

895 2694 988 2713 suum
999 2684 1114 2722 facere
1130 2692 1203 2712 eum
1221 2692 1316 2721 quem
1339 2682 1502 2722 mancipio
1518 2693 1569 2712 ue-

898 2726 977 2765 cipit
996 2739 1003 2762 ;
1025 2724 1078 2755 hic
1093 2726 1239 2756 alienare
1255 2735 1329 2756 eum
1347 2735 1442 2764 quern
1461 2725 1569 2755 tradit.

897 2769 1065 2805 Ceterum,
1089 2767 1113 2798 si
1138 2778 1177 2799 eu.
1201 2768 1396 2805 coniectura,
1415 2778 1498 2808 quae
1519 2778 1568 2797 su-

898 2811 1022 2851 periore
1047 2815 1123 2842 nota
1146 2811 1294 2850 exposita-1
1317 2815 1376 2845 ost,
1402 2821 1482 2841 vana
1506 2820 1568 2840 non

896 2858 955 2891 est,
976 2854 1102 2884 videtur
1126 2858 1157 2884 et
1183 2853 1234 2884 hic
1259 2853 1415 2885 excidis-xe
1437 2853 1568 2892 aliquod

897 2897 993 2927 huius
1026 2897 1102 2935 legis
1133 2901 1244 2937 caput,
1275 2896 1423 2927 nimirum
1460 2899 1569 2925 contra

898 2940 1120 2971 fmudulentas
1136 2939 1208 2970 illas
1223 2939 1423 2979 adoptiones.
1448 2940 1553 2968 Cum.
