1888 3194
519 186 644 229 LIB.
678 185 797 227 XLI.
845 186 881 228 C
894 186 990 227 ΑΡ.
1024 189 1090 228 20.
1438 192 1491 231 25

117 291 278 335 pressus
309 276 477 317 interiit.
540 275 668 317 Hunc
701 290 876 332 regnum
907 275 1174 317 affectantem
1210 275 1422 318 Eumenes
1452 287 1553 324 etU.
1569 291 1608 324 c.
1629 291 1702 331 576·

115 333 284 377 Attalus
318 333 584 390 expulerunt,
615 333 957 389 induxeruntque
991 333 1037 374 in
1070 332 1160 374 eius
1193 333 1703 389 possessionemA·C-176·

115 391 389 441 Antiochum,
429 406 556 447 quem
596 391 674 432 sibi
720 390 799 432 hoc
846 400 962 432 tanto
1007 390 1212 432 beneficio
1238 390 1496 433 ‘devinctum

114 449 266 491 habere
289 449 429 505 magni
454 449 738 490 aestimabant.
800 448 889 489 Iam
917 448 1031 489 enim
1056 448 1109 490 ob
1134 447 1333 503 quasdam
1364 449 1496 490 offen—

114 506 323 549 siunculas
357 515 570 563 suspectos
603 506 749 548 habeb
742 515 813 547 mt
850 506 1073 547 Romanos.
1137 505 1296 547 Eorum
1331 506 1497 548 auxiliis

114 579 243 621 regno
263 564 421 629 potitus
442 564 679 605 Antiochus
701 573 816 605 tanto
844 563 1093 620 populorum
1121 563 1275 620 gaudio
1295 573 1497 621 exceptus

114 631 189 672 est,
206 630 252 663 ut
272 621 311 663 ei
332 637 564 678 cognomen
587 622 816 663 indiderint
834 620 1059 686 Epiphani,
1077 621 1205 678 quod,
1224 636 1354 677 quum
1371 621 1498 663 alieni

113 694 139 722 a
157 679 283 736 stirpe
303 680 418 736 regia
437 694 614 736 regnum
634 679 892 729 invaderent,
916 694 1002 735 lpse
1024 679 1156 721 avitae
1177 679 1348 721 ditionis
1368 694 1498 721 asser-

113 746 180 779 tor
201 747 370 778 exortus
395 737 478 779 suis
505 737 719 779 illuxisset.
782 736 936 793 Neque
963 751 1062 779 vero
1089 736 1129 778 ei
1157 736 1211 778 ad
1237 751 1302 778 res
1327 737 1498 779 bellicas

114 794 249 837 defuit
268 794 431 837 indoles
455 804 498 836 et
516 795 634 852 vigor
654 795 793 837 animi.
855 794 1016 836 Verum
1036 794 1095 836 ita
1118 809 1269 851 pravus
1289 804 1333 837 et
1352 795 1498 837 incon-

114 852 246 894 sultus
270 852 387 894 fuit
377 868 421 894 in
448 862 535 894 tota
560 868 723 894 morum
744 862 787 894 et
813 852 1094 894 instituendae
1115 853 1224 894 vitae
1255 853 1429 904 ratione,
1450 862 1498 895 ut

113 910 241 976 brevi,
267 911 515 967 cognomine
543 919 715 961 mutato,
744 926 819 967 pro
849 909 1069 967 Epiphane
1100 909 1339 967 Epimanes,
1363 910 1408 952 id
1435 919 1499 953 est

114 968 295 1034 insanus,
325 968 585 1010 vocitaretur.
650 968 782 1025 Saepe
811 969 923 1010 enim
951 983 1138 1025 egressus
1168 983 1190 1010 e
1216 969 1330 1026 regia
1358 969 1499 1011 insciis

114 1026 323 1076 ministris,
346 1041 430 1067 uno
462 1035 532 1067 aut
554 1025 683 1067 altero
704 1026 868 1075 comite,
891 1040 965 1082 per
992 1026 1137 1067 urbem
1166 1041 1259 1067 rosa
1278 1036 1500 1068 coronatus

113 1091 157 1125 et
175 1098 276 1124 auro
305 1092 461 1124 textam
483 1083 656 1124 indutus
676 1093 832 1125 vestem
860 1083 1094 1133 incedebat,
1116 1083 1329 1125 interdum
1349 1084 1499 1141 lapidi-

112 1141 203 1191 bus,
220 1155 325 1197 quos
339 1141 416 1182 sub
433 1140 497 1182 ala
511 1141 721 1196 gerebat,'
711 1156 921 1182 mcessens
934 1141 1097 1190 obvios;
1129 1141 1341 1182 interdum
1355 1151 1501 1184 contra

111 1213 306 1240 nummos
341 1198 384 1239 in
416 1198 564 1254 vulgus
599 1213 808 1255 spargens,
841 1198 1168 1255 vociferansque,
1206 1198 1394 1250 ‘Sumat,
1431 1199 1499 1241 cui

115 1261 127 1280 ‘
139 1255 305 1298 fortuna
317 1256 505 1298 dederit.’
564 1256 682 1298 Alias
697 1271 794 1298 vero
807 1272 882 1313 per
897 1256 1128 1306 aurificum,
1146 1256 1499 1322 caelatorumque,

113 1323 156 1356 et
183 1313 357 1355 aliorum
377 1314 585 1355 fabiorum
608 1314 792 1355 officinas
813 1314 1081 1364 discurrebat,
1104 1314 1156 1356 de
1179 1315 1382 1371 cuiusque
1412 1324 1498 1357 arte

113 1372 328 1414 ambitiose
359 1372 586 1414 disserens:
619 1387 733 1414 nunc
761 1387 857 1413 cum
885 1372 1008 1414 obvio
1039 1387 1207 1428 quoque
1239 1371 1500 1429 plebeiorum

112 1429 330 1471 hominum
351 1445 561 1472 sermones
581 1430 811 1472 miscebat
801 1445 845 1471 m
866 1429 1048 1495 publico,
1065 1445 1179 1471 nunc
1200 1430 1358 1472 circum
1379 1430 1500 1487 popi-

111 1502 186 1529 nas
205 1488 412 1537 oberrans,
434 1503 530 1528 cum
552 1487 721 1530 ultimae
743 1487 862 1529 sortis
883 1488 1112 1544 peregrinis
1128 1496 1171 1529 ct
1192 1487 1365 1529 advenis
1385 1503 1500 1530 com-

112 1546 315 1602 potationi
345 1545 601 1602 indulgebat.
666 1545 711 1588 Si
738 1561 842 1602 quos
872 1546 1013 1588 forte*
1003 1561 1175 1588 iuvenes
1203 1546 1499 1602 tempestivum

114 1602 320 1644 celebrare
357 1604 592 1645 convivium
622 1612 819 1654 senserat,
850 1604 938 1660 ipse
970 1604 1111 1645 statim
1146 1618 1243 1645 cum
1272 1603 1425 1660 poculo
1455 1613 1499 1646 et

113 1660 397 1726 symphonia
387 1661 632 1725 improvisus
659 1661 802 1703 aderat
829 1660 1172 1703 comissabundus
1196 1670 1240 1703 et
1266 1661 1496 1712 lasciviens,

114 1718 173 1759 ita
204 1727 250 1759 ut
282 1718 342 1759 rei
372 1719 554 1760 novitate
585 1719 763 1775 perculsi
792 1719 982 1775 plerique
1013 1734 1055 1760 se
1087 1719 1131 1759 in
1161 1719 1303 1776 fugam
1333 1718 1496 1770 darent,

113 1776 264 1832 partim
296 1786 411 1817 metu
441 1776 777 1818 conticescerent.
840 1776 891 1817 In
927 1776 1103 1832 publicis
1139 1792 1308 1833 quoque
1339 1776 1498 1818 balneis

113 1848 209 1875 cum
240 1834 360 1875 turba
388 1849 484 1875 eum
517 1833 649 1875 lav-aie
680 1834 847 1875 solitum
878 1834 1002 1875 fuisse
1034 1843 1207 1876 constat.
1269 1833 1334 1875 Ibi
1365 1849 1497 1890 quum

113 1891 337 1947 unguentis
359 1900 496 1932 tamen
518 1891 821 1947 pretiosissimis
843 1900 1041 1941 uteretur,
1063 1891 1204 1933 ferunt
1224 1891 1436 1948 quendam
1458 1892 1498 1934 ei

113 1925 316 2005 de⁰121ebc
347 1948 561 1989 hominem
591 1949 743 1989 dixisse
776 1948 1011 2024 qupndam:
1047 1947 1228 1990 ‘Beatus
1258 1965 1315 2000 es,
1344 1965 1369 1991 o
1397 1965 1494 1992 rex:

113 2011 126 2030 ‘
142 2015 356 2062 unguenta
383 2006 552 2046 maximi
580 2006 702 2062 pretii
731 2006 842 2047 olcs.'
903 2006 986 2047 Cui
1008 2005 1090 2056 illc,
1113 2006 1226 2048 dicto
1253 2006 1496 2058 delectatus,

113 2063 227 2105 ‘Iam
248 2064 316 2113 te,'
335 2063 486 2120 inquit,
510 2064 592 2105 ‘ita
613 2064 757 2114 beabo,
780 2074 826 2105 ut
847 2073 1031 2105 saturum
1056 2073 1095 2105 tc
1118 2079 1206 2106 esse
1227 2064 1426 2106 fatearc:’
1455 2073 1498 2107 ct

111 2121 249 2163 statim
277 2122 321 2162 in
341 2122 431 2162 cius
451 2131 575 2187 caput
603 2122 818 2178 ingentem
847 2121 1052 2178 unguenti
1083 2121 1326 2164 nobilissimi
1349 2137 1497 2164 urnam

112 2179 270 2221 effundi
301 2179 444 2221 iussit:
479 2180 536 2221 ita
567 2190 624 2230 ut,
657 2189 827 2221 natante
857 2180 1111 2236 pavimento,
1142 2180 1187 2221 in
1219 2179 1379 2222 lubrico
1409 2180 1498 2238 lap-

71 2266 78 2271 -
110 2247 247 2279 santes
269 2246 357 2279 tum
378 2238 518 2288 ceteri,
542 2247 629 2279 tum
651 2238 738 2295 ipse
764 2253 837 2279 lex
866 2238 909 2278 in
930 2238 1074 2294 primis
1099 2237 1326 2280 cachinnos
1346 2237 1498 2280 tollens

110 2295 360 2337 concideret.

168 2352 397 2402 Postremo,
414 2362 579 2410 sumpta
594 2353 684 2395 loco
705 2354 829 2395 vestis
849 2353 987 2410 regiae
1010 2362 1117 2410 toga,
1137 2353 1495 2410 quemadmodum
1573 2359 1640 2399 20.

111 2410 272 2453 Romae
293 2426 317 2452 a
332 2411 564 2453 candidatis
580 2412 669 2453 fieri
686 2412 856 2462 viderat,
879 2412 1013 2452 forum
1035 2411 1293 2462 circumibat,
1310 2412 1496 2469 singulos

110 2483 133 2510 e
154 2468 274 2526 plebe
295 2484 496 2526 prensans
517 2469 855 2526 amplexansque
874 2479 915 2511 ct
937 2469 1061 2511 modo
1083 2469 1352 2520 aedilitatem,
1370 2470 1496 2512 modo

110 2527 366 2568 tribunatum
389 2526 519 2583 plebis
541 2537 709 2583 petens:
743 2542 789 2569 ac
812 2527 995 2584 denique
1017 2527 1162 2584 populi
1183 2528 1388 2585 suffragiis
1409 2543 1497 2569 ma-

139 2585 324 2626 istratum
346 2584 533 2641 adeptus,
555 2584 768 2642 Romano]
796 2601 922 2635 more,
940 2585 1041 2626 sella
1061 2586 1246 2627 eburnea
1266 2586 1413 2643 posita,
1433 2586 1496 2627 ius

77 2600 286 2693 ogicd'mt'
317 2642 659 2699 disceptabatque
695 2643 994 2685 coutioversias
1026 2643 1292 2684 minimarum
1330 2659 1492 2685 rorum:

80 2699 297 2757 7adcoquc
339 2700 441 2742 nulli
488 2701 677 2742 fortunae
725 2702 818 2742 adh·
811 2718 856 2742 ιι(-
850 2702 977 2742 ·rcbat
1021 2701 1198 2751 animus,
1241 2717 1315 2758 per
1355 2702 1496 2743 omnia

151 2829 170 2861 6
193 2831 352 2868 Romanu]
376 2831 475 2867 marr]
504 2829 596 2861 llaec
612 2830 651 2859 ‹lc
669 2829 779 2869 Syrint-
869 2838 883 2868 7
900 2831 1051 2870 Adeoque
1067 2832 1149 2860 nulli
1158 2831 1334 2869 scu-lenum]
1363 2832 1495 2860 Formae

111 2883 191 2911 rege,
216 2873 376 2904 Antiocho
404 2872 588 2912 Epipluuw,
615 2872 675 2902 «lici
704 2873 780 2903 satis
826 2874 1047 2912 projierlnmu·
1065 2874 1234 2913 legendum
1252 2884 1325 2905 cum
1343 2873 1493 2905 uum-nio

111 2915 227 2946 ducent
246 2916 358 2955 l’olyb.
382 2915 468 2947 xxvi.
497 2925 539 2947 ιο.
561 2921 591 2945 ct
613 2916 730 2947 Athen.
751 2926 777 2946 v.
824 2922 931 2947 censet
948 2916 1087 2949 Crexicr.

114 2967 160 2987 21.
186 2968 213 2988 x.
234 2967 280 2995 52.
