1888 3194
622 214 915 252 INDEX.

121 294 170 325 28.
190 293 223 325 111
233 291 396 340 Hispania
407 291 453 322 cis
464 291 596 327 Iberum
606 290 648 320 ab
659 289 752 320 Han-

120 337 228 368 nibale
250 334 434 376 praeficitur
449 342 501 370 21,
518 341 568 372 23.
592 331 712 362 ibidem
733 340 754 361 a

120 379 184 411 Cn.
204 346 355 418 Scipione
385 375 524 407 vincitur
559 378 592 406 et
624 373 754 414 eapitur

79 463 213 500 Hanno,
226 461 344 493 nobilis
358 459 642 501 Carthaginiensis,
665 458 751 499 capi-

120 509 174 537 tur
186 505 220 536 in
236 504 382 537 Sardinia
400 513 451 543 23,
467 513 518 542 41.

79 548 213 586 Η811110,
233 547 336 579 victus
357 550 390 577 et
412 546 526 586 pulsus
547 545 666 576 finibus
687 544 752 576 Lu—

121 590 210 622 canis
230 601 251 622 a
270 589 321 621 Ti.
333 588 523 629 Sempronio
540 588 664 628 Longo,
685 587 753 618 abit

120 633 155 664 in
182 632 328 664 Bruttios
353 642 404 673 23,
432 640 481 672 37.
516 631 618 671 copiis
640 634 755 662 auctus

120 675 205 707 redit
220 675 355 713 Nolam,
376 678 409 706 et
429 684 504 706 cum
528 673 667 706 Nolanis
690 673 754 704 col-

122 718 265 759 loquitur
280 727 330 758 43.
360 717 395 749 in
414 716 560 748 Bruttios
581 715 756 748 remittitur

122 760 174 800 46.
196 761 239 792 ad
253 760 467 792 defectionem
484 759 637 791 sollicitat
654 758 755 790 Grae·

122 814 178 836 cas
202 804 298 835 urbes
323 803 358 834 in
382 803 519 835 Bruttiis
542 802 757 841 24,1.111181·

124 846 323 878 Hannonem
339 850 371 877 et
387 845 575 878 Gracchum
597 844 679 876 acris
697 854 755 884 pu-

122 899 187 930 gna
201 890 243 921 ad
260 890 484 920 Beneventum
505 897 542 926 14
557 893 589 919 et
610 896 655 926 15.
684 887 756 918 sub-

124 932 238 964 levat'
229 932 371 972 inopiam
389 932 523 972 Capuae
541 929 758 970 25,13.81118

125 979 230 1006 castra.
262 974 434 1015 capiuntur
469 984 489 1004 a
519 972 678 1005 Romanis
711 982 758 1010 14.

124 1017 228 1057 fugit
219 1028 252 1049 111
262 1017 418 1054 Β11111108,
428 1017 505 1048 ibid.
526 1019 651 1056 praeest
670 1025 757 1055 prae-
774 1017 784 1022 '

126 1060 208 1092 sidio
223 1060 441 1100 Metaponti
429 1068 477 1099 .7,
493 1068 543 1097 42.

85 1102 208 1134 Hanno
222 1103 358 1143 Capuae
377 1106 502 1142 praeest
519 1100 678 1141 praesidio
695 1101 759 1131 Pu-

127 1145 200 1176 nico
217 1143 269 1183 26,
285 1154 303 1184 5
319 1148 351 1175 81
371 1154 418 1175 12.
443 1144 555 1175 relicta
572 1143 683 1175 Sicilia
697 1147 758 1173 tra-

126 1187 196 1219 iicit
210 1187 244 1218 in
259 1187 402 1218 Africam
420 1196 471 1224 40.

86 1230 220 1269 Hanno,
241 1240 343 1261 novus
368 1229 553 1277 imperator,
578 1228 610 1259 in
639 1227 757 1268 Hispa-

127 1273 216 1304 niam
241 1283 282 1304 ex
306 1272 414 1304 Africa
440 1272 472 1302 in
498 1272 606 1302 locum
630 1270 761 1302 Barcini

128 1315 345 1347 Hasdrubalis
356 1315 587 1364 transgreditur
600 1313 650 1350 28,
662 1323 687 1345 1.
705 1314 760 1344 ad-

128 1368 238 1390 versus
257 1368 331 1390 eum
354 1358 495 1389 mittitur
509 1368 528 1388 a
544 1356 696 1397 Scipione
712 1356 760 1387 M.

105 1401 270 1443 ‚Silanum
284 1400 364 1432 ibid.
392 1401 483 1431 vivus
504 1399 631 1440 capitur
653 1409 672 1430 a
695 1399 761 1430 Ro-

130 1443 235 1475 manis
251 1453 280 1476 2.
304 1443 444 1475 mittitur
460 1444 601 1474 Romam
617 1453 647 1480 4.

91 1487 225 1519 Hanno.
251 1486 432 1527 praefectus
459 1485 610 1525 Magonis
638 1485 688 1523 28,
714 1493 763 1524 23.

132 1529 278 1560 funditur
291 1540 311 1560 a
327 1529 365 1560 L.
379 1528 504 1560 Marcio
521 1537 571 1567 30.

89 1573 225 1610 Hanno,
240 1572 357 1603 nobilis
373 1571 510 1608 iuvenis,
523 1569 680 1610 equitatui
698 1570 762 1601 Pu-

132 1615 206 1646 m'co
229 1615 419 1655 praefectus,
440 1614 472 1645 in
496 1623 604 1654 pugna
626 1612 763 1653 equestri

133 1658 291 1689 occiditur
307 1667 358 1699 29,
376 1667 423 1699 29.
447 1657 487 1688 cf.
503 1661 535 1687 et
551 1664 602 1695 35.

92 1700 227 1738 Hanno,
247 1700 444 1732 Hamilcaris
466 1699 562 1736 filius,
586 1698 711 1738 praefe
699 1702 765 1729 tus

134 1743 260 1774 Ρ1111180
281 1743 438 1783 equitatui
456 1752 506 1784 29,
523 1750 572 1781 34.
603 1741 729 1772 elicitur
745 1751 765 1772 a

135 1786 307 1818 Masinissa
331 1786 373 1817 ad
398 1795 550 1826 pugnam,
573 1783 709 1815 vincitur
732 1787 765 1814 et

134 1828 338 1866 interficitur,
350 1828 426 1860 ibid.

95 1871 229 1910 Hanno,
246 1871 442 1902 Hamilcaris
458 1870 544 1901 filius
559 1878 612 1910 45,
631 1879 675 1908 14.

95 1914 289 1952 Harmonia,
318 1914 454 1946 Gelonis
488 1913 566 1950 filia,
598 1912 765 1944 Themisto

137 1961 242 1997 nupta
259 1966 309 1995 24,
326 1966 376 1995 24.
399 1955 556 1987 occiditur
572 1963 622 1994 25.

96 1999 321 2040 Harpagonea,
332 2009 451 2031 asseres
462 2000 563 2030 ferreo
579 2008 662 2029 unco
678 2008 766 2038 prae-

138 2042 195 2074 fixi
211 2051 264 2081 30,
284 2052 331 2074 ιο.

96 2085 276 2126 Harpalus,
295 2084 442 2125 princeps
464 2083 632 2124 legationis
648 2083 769 2122 Persei,

138 2128 272 2159 offendit
289 2129 454 2159 Romanos
470 2137 524 2166 42,
543 2137 590 2165 14.

97 2170 278 2212 Harpasus,
294 2171 326 2202 fl.
343 2171 395 2210 38,
415 2179 462 2209 13.

98 2213 272 2254 Haruspex
295 2213 461 2250 Etruscus,
479 2213 638 2243 abductus
659 2223 678 2243 a
703 2213 768 2243 Ro-

139 2266 237 2287 mano
265 2255 380 2295 milite,
408 2255 580 2287 adhibetur
608 2255 650 2286 ad
680 2255 770 2286 Deos

140 2298 200 2330 1118
216 2299 389 2339 placandos
405 2307 435 2337 5,
452 2307 500 2338 15,
514 2306 560 2338 17.
584 2298 768 2338 haruspices

140 2351 181 2373 ex
197 2341 327 2372 Etruria
341 2342 434 2372 acciti
449 2350 499 2382 27,
509 2350 559 2381 37.
582 2352 602 2372 8
617 2341 668 2373 Ti.
680 2342 767 2373 Sem-

142 2383 254 2425 pronio
277 2384 413 2420 consulti
439 2393 489 2424 25,
516 2383 561 2416 16.
593 2394 633 2415 ex
658 2394 769 2415 eorum

141 2437 293 2467 responso
315 2426 508 2467 supplicatio
529 2426 651 2458 indicta
672 2435 724 2465 32,
744 2436 769 2458 1.

141 2469 326 2510 haruspices
341 2469 533 2510 respondent
548 2479 614 2500 rem
627 2469 769 2500 divinam

142 2511 203 2544 rite
217 2513 335 2543 factam
352 2514 383 2549 8,
399 2511 496 2551 6,15.
520 2520 572 2551 31,
589 2520 617 2551 5.

101 2554 209 2587 Hasta
224 2555 340 2587 Martis
357 2565 408 2593 24,
428 2564 473 2586 10.
503 2555 562 2585 sub
577 2554 670 2585 basta
688 2555 772 2585 bona

148 2598 278 2630 vendita
294 2608 324 2638 5,
342 2596 387 2630 16.
411 2602 443 2629 et
460 2596 577 2637 captivi
593 2596 624 2634 6,
640 2609 669 2636 4.
686 2598 726 2628 cf.
740 2601 772 2628 et

150 2649 201 2679 24,
215 2641 262 2673 18.
285 2640 396 2672 hastae
410 2639 563 2672 immissio
579 2640 610 2671 in
626 2641 706 2671 fines
721 2650 772 2671 eo-

103 2697 105 2699 ·
149 2693 231 2721 rum,
247 2684 333 2715 unde
354 2694 404 2715 res
418 2683 584 2724 repetitae,
599 2683 677 2714 ritus
693 2683 773 2714 indi-

150 2725 243 2758 cendi
257 2726 334 2758 belli
352 2736 379 2764 1,
389 2736 437 2767 32.
461 2726 623 2758 hastarum
637 2726 773 2757 abiecta-

151 2777 221 2799 1-11111
250 2768 482 2810 impedimenta
507 2777 559 2808 35,
584 2777 635 2808 30.
676 2769 775 2800 hastis

150 2810 251 2842 tribua
277 2811 311 2842 fit
336 2812 444 2852 iugum
469 2821 500 2851 3,
520 2813 568 2843 28.
601 2822 641 2843 ex
665 2811 774 2850 hastis,

150 2862 233 2893 quae
244 2852 276 2884 in
288 2857 403 2885 terram
416 2855 567 2886 cadentes
581 2854 698 2886 infixae
712 2861 773 2886 ste-

151 2898 268 2934 terant,
284 2896 402 2927 vallum
418 2905 471 2936 35,
487 2905 538 2935 3ο.

108 2937 252 2976 Hastati,
281 2937 402 2979 primae
429 2938 508 2971 aciei
541 2939 659 2972 milites
684 2940 715 2979 8,
742 2941 772 2972 8.

839 288 985 321 hastatus
1010 292 1169 323 secundus
1192 290 1244 329 26,
1263 301 1293 330 5.
1327 292 1472 324 decimus

838 341 916 406 4bz,d
917 341 968 372 34.
1005 334 1129 373 primus
1157 333 1272 374 prioris
1297 335 1472 373 centuriae,

839 383 848 404 1
873 384 882 404 1

796 416 939 455 Hebrus,
954 417 987 448 fl.
1005 419 1056 458 38,
1073 428 1127 457 41.

796 459 938 499 Hegeas,
955 461 1136 500 praefectus
1151 460 1297 500 equitum
1315 460 1470 501 Neapoli-

837 506 1057 543 181101111112,3
1076 513 1101 535 1.

798 544 1016 593 Hegesianax,
1038 546 1162 586 legatus
1183 546 1336 577 Antiochi
1353 555 1406 586 34,
1422 555 1472 587 57.

839 587 908 619 81118
932 598 1006 620 811111
1030 588 1190 620 Romanis
1214 589 1407 630 disceptatio
1432 591 1473 630 58

839 635 873 662 et
889 639 938 672 59.

799 673 1047 714 Hegesilochus,
1061 684 1207 706 summus
1221 675 1311 715 apud
1327 675 1475 706 Rhodios

841 717 1045 757 magistratus
1070 727 1123 755 42,
1148 726 1198 756 45.
1240 717 1309 749 81118
1334 719 1476 758 prudens

841 759 1023 797 consilium,
1037 759 1116 792 ibid.

800 801 950 834 Helenae
974 803 1157 834 reddendae
1178 807 1326 835 auctores
1347 804 1476 836 Aeneas

842 849 874 876 et
891 846 1037 876 Antenor
1055 855 1083 883 1,
1103 855 1128 878 1.

803 887 1000 919 Heliodorus
1019 892 1214 929 purpuratus
1231 888 1354 920 insidiis
1369 889 1474 930 oppri-

844 931 904 961 mit
920 931 1093 962 Seleucum
1110 941 1162 970 41,
1177 942 1227 970 24.

803 973 1040 1010 Hellespontus
1063 982 1180 1013 31,15.
1208 983 1261 1014 32,
1281 983 1332 1014 33.
1356 984 1408 1014 33,
1424 975 1474 1015 38.

846 1017 898 1055 38,
917 1017 963 1047 18.
989 1017 1197 1057 Hellesponti
1213 1018 1323 1048 fauces
1337 1027 1389 1058 31
1404 1027 1434 1060 9.

805 1058 958 1096 Helorus,
972 1060 1046 1090 urbs
1061 1059 1258 1098 8181118824,
1275 1069 1325 1099 35.

804 1102 842 1133 C.
856 1083 996 1132 Heluius
1018 1112 1058 1133 ex
1081 1102 1247 1133 aedilitate
1269 1103 1395 1143 plebeia
1411 1113 1476 1134 cre-

845 1148 918 1217 18111ιέ
934 1149 1061 1218 Ρέ88101·
1077 1154 1129 1184 32,
1145 1154 1171 1184 7.
1193 1145 1323 1176 sortitur
1332 1146 1477 1177 Galliam

881 1197 898 1218 e
932 1197 947 1217 2
972 1211 979 1218 .

804 1229 842 1260 C.
859 1229 1012 1267 Helvius,
1036 1230 1160 1270 legatus
1181 1230 1242 1262 Cn.
1259 1231 1377 1262 Manlii
1403 1241 1477 1263 con·

847 1271 925 1302 811118
942 1272 993 1311 38,
1011 1281 1062 1309 2ο,
1079 1281 1116 1302 22
1134 1277 1166 1303 et
1183 1282 1232 1312 23.

805 1315 865 1346 Cn.
881 1314 1030 1353 Helvius,
1043 1314 1115 1345 trib.
1128 1315 1222 1346 milit.
1236 1315 1269 1346 in
1281 1315 1478 1348 restituenda

847 1367 958 1398 pugna
986 1368 1060 1388 cum
1087 1358 1228 1398 Magone
1253 1357 1365 1390 Poeno
1391 1359 1479 1391 cadit

849 1409 901 1439 30,
921 1401 968 1432 18.

807 1443 855 1474 M.
870 1443 1019 1481 Helvius,
1033 1443 1106 1475 trib.
1122 1443 1216 1476 milit.
1233 1444 1319 1476 cadit
1339 1443 1372 1475 in
1388 1454 1478 1485 proe-

850 1485 893 1516 lio
911 1494 961 1525 27,
979 1495 1027 1518 12.

807 1528 855 1560 Μ.
870 1529 1009 1559 Helvius
1021 1539 1060 1560 ex
1071 1528 1238 1561 aedilitate
1250 1530 1377 1570 plebeia
1389 1540 1479 1570 prae-

847 1575 898 1602 tor
919 1575 1044 1602 creatur
1059 1581 1110 1611 32,
1128 1581 1176 1611 27.
1207 1572 1337 1603 sortitur
1359 1573 1479 1613 Hispa-

849 1614 936 1645 niam
958 1614 1142 1645 ulteriorem
1160 1615 1210 1646 28.
1237 1615 1306 1646 eius
1325 1616 1366 1646 de
1387 1619 1480 1647 motu

851 1657 1072 1697 Hispanorum
1085 1657 1125 1688 ad
1138 1662 1284 1688 senatum
1299 1658 1411 1689 literae
1427 1667 1480 1698 33,

852 1709 901 1731 21.
925 1699 1030 1730 caedit
1046 1699 1226 1731 Celtiberos
1241 1709 1293 1740 34,
1310 1711 1356 1733 10.
1381 1711 1480 1733 ovans

850 1742 1026 1782 ingreditur
1037 1743 1160 1779 urbem,
1171 1743 1248 1775 ibid.
1270 1743 1417 1775 triumvir
1428 1754 1479 1776 co-

851 1785 956 1816 loniae
971 1785 1179 1816 deducendae
1194 1790 1320 1817 creatur
1334 1795 1385 1826 45.

810 1827 1056 1859 Hemerodromi
1069 1828 1213 1866 Graecis,
1223 1828 1334 1869 ingens
1348 1839 1413 1860 uno
1427 1829 1479 1861 die

852 1881 944 1902 cursu
961 1871 1168 1903 conficientes
1182 1871 1321 1912 spatium
1338 1881 1391 1913 31,
1407 1882 1458 1912 24.

810 1913 944 1952 Heneti,
961 1914 1073 1954 populi
1094 1924 1120 1952 1,
1141 1923 1165 1945 1.

811 1956 1024 1997 Hephaestia,
1040 1958 1114 1987 urbs
1129 1956 1287 1988 Thraciae
1300 1966 1352 1996 33,
1368 1965 1419 1997 35.

811 1999 1050 2041 Heptagoniae,
1060 2000 1149 2031 locus
1157 2010 1257 2040 prope
1270 2000 1418 2041 Spartam
1428 2009 1481 2041 34,

815 2084 968 2125 Hepteris
982 2085 1072 2116 navis
1087 2095 1139 2126 37,
1156 2095 1205 2125 23.

815 2128 987 2166 Heraclea,
1010 2129 1084 2160 urbs
1109 2139 1244 2170 magnae
1268 2128 1426 2161 Graeciae
1454 2139 1482 2168 1,

855 2171 905 2244 ἑ8.
929 2181 981 2210 4ο,
1007 2180 1054 2210 24.
1083 2172 1210 2203 colonia
1233 2172 1481 2204 Tarentinorum

814 2256 977 2288 Heraclea
993 2257 1107 2289 Minoa
1124 2267 1174 2296 24,
1190 2267 1240 2297 35.
1266 2267 1316 2297 25,
1331 2268 1382 2296 4ο.

813 2299 975 2330 Heraclea
999 2310 1100 2340 prope
1125 2301 1362 2341 Thermopylas
1389 2301 1440 2339 28,
1463 2310 1481 2342 5

854 2345 886 2373 et
905 2351 932 2382 7.
948 2351 1000 2382 33,
1013 2353 1042 2383 3.
1065 2343 1134 2374 81118
1148 2344 1227 2375 situs
1244 2343 1294 2383 36,
1307 2353 1356 2375 22.
1379 2354 1481 2384 oppu-

853 2390 969 2425 gnatur
983 2390 1015 2417 et
1031 2387 1157 2427 capitur
1170 2398 1190 2418 a
1211 2386 1368 2418 Romanis
1384 2395 1435 2426 23,
1450 2391 1482 2418 et

857 2437 905 2466 ²4-

815 2471 977 2502 Heraclea
993 2471 1206 2503 Macedoniae
1223 2483 1276 2511 40,
1293 2482 1343 2512 24.

815 2513 977 2545 Heraclea
993 2514 1193 2546 Acarnaniae
1209 2516 1260 2555 38,
1281 2526 1306 2548 1.

817 2556 978 2588 Heraclea
995 2557 1130 2588 Pontica
1146 2567 1197 2596 42,
1213 2557 1264 2598 56.

816 2599 978 2630 Heraclea
993 2600 1115 2631 Sintice
1131 2610 1182 2639 42,
1199 2610 1248 2641 51.
1272 2609 1324 2640 45,
1341 2611 1357 2632 2
1382 2625 1390 2632 .

817 2642 989 2679 Η8188188,
1002 2643 1069 2675 filia
1086 2643 1248 2681 Hieronis,
1260 2654 1340 2675 uxor
1355 2644 1484 2684 Loippi,

861 2685 1033 2717 crudeliter
1067 2696 1141 2717 cum
1171 2687 1299 2718 filiabus
1327 2687 1484 2719 occiditur

861 2737 912 2766 24,
929 2727 978 2759 26.

820 2770 1044 2802 Heracleensis
1057 2782 1132 2812 ager
1147 2771 1198 2811 36,
1219 2772 1264 2804 16.

819 2813 1029 2852 Heracleum,
1044 2815 1199 2855 oppidum
1217 2827 1269 2853 44,
1287 2824 1302 2845 2
1315 2819 1346 2845 et
1364 2823 1393 2853 5.
1416 2814 1484 2844 eius

858 2855 938 2887 situs
952 2858 982 2888 8.
1005 2857 1131 2897 capitur
1143 2868 1163 2887 8
1181 2857 1336 2889 Romanis
1349 2868 1379 2898 9.

820 2899 1021 2938 Heraclides,
1034 2900 1213 2940 praefectus
1225 2900 1327 2939 regius
1338 2897 1483 2939 Philippi

860 2950 913 2981 31,
928 2941 977 2979 46-
