1888 3194
325 146 407 184 264
836 140 1206 182 EPITOMAE

915 395 1127 437 CXVIII.

331 516 393 558 M.
417 513 669 556 BRUTUS
689 513 733 553 in
758 512 937 553 Graecia
957 512 1033 552 sub
1054 519 1275 566 praetextu
1296 511 1550 567 reipublicae
1569 519 1611 552 et
1631 525 1720 552 sus-

330 574 442 630 cepti
477 581 623 613 contra
657 571 719 611 M.
738 568 976 610 Antonium
1011 567 1111 608 belli
1144 568 1389 616 exercitum,
1422 568 1491 608 cui
1523 566 1720 608 Vatinius

329 638 531 687 praeerat,
554 642 651 669 cum
680 625 894 682 provincia
926 625 970 664 in
1000 632 1250 679 potestatem
1282 638 1399 664 suam
1431 623 1607 679 redegit.
1670 625 1719 664 C.

331 687 513 735 Caesari,
548 684 621 740 qui
653 698 729 739 pro
764 681 978 737 republica
1015 695 1130 720 arma
1165 689 1408 736 sumpserat,
1442 680 1722 736 propraetoris

331 743 554 799 imperium
576 755 601 781 a
621 748 769 780 senatu
785 738 930 778 datum
947 747 1009 778 est
1024 751 1120 777 cum
1137 737 1423 778 consularibus
1439 737 1718 786 ornamentis3

331 801 641 852 adiectumque,
676 804 722 836 ut
755 804 922 835 senator
954 803 1072 834 esset.
1136 795 1199 835 M.
1219 794 1433 835 Antonius
1464 793 1520 835 D.
1540 793 1722 835 Brutum

333 856 529 899 Mutinae
551 852 740 895 obsedit:
774 851 972 906 missique
995 851 1048 891 ad
1069 866 1166 891 eum
1188 866 1211 891 a
1231 859 1378 891 senatu
1398 850 1525 906 legati
1545 850 1598 891 de
1618 865 1721 907 pace

330 928 477 970 parum
514 911 565 952 ad
602 925 694 951 eam
730 908 1064 964 componendam
1100 907 1331 948 valuerunt.
1408 907 1597 963 Populus
1634 907 1723 949 Ro-

332 984 480 1011 manus
512 983 609 1024 saga
641 967 828 1022 sumpsit.
892 966 954 1006 M.
981 965 1136 1005 Brutus
1168 965 1212 1005 in
1248 964 1378 1020 Epiro
1414 964 1464 1006 C.
1485 964 1722 1006 Antonium

331 1035 565 1083 praetorem
588 1039 684 1065 cum
706 1023 893 1064 exercitu
915 1021 1110 1076 potestati
1132 1036 1229 1062 suae
1253 1021 1440 1063 subiecit.

941 1261 1107 1302 CXIX.

337 1374 386 1414 C.
404 1370 766 1414 TREBONIUS
788 1371 830 1410 in
850 1370 953 1410 Asia
972 1370 1116 1411 fraude
1138 1370 1186 1410 P.
1204 1370 1447 1411 Dolabellae
1470 1371 1629 1411 occisus
1649 1379 1723 1411 est.

339 1431 407 1471 Ob
425 1430 468 1471 id
484 1429 643 1470 facinus
658 1426 880 1468 Dolabella
895 1427 1025 1467 hostis
1041 1442 1065 1467 a
1081 1436 1228 1467 senatu
1244 1427 1451 1467 iudicatus
1464 1436 1538 1468 est.
1579 1427 1727 1475 Quum

336 1487 474 1528 Pansa
500 1485 645 1527 consul
670 1484 777 1525 male
804 1483 998 1524 adversus
1021 1483 1258 1524 Antonium
1289 1492 1528 1539 pugnasset,
1552 1485 1605 1524 A.
1626 1483 1728 1524 Hir-

337 1544 418 1584 tius
454 1542 599 1584 consul
632 1556 727 1582 cum
762 1541 951 1581 exercitu
984 1540 1294 1596 superveniens,
1328 1541 1429 1581 fusis
1462 1541 1525 1582 M.
1546 1540 1728 1583 Antonii

336 1601 479 1657 copiiS,
501 1600 711 1640 fortunam
737 1598 956 1652 utriusque
981 1597 1109 1653 partis
1133 1597 1339 1653 aequavit.
1402 1597 1552 1639 Victus
1572 1597 1727 1639 deinde

337 1659 388 1698 ab
411 1657 553 1698 Hirtio
582 1665 624 1696 et
646 1656 822 1697 Caesare
846 1654 1060 1695 Antonius
1087 1654 1132 1694 in
1157 1654 1340 1696 Galliam
1368 1655 1569 1710 confugit,
1592 1662 1634 1696 et
1662 1655 1726 1696 M.

338 1714 549 1770 Lepidum
572 1727 668 1753 cum
690 1711 938 1768 legionibus,
963 1726 1069 1767 quae
1096 1712 1173 1752 sub
1194 1711 1284 1767 ipso
1308 1720 1439 1761 erant,
1462 1712 1540 1753 sibi
1561 1711 1725 1753 iunxit:

338 1772 551 1826 hostisque
581 1785 605 1811 a
629 1778 777 1810 senatu
806 1783 900 1809 cum
931 1768 1138 1818 omnibus,
1161 1769 1234 1824 qui
1264 1769 1375 1810 intra
1404 1768 1611 1825 praesidia
1639 1768 1728 1810 eius

338 1837 489 1878 essent,
526 1827 733 1868 iudicatus
769 1834 842 1866 est.
908 1825 961 1866 A.
993 1824 1171 1874 Hirtius,
1207 1826 1279 1881 qui
1312 1834 1406 1882 post
1437 1826 1653 1867 victoriam
1684 1825 1729 1866 in

338 1886 440 1941 ipsis
475 1884 656 1926 hostium
694 1883 835 1924 castris
876 1882 1096 1931 ceciderat,
1134 1891 1176 1923 et
1219 1882 1268 1923 C.
1294 1882 1442 1932 Pansa,
1480 1898 1502 1923 e
1542 1882 1727 1932 vulnere,

340 1942 455 1998 quod
490 1942 534 1982 in
570 1940 743 1981 adverso
779 1938 938 1994 proelio
974 1947 1208 1993 exceperat,
1239 1939 1473 1988 defunctus,
1505 1940 1550 1980 in
1582 1953 1730 1995 campo

342 1998 500 2039 Martio
533 1996 686 2052 sepulti
719 2004 826 2035 sunt.
889 1995 1105 2035 Adversus
1136 1996 1183 2035 C.
1205 1996 1439 2044 Caesarem,
1462 1996 1535 2051 qui
1566 1995 1676 2037 solus
1706 2009 1729 2036 e

342 2055 472 2095 tribus
503 2053 681 2094 ducibus
712 2059 938 2107 supererat,
961 2066 1109 2106 parum
1139 2061 1279 2107 gratus
1310 2061 1477 2093 senatus
1503 2052 1608 2093 suit:
1642 2053 1729 2108 qui,

342 2111 398 2152 D.
419 2110 566 2159 Bruto,
590 2109 805 2150 obsidione
837 2108 1073 2149 Mutinensi
1103 2124 1127 2149 a
1155 2110 1330 2150 Caesare
1361 2109 1549 2159 liberato,
1570 2109 1730 2151 honore

341 2167 543 2223 triumphi
560 2166 742 2214 decreto,
762 2165 949 2207 Caesaris
971 2165 1235 2221 militumque
1253 2166 1343 2207 eius
1364 2167 1623 2207 mentionem
1644 2181 1732 2208 non

341 2225 438 2266 satis
469 2232 629 2280 gratam
662 2222 818 2263 habuit.
885 2222 953 2263 Ob
975 2237 1081 2277 quae
1106 2224 1153 2264 C.
1174 2223 1339 2272 Caesar,
1361 2223 1630 2265 reconciliata
1655 2238 1732 2280 per

342 2281 403 2322 M.
420 2281 632 2336 Lepidum
655 2294 750 2320 cum
769 2279 829 2320 M.
848 2279 1038 2320 Antonio
1059 2279 1203 2334 gratia,
1223 2280 1402 2321 Romam
1425 2296 1521 2322 cum
1542 2280 1731 2322 exercitu

340 2338 469 2387 venit,
505 2346 558 2386 et,
595 2336 795 2393 perculsis
831 2336 1017 2377 adventu
1053 2336 1142 2377 eius
1178 2337 1240 2387 iis,
1275 2338 1347 2392 qui
1383 2338 1427 2378 in
1463 2353 1560 2378 eum
1595 2337 1731 2392 iniqui

340 2404 474 2445 erant,
497 2410 627 2450 quum
650 2409 781 2435 annos
803 2393 1078 2435 novendecim
1102 2393 1288 2444 haberet,
1305 2394 1450 2436 consul
1471 2402 1634 2436 creatus
1655 2402 1728 2435 cst.

967 2616 1110 2657 CXX.

345 2734 592 2777 CAESAR
626 2732 770 2774 consul
806 2732 941 2788 legem
976 2732 1072 2772 tulit
1101 2732 1153 2772 de
1188 2731 1431 2787 quaestione
1465 2731 1658 2772 habenda
1687 2730 1732 2772 in

342 2807 425 2841 eos,
448 2806 625 2847 quorum
649 2804 774 2845 opera
795 2798 912 2844 pater
934 2788 1092 2829 occisus
1114 2798 1243 2829 esset:
1267 2788 1548 2843 postulatique
1570 2803 1619 2829 ea
1639 2788 1730 2844 lege

342 2850 404 2891 Μ.
426 2848 593 2898 Brutus,
627 2849 674 2888 C.
696 2847 875 2896 Cassius,
910 2845 963 2886 D.
985 2845 1154 2894 Brutus,
1183 2846 1373 2886 absentes
1403 2845 1588 2886 damnati
1620 2848 1729 2886 sunt.
