1888 3194
662 186 955 224 INDEX.

157 267 288 295 neratur
308 263 342 294 in
364 272 472 304 pugna
488 261 626 302 equestri
641 262 684 293 ad
698 261 784 293 Tici-

157 317 237 338 num
251 305 302 345 46.
330 305 452 336 recedit
473 305 558 335 ultra
582 304 709 335 Padum
732 311 783 344 47.

156 359 232 381 eum
246 348 389 388 sequitur
404 347 584 383 Hannibal,
598 346 676 378 ibid.
698 356 784 378 rece-

156 391 204 423 dit
218 392 259 423 ad
275 390 426 422 Trebiam
441 389 491 429 48.
515 389 662 420 dissentit
681 400 701 420 a
719 390 782 421 col-

155 434 240 475 lega,
267 443 410 474 pugnare
435 432 586 472 cupiente
613 440 652 472 52
676 436 709 464 et
732 441 783 472 53.

155 477 256 508 classe
274 475 446 506 advehitur
466 475 500 505 in
518 474 714 515 Hispaniam
732 485 783 513 22,

126 539 130 543 ι
155 527 206 550 22.
242 518 331 549 fratri
356 517 570 567 coniungitur,
590 518 668 549 ibid.
704 518 785 549 duas

154 564 261 602 partes
276 561 434 592 exercitus
445 561 596 591 adversus
609 561 782 601 Magonem

153 603 243 635 ducit
263 611 314 644 25,
330 612 380 643 32.
414 604 527 634 lancea
548 602 705 634 traiicitur
727 614 784 643 pu-

151 656 254 687 gnans
268 655 318 686 34.
342 646 410 677 eius
425 656 510 677 mors
523 656 589 677 non
605 646 705 686 magis
718 646 783 677 Ro-

152 699 237 727 mae,
251 699 348 729 quam
364 689 396 719 in
414 689 574 729 Hispania
590 689 708 720 defleta
724 687 774 728 36.

111 732 150 764 P.
167 731 337 764 Cornelius
361 732 398 763 P.
415 732 451 763 F.
469 731 578 772 Scipio
603 737 727 772 patrem
750 732 783 762 in

153 785 262 816 pugna
282 775 324 806 ad
345 775 497 806 Ticinum
521 775 680 814 praesenti
704 775 783 814 peri-

154 817 228 849 culo
240 817 335 858 eripit
347 827 397 855 21,
407 816 456 856 46.
480 817 513 848 in
529 827 636 857 pugna
647 818 688 848 ad
700 818 783 848 Can-

153 870 212 892 nas
229 861 301 892 trib.
322 860 416 891 milit.
433 861 473 891 de
496 861 622 900 legione
643 861 784 891 secunda

155 912 207 941 22,
226 912 275 943 53.
305 903 559 934 coniurationem
582 903 706 942 aliquot
729 913 783 934 no-

153 946 267 977 bilium
285 946 538 977 adolescentium
555 946 596 976 de
611 946 785 976 deserenda

154 989 253 1020 Italia
268 989 438 1026 disturbat,
450 989 526 1019 ibid.
549 992 624 1019 ante
637 999 737 1019 annos
749 989 784 1019 fit

151 1031 266 1062 aedilis
292 1031 410 1062 curulis
436 1039 485 1070 25,
510 1041 537 1063 2.
573 1036 724 1070 quattuor
752 1035 784 1062 et

152 1073 263 1115 viginti
289 1083 391 1105 annos
416 1079 511 1104 natus
537 1078 663 1104 creatur
687 1084 706 1104 a
728 1084 783 1114 po-

151 1117 230 1157 pulo
254 1117 424 1156 proconsul
449 1116 482 1146 in
510 1116 705 1155 Hispaniam
734 1115 784 1154 26,

155 1159 203 1190 18.
228 1159 297 1190 eius
311 1163 396 1190 artes
410 1159 452 1189 ad
469 1159 613 1198 paranda
627 1158 686 1189 sibi
701 1159 784 1189 mul-

150 1201 298 1232 titudinis
322 1201 475 1241 obsequia
502 1210 548 1242 19.
584 1201 704 1232 milites
729 1202 783 1231 ad*

150 1244 298 1275 hortatur
312 1253 363 1284 41.
389 1253 455 1275 uno
477 1243 530 1274 die
554 1243 784 1284 Carthaginem

152 1287 283 1318 Novam
307 1287 396 1327 capit
416 1285 552 1325 42—46.
582 1287 664 1317 bene
686 1286 784 1317 habet

151 1329 279 1361 obsides
295 1329 462 1370 Hispanos
477 1339 527 1371 49.
559 1339 709 1370 sponsam
726 1329 782 1360 Al-

150 1372 229 1404 lucii
247 1377 351 1404 servat
367 1372 496 1412 pudice,
511 1382 694 1412 sponsoque
714 1372 782 1403 red-

151 1416 200 1446 dit
213 1423 262 1455 50.
285 1425 335 1446 res
349 1415 471 1456 egregie
485 1415 566 1455 gerit
578 1415 610 1446 in
623 1414 785 1455 Hispania

153 1466 206 1497 27,
230 1466 265 1497 17
287 1462 320 1489 et
343 1460 389 1490 18.
421 1457 542 1497 regium
568 1468 698 1494 nomen,
723 1457 782 1488 sibi

151 1501 193 1532 ab
225 1500 381 1541 Hispanis
410 1501 566 1538 delatum,
596 1500 709 1531 abnuit
736 1510 782 1541 ¹9·

152 1553 254 1574 novae
283 1543 352 1575 eius
381 1543 414 1574 in
445 1543 606 1583 Hispania
633 1543 783 1574 victoriae

154 1587 205 1625 28,
226 1596 316 1625 1—4,
333 1590 364 1617 et
385 1585 516 1617 12—16.
547 1585 639 1626 pellit
663 1586 783 1625 Hispa-

152 1629 207 1660 nia
233 1628 522 1668 Carthaginienses,
550 1629 626 1660 ibid.
660 1629 701 1659 ad
726 1629 783 1669 Sy-

153 1672 289 1712 phacem
314 1682 388 1702 cum
404 1671 688 1712 quinqueremibus
707 1672 783 1702 dua»

152 1715 212 1746 bus
235 1715 352 1745 traiicit
378 1723 425 1754 17.
450 1715 563 1745 eodem
590 1714 674 1745 lecto
698 1714 786 1754 apud

152 1757 336 1798 Syphacem
350 1768 422 1788 cum
439 1757 643 1788 Hasdrubale
658 1767 785 1788 accum-

152 1800 232 1831 bens
247 1805 360 1831 coenat
381 1801 427 1831 18.
454 1800 668 1831 Hasdrubalis
688 1800 728 1830 de
747 1810 786 1830 eo

152 1842 321 1881 iudicium,
347 1843 422 1874 ibid.
461 1844 588 1873 foedere
624 1853 697 1874 cum
729 1843 786 1882 Sy-

153 1885 257 1925 phace
290 1886 365 1923 icto,
396 1885 477 1916 redit
516 1885 547 1916 in
581 1885 786 1925 Hispaniam,

153 1928 229 1960 ibid.
253 1929 351 1959 sumit
369 1939 487 1969 poenas
497 1929 537 1959 de
550 1928 786 1968 Illiturgitanis,

152 1971 453 2008 Castulonensibus,
462 1971 694 2011 Astapensibus
707 1981 787 2012 19—

154 2023 204 2053 23.
229 2014 306 2045 dum
322 2014 407 2054 gravi
421 2015 531 2045 morbo
543 2014 721 2054 implicitus
733 2014 785 2044 de-

153 2057 287 2095 cumbit,
302 2057 415 2088 seditio
437 2057 469 2088 in
489 2057 598 2087 castris
613 2057 653 2087 ad
672 2058 784 2088 Sucro-

151 2110 227 2131 nem
243 2100 354 2137 oritur,
369 2110 466 2139 quam
482 2099 637 2139 sanguine
656 2100 786 2139 triginta

152 2143 295 2183 quinque
318 2142 459 2174 maxime
483 2143 651 2173 noxiorum
675 2142 786 2182 expiat

153 2190 186 2217 et
211 2186 319 2226 placat
345 2195 445 2225 24—2
471 2209 478 2216 .
513 2185 728 2216 Mandonium
753 2189 785 2215 et

155 2228 328 2260 Indibilem
359 2229 445 2259 rebel
462 2232 553 2259 antes
581 2228 678 2259 vincit
702 2237 786 2267 32—

154 2279 205 2310 34.
226 2270 442 2309 Masinissam,
452 2281 560 2302 secum
571 2281 785 2310 congressum,

154 2313 213 2344 sibi
238 2317 270 2344 et
296 2314 418 2354 populo
443 2314 540 2345 Rom.
563 2314 713 2345 conciliat
734 2322 784 2352 35.

154 2356 297 2387 Romam
312 2356 406 2394 redit,
418 2361 461 2395 et,
473 2361 597 2388 tentata
613 2357 714 2396 magis
728 2367 785 2396 spe

154 2399 323 2439 triumphi,
338 2409 434 2439 quam
453 2399 554 2439 petita
571 2399 786 2439 pertinaciter,

154 2452 216 2473 cos.
233 2447 359 2473 creatur
375 2443 424 2480 38.
452 2442 561 2473 Africa
576 2442 604 2472 ei
622 2442 786 2481 provincia

153 2485 344 2522 destinatur,
360 2484 435 2516 ibid.
459 2495 555 2524 super
570 2495 608 2515 ea
623 2495 656 2516 re
671 2484 739 2515 eius
753 2488 786 2515 et

154 2527 247 2560 Fabii
273 2527 451 2559 contrariae
474 2528 632 2558 orationes
651 2537 786 2565 40-44.

154 2569 187 2602 in
201 2570 344 2602 Siciliam
363 2570 574 2611 proficiscitur
590 2569 638 2608 46.
664 2575 786 2601 trecen-

154 2617 204 2645 tos
226 2613 356 2645 iuvenes
381 2614 476 2645 Rom.
498 2613 622 2653 deligit,
637 2623 717 2653 quos
739 2614 785 2644 Si-

154 2657 300 2688 culorum
337 2657 474 2688 totidem
505 2656 603 2687 armis
630 2662 663 2686 ct
697 2655 787 2696 equis

155 2703 247 2730 ornat
264 2709 314 2741 29,
334 2709 359 2731 1.
386 2710 436 2730 res
459 2699 587 2731 Siclliae
610 2699 787 2739 componit,

155 2740 232 2773 ibid.
265 2742 383 2774 Locros
411 2742 592 2779 advehitur,
615 2747 712 2782 atque
743 2741 785 2772 ibi

156 2782 200 2820 Q..
215 2784 411 2816 Pleminium
430 2786 574 2834 'legatum
600 2785 750 2824 relinquit
769 2793 785 2824 7

870 262 939 293 eius
961 273 1011 294 res
1035 267 1144 304 gestae
1166 262 1218 301 28,
1241 272 1291 305 29,
1312 268 1344 295 et
1363 272 1498 305 33—35.

870 305 1022 336 victoriae
1051 307 1093 338 de
1118 305 1268 346 Syphace
1295 310 1327 337 et
1353 307 1500 339 Hasdru-

869 347 943 378 bale
958 356 1011 387 30,
1027 356 1119 390 3—9.
1150 347 1252 379 oratio
1274 348 1342 379 eius
1363 350 1406 380 ad
1427 350 1499 381 Ma-

868 389 1014 421 sinissam
1043 391 1084 422 de
1114 390 1316 430 Sophonisba
1342 400 1388 429 14.
1424 402 1499 423 cum

870 432 1059 463 Hannibale
1087 432 1120 463 in
1147 433 1345 472 colloquium
1372 444 1500 474 congre

868 475 954 506 ditur
977 485 1111 517 29—31.
1150 475 1249 506 vincit
1279 475 1500 507 Hannibalem

869 526 1004 557 32—35.
1035 517 1263 557 Carthaginem
1282 518 1364 558 petit
1381 517 1430 557 36.
1459 519 1501 549 ad

869 571 943 592 eum
979 560 1075 601 legati
1104 560 1395 601 Carthaginienses,
1424 561 1500 592 ibid.

869 603 1068 635 conditiones
1090 603 1180 644 pacis
1195 613 1215 634 a
1231 603 1381 643 Scipione
1397 603 1502 635 dictae

870 654 920 686 37.
950 646 1079 677 iubetur
1100 656 1119 677 a
1143 646 1265 686 populo
1288 656 1402 686 pacem
1426 647 1502 677 dare

869 689 1186 729 Carthaginiensibus
1201 698 1252 728 43.
1283 699 1339 720 cur
1361 699 1426 720 non
1449 699 1503 720 ex-

869 732 926 763 itio
947 732 1152 772 Carthaginis
1174 732 1297 763 bellum
1319 731 1436 763 finierit
1451 742 1502 770 44.

870 775 1011 806 Romam
1034 775 1127 812 redit,
1150 774 1340 814 triumphat,
1363 777 1396 806 et
1419 774 1502 806 Afri-

870 818 940 848 cani
957 828 1133 858 cognomen
1154 817 1279 848 asciscit
1296 825 1346 857 45.
1377 821 1504 848 creatur

871 871 982 891 censor
1007 869 1058 899 32,
1083 869 1109 900 7.
1141 870 1256 900 parum
1282 871 1322 890 ex
1347 860 1502 901 dignitate

871 903 983 943 populi
1003 904 1099 934 Rom.
1119 913 1188 934 esse
1210 903 1310 941 ducit,
1334 903 1502 934 Hanniba-

870 946 935 976 lem
955 945 1113 986 pervicaci
1130 946 1203 977 odio
1220 946 1366 986 persequi
1384 954 1436 985 33,
1452 953 1503 984 47.

871 999 932 1019 cos.
953 989 1068 1022 iterum
1091 998 1143 1028 34,
1158 998 1208 1028 42.
1241 988 1393 1028 princeps
1412 998 1502 1019 sena-

870 1035 922 1062 tus
946 1032 1049 1062 lectus
1072 1043 1124 1071 44.
1159 1032 1284 1072 legatus
1307 1031 1446 1062 mittitur
1469 1031 1502 1061 in

871 1074 1013 1105 Africam
1035 1073 1085 1105 62.
1121 1074 1188 1105 eius
1215 1084 1289 1104 curn
1315 1074 1503 1105 Hannibale

871 1117 1068 1156 colloquium
1085 1125 1137 1156 35,
1154 1126 1200 1155 14.
1224 1127 1257 1147 se
1273 1117 1414 1157 legatum
1427 1126 1502 1148 eum

869 1159 966 1190 fratre
982 1159 1015 1190 in
1032 1159 1203 1190 Graeciam
1226 1159 1346 1190 iturum
1370 1159 1502 1199 pollice-

869 1205 922 1232 tur
945 1210 997 1241 37,
1024 1211 1049 1233 1.
1088 1202 1243 1232 fornicem
1276 1202 1308 1232 in
1339 1201 1504 1242 Capitolio

870 1255 944 1275 cum
969 1244 1065 1284 signis
1086 1248 1212 1284 septem
1232 1244 1363 1282 auratis,
1379 1245 1504 1275 duobus

870 1287 971 1326 equis,
988 1291 1020 1317 et
1035 1297 1215 1318 marmorea
1230 1287 1294 1318 duo
1316 1287 1405 1317 labra
1428 1291 1504 1318 ante

868 1329 1022 1360 fornicem
1041 1329 1132 1369 ponit
1149 1338 1177 1369 3.
1203 1329 1271 1360 eius
1286 1330 1327 1360 ad
1344 1329 1504 1367 Prusiam,

871 1372 1047 1413 Bithyniae
1083 1382 1203 1412 regem,
1234 1372 1358 1410 literae,
1388 1372 1504 1412 quibus

869 1425 944 1446 eum
967 1415 1008 1446 ad
1032 1414 1166 1446 consilia
1187 1415 1276 1455 pacis
1299 1418 1427 1446 revocat
1451 1423 1503 1454 ²5-

870 1458 907 1489 P.
930 1457 1102 1490 Cornelius
1136 1457 1257 1498 Scipio,
1287 1457 1362 1497 quia
1397 1457 1504 1489 Salius

868 1504 948 1538 erat,
960 1500 1138 1532 disiunctus
1151 1501 1192 1531 ab
1205 1500 1349 1531 exercitu
1362 1509 1412 1540 33.
1436 1501 1505 1531 eius

870 1543 954 1574 filius
968 1544 1057 1584 apud
1073 1543 1271 1574 Antiochum
1289 1543 1436 1583 captivus
1452 1552 1502 1583 34.

870 1586 1014 1617 Africani
1026 1586 1170 1616 animum
1183 1590 1288 1617 tentat
1300 1586 1424 1626 legatus
1436 1586 1504 1617 An-

870 1629 969 1659 tiochi
986 1628 1036 1668 36.
1065 1639 1251 1669 responsum
1275 1629 1436 1669 egregium
1461 1630 1504 1660 A·

870 1671 996 1708 fricani,
1021 1671 1098 1702 ibid.
1143 1671 1211 1702 eius
1237 1671 1341 1702 filium
1368 1671 1505 1702 remittit

871 1714 1054 1745 Antiochus
1074 1723 1133 1762 37.
1178 1714 1350 1754 respondet
1390 1714 1504 1755 legatis

872 1757 1037 1795 Antiochi,
1060 1757 1162 1797 iisque
1186 1757 1373 1797 praescribit
1396 1757 1504 1788 condi-

872 1800 976 1831 tiones
991 1800 1079 1840 pacis
1094 1807 1145 1839 45.
1177 1799 1326 1839 princeps
1341 1799 1373 1830 in
1390 1804 1505 1830 senatu

872 1843 1002 1873 tertium
1027 1843 1142 1882 legitur
1158 1844 1208 1881 38,
1227 1843 1275 1873 28.
1302 1846 1505 1873 accusatura

872 1886 1008 1916 tribunis
1035 1886 1078 1925 pl.
1107 1894 1156 1924 50.
1203 1896 1236 1916 se
1263 1885 1406 1916 defendit
1436 1885 1505 1916 sola

873 1929 1176 1959 commemoratione
1203 1938 1307 1959 rerum
1331 1932 1505 1968 gestarum,

872 1971 948 2003 ibid.
975 1971 1131 2019 populum
1156 1972 1196 2002 ab
1214 1971 1350 2002 tribunis
1372 1971 1505 2002 abducit

872 2024 980 2045 secum
1011 2014 1044 2044 in
1075 2013 1273 2054 Capitolium
1311 2014 1351 2044 ad
1389 2013 1506 2053 gratias

873 2056 946 2087 Diis
960 2057 1101 2097 agendas
1121 2067 1179 2105 pro
1195 2056 1342 2096 egregie
1333 2067 1353 2087 a
1368 2067 1401 2087 se
1416 2061 1506 2096 gesta

872 2100 1037 2139 republica
1053 2108 1103 2138 51.
1127 2100 1158 2130 in
1174 2099 1374 2130 Literninum
1391 2110 1504 2130 conce-

872 2142 919 2173 dit
940 2151 988 2181 52.
1020 2142 1137 2173 citatus
1163 2143 1287 2179 absens,
1314 2153 1377 2173 non
1402 2142 1505 2180 adest,

872 2185 948 2216 ibid.
976 2185 1127 2223 Gracchi,
1143 2185 1262 2216 tribuni
1280 2186 1322 2225 pl.
1339 2186 1505 2216 decretum

872 2228 904 2258 in
919 2228 1055 2268 gratiam
1072 2227 1242 2268 Scipionis,
1257 2228 1332 2259 ibid.
1360 2228 1504 2259 Africani

873 2271 984 2301 laudes
1000 2280 1049 2310 53.
1075 2281 1159 2301 mors
1175 2279 1224 2310 54.
1249 2271 1288 2301 de
1309 2281 1347 2301 co
1371 2272 1505 2302 obscura

872 2313 1004 2344 historia
1021 2313 1069 2354 56.
1101 2313 1169 2344 eius
1191 2318 1296 2344 statua
1320 2317 1411 2344 extra
1433 2324 1504 2354 por-

871 2361 937 2387 tam
952 2357 1132 2397 Capenam,
1145 2356 1220 2387 ibid.
1243 2367 1306 2396 quo
1322 2367 1406 2387 anno
1423 2367 1504 2387 mor-

871 2404 968 2431 tuus?
986 2409 1037 2441 39,
1056 2408 1106 2438 52.

831 2442 868 2474 P.
894 2442 1063 2473 Cornelius
1089 2442 1209 2482 Scipio,
1237 2442 1323 2473 filius
1349 2441 1505 2480 Africani,

872 2496 974 2525 augur
999 2490 1169 2525 cooptatur
1197 2485 1229 2516 in
1258 2486 1365 2516 locum
1393 2485 1503 2516 Albini

873 2538 926 2567 40,
942 2538 992 2566 42.

833 2571 869 2603 Ρ.
887 2571 1057 2602 Cornelius
1080 2570 1190 2611 Scipio
1216 2571 1396 2608 Africanus,
1422 2570 1506 2602 filius

873 2614 1028 2645 naturalis
1051 2614 1086 2645 L.
1104 2614 1222 2651 Paulli,
1244 2614 1419 2654 adoptione
1444 2613 1503 2654 pri-

872 2656 934 2687 oris
947 2657 1090 2688 Africani
1106 2668 1216 2697 nepos,
1229 2657 1401 2697 septimum
1419 2656 1502 2687 deci-

872 2709 961 2730 mum
984 2710 1105 2730 annum
1127 2711 1235 2739 agens,
1254 2700 1284 2730 in
1309 2710 1426 2739 pugna,
1441 2708 1506 2738 qua

875 2743 1010 2773 Perseus
1034 2742 1136 2774 vietus
1158 2748 1217 2782 est,
1239 2743 1339 2774 effuse
1361 2741 1505 2781 sequitur

872 2785 979 2816 hostes
995 2797 1046 2824 44,
1063 2797 1113 2823 44.

156 2830 190 2857 et
203 2827 233 2858 8.
258 2826 332 2859 binc
348 2838 525 2859 crimmum
537 2827 722 2868 Scipionem
739 2837 784 2869 ¹9·
831 2828 867 2860 P.
874 2829 1044 2860 Cornelius
1054 2829 1114 2860 Cn.
1128 2828 1163 2860 1³.
1174 2827 1295 2868 Scipio,
1306 2827 1504 2862 ruloleseens,

157 2868 262 2906 rebus,
291 2880 353 2900 non
384 2871 497 2907 verbis,
527 2881 560 2901 se
596 2876 709 2911 purgat
735 2880 784 2902 22.

158 2911 311 2951 profectio
336 2912 405 2944 eius
430 2912 461 2944 in
486 2913 625 2945 Africam
650 2921 784 2952 24-27,

871 2872 1013 2902 nondum
1038 2871 1247 2911 quaestorius,
1273 2869 1397 2900 Romae
1423 2868 1501 2898 iudi-

872 2918 963 2945 catur
984 2913 1029 2944 vir
1051 2914 1206 2944 bonorum
1226 2912 1368 2952 optimus
1385 2919 1436 2951 29,
1456 2919 1502 2949 14.
