1888 3194
886 194 1176 233 INDEX.

381 269 473 311 ponit
502 271 544 302 ad
571 269 832 311 Cynoscephalas
857 276 883 310 7.
919 281 1008 311 proe-

382 314 472 351 lium,
484 323 547 353 quo
563 314 700 344 vincitur
717 321 829 353 7-10,
855 314 1007 344 caducea-

380 360 484 387 torem
499 356 599 387 mittit
613 357 655 387 ad
667 357 833 387 Romanos
848 365 860 386 1
870 366 895 388 1.
918 356 947 387 ei
962 357 1008 387 in-

379 400 490 430 dutiae
505 399 687 439 quindecim
704 398 827 429 dierum
848 399 942 430 datae
961 409 1007 430 12.

379 442 577 481 colloquium
594 443 634 472 ad
648 442 773 481 Tempe
790 451 836 481 13.
863 442 951 482 pacis
966 443 1009 473 le-

378 495 434 525 ges
450 495 523 515 cum
541 485 706 525 Philippo,
722 485 798 516 ibid.
815 488 847 515 et
863 494 911 523 30.
941 495 1009 516 cae-

380 528 429 558 dit
457 528 625 558 Dardanos
652 538 698 569 19.
737 538 800 567 pax
828 538 900 558 cum
928 538 965 557 eo
991 539 1010 558 a

380 571 501 610 populo
522 571 607 601 iussa
624 579 675 610 25.
708 571 747 600 de
771 580 808 600 eo
831 570 1009 609 triumphat

381 612 556 648 Quinctius
572 622 623 652 34,
640 621 688 651 52.
722 612 918 647 Demetrius,
942 612 1009 642 eius

379 655 477 693 filius,
487 657 577 686 obses
587 659 661 685 ante
672 665 796 685 currum
809 654 1009 694 triumphan-

379 698 420 728 tis
436 699 561 735 ductus,
576 698 652 728 ibid.
678 707 751 727 enm
768 698 809 726 ad
825 697 947 726 bellum
963 707 1008 727 re-

378 741 564 770 novandum
590 740 724 770 incitant
751 739 859 769 Aetoli
884 747 934 778 35,
961 749 1007 771 12.

378 783 500 822 legatos
524 783 663 813 Romam
687 781 797 818 mittit,
819 782 1008 820 pollicentes

379 825 537 856 Romanis
551 825 672 855 auxilia
695 825 736 855 ad
758 824 881 854 bellum
900 825 1008 854 adver-

370 878 430 898 >sus
456 868 652 897 Antiochum
677 866 728 906 36,
751 877 779 905 4.
815 877 887 897 cum
911 868 1008 897 fortu-

379 921 454 940 nam
485 910 643 950 speculari
672 910 705 940 in
732 910 839 940 animo
866 910 1008 949 haberet,

378 954 517 983 offensus
532 954 572 983 ab
589 953 759 991 Antiocho,
776 963 808 983 se
823 952 926 990 iungit
942 953 1007 983 Ro-

377 996 481 1025 manis
506 996 534 1026 8.
574 996 784 1035 proficiscitur
812 995 845 1025 in
872 996 1006 1026 Thessa-

378 1038 456 1068 liam
472 1048 519 1078 13.
544 1038 630 1078 capit
646 1039 800 1077 quasdam
817 1039 920 1076 urbes,
930 1038 1006 1070 ibid.

379 1081 576 1111 Athamania
588 1081 708 1121 potitur
723 1091 769 1120 14.
792 1082 832 1111 ab
843 1091 1007 1121 oppugna-

378 1124 467 1155 tione
485 1124 617 1155 Lamiae
640 1124 728 1154 iubet
751 1134 825 1154 eum
846 1125 1008 1155 discedere

379 1167 504 1197 Acilius
520 1177 582 1198 cos.
601 1176 650 1206 25.
682 1166 864 1197 Demetrias
883 1177 915 1197 se
933 1167 1008 1197 Phi-

378 1209 469 1249 lippo
485 1209 574 1240 dedit
591 1218 641 1248 33.
668 1209 821 1240 exercitui
839 1210 935 1241 Rom.
951 1221 1009 1250 per

379 1252 459 1282 fines
482 1263 554 1283 suos
576 1252 763 1289 transeunti,
785 1252 893 1283 omnia
917 1256 1008 1292 parat

378 1302 430 1333 37,
458 1302 483 1334 7.
523 1295 591 1325 eius
617 1295 774 1335 praesidia
800 1296 1008 1334 expelluntur

379 1337 575 1368 Athamania
599 1338 649 1376 38,
675 1347 699 1368 1.
734 1338 908 1377 ingreditur
934 1349 1006 1368 cum

377 1380 521 1410 exercitu
534 1380 762 1411 Athamaniam
777 1390 807 1410 2.
830 1381 1006 1420 repellitur,

377 1422 453 1453 ibid.
485 1434 600 1453 causae
618 1423 734 1453 irarum
754 1423 822 1453 eius
837 1423 868 1453 in
887 1424 1005 1454 Roma-

377 1476 434 1495 nos
450 1475 501 1507 39,
519 1475 566 1504 23.
599 1466 720 1505 colligit
737 1466 816 1496 vires
835 1476 882 1505 24.
914 1467 953 1496 de
970 1477 1006 1496 eo

377 1508 601 1539 Thessalorum
626 1509 825 1547 aliorumque
848 1510 1007 1548 querelae,

376 1549 452 1581 ibid.
479 1551 574 1599 legati
589 1552 695 1581 Roma
710 1551 797 1581 missi
812 1552 853 1581 ad
869 1562 921 1582 eas
934 1562 1006 1582 con-

376 1594 543 1624 troversias
566 1594 802 1632 disceptandas,
823 1594 899 1625 ibid.
932 1594 1006 1625 Phi-

376 1636 485 1676 lippus
501 1637 672 1676 respondet
685 1637 821 1675 querelis
837 1637 1005 1667 Thessalo-

375 1689 445 1709 rum
464 1678 512 1710 26.
547 1679 615 1709 eius
640 1678 751 1709 minax
775 1679 908 1715 dictum,
928 1680 1004 1712 ibid.

375 1723 546 1770 respondet
570 1721 804 1753 Maronitarum
829 1726 860 1753 et
886 1723 1005 1753 Eume-

374 1765 424 1795 nis
440 1765 550 1803 legatis
568 1765 616 1795 28.
647 1764 773 1795 animus
797 1765 864 1795 eius
886 1765 1003 1796 aliena-

374 1810 427 1838 tus
450 1809 490 1838 ab
519 1807 688 1844 Romanis,
711 1807 787 1838 ibid.
827 1808 1005 1840 Maronitas

375 1850 546 1881 crudeliter
557 1850 696 1881 trucidat
710 1859 758 1889 34.
783 1851 823 1881 ad
840 1853 1006 1891 purganda

374 1893 509 1924 crimina
534 1893 634 1923 mittit
663 1893 878 1931 Demetrium,
903 1894 1003 1925 mino-

374 1945 442 1966 rem
465 1935 580 1973 filium,
604 1936 744 1966 Romam
769 1944 817 1975 35.
853 1937 1004 1968 sollicitat

373 1979 500 2009 accolas
518 1978 590 2009 Istri
606 1979 758 2015 fluminis,
772 1983 807 2009 ut
822 1979 855 2009 in
873 1980 1003 2010 Italiam

374 2020 564 2060 irrumpant,
576 2021 650 2052 ibid.
677 2021 863 2052 Demetrius
879 2026 1003 2062 patrem

374 2064 518 2094 defendit
540 2072 589 2103 47.
625 2065 821 2095 Macedonas
844 2076 861 2095 e
884 2065 1002 2095 mariti-

374 2107 435 2136 mis
451 2106 632 2137 civitatibus
650 2108 683 2137 in
701 2107 873 2138 Paeoniam
896 2109 1001 2138 tradu-

375 2149 430 2185 cit,
442 2153 474 2180 et
486 2151 579 2180 urbes
591 2149 770 2180 Thracibus
785 2150 919 2190 aliisque
935 2151 1003 2180 bar-

375 2192 457 2222 baris
479 2193 576 2223 tradit
598 2193 789 2223 habitandas
805 2203 856 2231 40,
873 2202 901 2232 3.
936 2193 1004 2224 eius

375 2235 558 2271 crudelitas,
574 2235 648 2265 ibid.
666 2239 698 2265 et
714 2246 742 2272 4.
773 2235 801 2265 ei
818 2236 1004 2266 Demetrius

374 2280 422 2306 est
452 2281 617 2316 suspectus
644 2286 672 2316 5.
713 2277 845 2308 Perseus
874 2282 1003 2308 accusat

375 2318 579 2349 Demetrium
621 2320 709 2358 apud
752 2319 943 2359 Philippum
974 2320 1003 2350 8.

374 2361 443 2391 eius
458 2362 499 2391 ad
515 2362 603 2394 filios.
616 2372 689 2392 suos
704 2362 815 2399 oratio,
830 2362 906 2392 ibid.
937 2362 1004 2392 eius

374 2403 435 2434 iter
449 2404 490 2434 ad
508 2404 672 2434 Haemum
688 2407 831 2434 montem
849 2414 897 2435 21.
925 2405 1004 2435 duas

374 2456 444 2476 aras
462 2447 531 2476 Iovi
548 2449 580 2476 et
598 2446 656 2476 soli
673 2450 836 2477 consecrat
854 2456 902 2478 22.
938 2447 1002 2478 De-

374 2489 524 2519 metrium
552 2488 687 2519 interfici
714 2489 802 2519 iubet
828 2499 876 2528 24.
914 2489 1001 2520 inno-

375 2532 511 2562 centiam
531 2531 689 2562 Demetrii
704 2531 845 2571 agnoscit
860 2540 899 2570 54
910 2536 941 2562 et
952 2540 1001 2571 55.

374 2584 507 2614 regnum
529 2574 690 2613 Antigono
712 2574 891 2613 relinquere
913 2576 1002 2615 cupit

377 2616 427 2656 56.
455 2616 598 2654 moritur,
615 2617 691 2648 ibid.

333 2659 516 2699 Philippus,
543 2660 628 2690 filius
655 2659 831 2690 Alexandri
858 2660 1002 2700 Megalo-

377 2702 512 2742 politani
538 2710 589 2741 35,
614 2710 663 2741 47.
695 2713 715 2732 a
741 2702 906 2742 Philippo,
930 2714 1001 2743 rege

375 2745 606 2782 Macedonum,
630 2746 671 2775 ad
701 2745 875 2775 ludibrium
905 2746 1001 2776 frater

376 2788 560 2828 appellatur
582 2787 633 2826 36,
656 2797 702 2826 14.
726 2787 759 2817 in
777 2788 913 2818 vinculis
934 2789 1000 2819 Ro-

375 2841 461 2861 mam
505 2830 654 2868 mittitur,
697 2830 772 2861 ibid.
822 2831 1001 2870 praefectus

376 2874 480 2904 fuerat
496 2873 664 2913 Zacyntho
679 2873 803 2904 insulae
819 2882 868 2912 31.

335 2916 507 2956 Philippus
527 2916 666 2955 Poenus,
683 2919 823 2947 scortum
845 2915 882 2948 L.
896 2916 1000 2953 Quin-

1095 271 1151 301 ctii
1167 280 1218 313 39,
1235 280 1286 310 42.

1053 313 1236 354 Philippus,
1266 316 1381 345 natura
1410 313 1517 352 frater,
1546 310 1721 352 adoptione

1095 356 1180 387 filius
1205 356 1313 388 Persei
1337 367 1389 395 42,
1413 364 1461 396 52.
1491 366 1544 395 44,
1566 365 1617 395 45.
1646 354 1721 385 Phi-

1095 399 1222 439 lippum
1238 410 1369 440 seseque
1382 399 1519 431 Octavio
1534 397 1632 429 tradit
1644 398 1721 428 Per-

1095 451 1167 473 seus
1193 451 1244 481 45,
1271 441 1300 474 6.
1335 442 1462 473 ducitur
1491 445 1566 472 ante
1593 449 1721 471 currum

1097 485 1202 515 Paulli
1219 485 1446 524 triumphantis
1459 494 1507 526 39.

1055 527 1235 567 Philippus,
1252 528 1413 568 Amyntae
1433 527 1518 557 filius
1536 534 1588 566 45,
1607 535 1635 567 9.
1664 535 1721 565 per

1096 580 1170 600 eum
1204 570 1302 600 crevit
1333 580 1465 609 regnum
1495 568 1720 607 Macedoniae,

1094 612 1172 643 ibid.

1054 654 1236 694 Philippus,
1261 654 1408 694 praesidii
1438 654 1617 694 praefectus
1643 655 1720 686 Cas-

1095 698 1247 727 sandreae
1263 708 1315 735 44,
1336 707 1368 727 11
1389 701 1420 727 et
1440 706 1486 728 12.

1054 739 1236 779 Philippus,
1267 739 1475 779 Epirotarum
1509 742 1636 779 praetor
1669 747 1719 779 29,

1099 792 1147 813 12.

1053 824 1235 865 Philippus,
1279 824 1427 865 magister
1474 823 1720 864 elephantorum

1095 867 1259 905 Antiochi,
1274 871 1399 908 praeest
1419 866 1544 898 mediae
1567 865 1648 897 aciei
1668 872 1720 905 37,

1095 921 1146 949 41.

1053 953 1212 991 Philistio,
1234 953 1414 993 praefectus
1437 951 1604 992 Epicydis,
1624 950 1719 982 inter-

1093 996 1200 1026 ficitur
1216 995 1378 1036 Syracusis
1396 1005 1411 1025 2
1416 1002 1446 1034 5,
1463 996 1511 1025 28.

1052 1039 1222 1070 Philonem
1239 1039 1487 1070 Chalcidensem
1503 1037 1644 1069 Romani
1660 1036 1720 1067 sibi

1094 1082 1169 1112 dedi
1186 1082 1350 1121 postulant
1367 1088 1417 1121 37,
1433 1088 1483 1120 45.
1509 1081 1560 1119 38,
1575 1081 1626 1119 38.

1053 1125 1225 1162 Philocles,
1256 1125 1436 1164 praefectus
1463 1122 1618 1162 Philippi,
1647 1121 1720 1153 mit-

1093 1167 1172 1198 titur
1193 1168 1234 1198 ad
1256 1167 1458 1207 populandos
1473 1165 1718 1197 Atheniensium

1094 1220 1184 1250 agros
1222 1219 1273 1248 31,
1314 1208 1360 1241 16.
1405 1209 1521 1239 frustra
1553 1211 1719 1248 oppugnat

1095 1252 1282 1284 Eleusinem
1309 1256 1341 1283 et
1367 1252 1511 1282 Athenas
1538 1250 1588 1282 26.
1620 1251 1718 1290 depo-

1094 1296 1225 1336 pulatur
1253 1296 1333 1326 fines
1356 1293 1612 1331 Atheniensium,
1640 1293 1718 1325 ibid.

1093 1338 1284 1369 Chalcidem
1318 1341 1407 1368 tenet
1438 1346 1489 1376 32,
1522 1335 1568 1368 16.
1607 1336 1719 1368 Corin-

1092 1382 1185 1412 thum
1210 1381 1374 1411 obsidione
1397 1380 1510 1410 liberat
1532 1388 1580 1418 23.
1611 1379 1639 1409 ei
1659 1379 1718 1409 Ar-

1092 1434 1147 1463 gos
1164 1423 1307 1463 proditur
1325 1431 1372 1462 25.
1392 1423 1516 1461 legatus
1530 1432 1550 1452 a
1566 1421 1719 1461 Philippo

1095 1468 1234 1498 Romam
1252 1465 1390 1496 mittitur
1401 1465 1602 1504 speculatum
1615 1465 1654 1495 de
1670 1464 1720 1502 iis,

1094 1519 1228 1548 quorum
1256 1508 1389 1539 Perseus
1415 1507 1620 1538 Demetrium
1644 1506 1719 1537 insi-

1093 1552 1238 1582 mulabat
1259 1561 1452 1588 sermonum,
1468 1561 1540 1580 cum
1562 1549 1719 1581 Romanis

1093 1594 1275 1624 habitorum
1293 1604 1344 1632 40,
1362 1604 1409 1624 20.
1433 1593 1623 1623 interficitur
1639 1600 1688 1632 55.

1051 1637 1262 1676 Philocrates,
1278 1636 1426 1677 princeps
1447 1635 1613 1676 legationis
1628 1635 1717 1667 Rho-

1092 1680 1164 1711 diae
1180 1688 1232 1719 45,
1250 1688 1298 1719 25.

1051 1723 1273 1761 Philodemus,
1283 1722 1431 1762 Argivus,
1444 1721 1542 1753 tradit
1553 1721 1717 1752 tumulum

1094 1766 1272 1806 Euryalum
1291 1765 1448 1796 Romanis
1464 1773 1514 1804 25,
1532 1772 1580 1803 25.

1050 1809 1297 1849 Philopoemen,
1310 1812 1437 1848 praetor
1450 1807 1652 1839 Achaeorum
1665 1813 1718 1846 35,

1093 1859 1141 1890 25.
1165 1853 1315 1882 adversus
1332 1851 1441 1881 Nabin
1458 1851 1591 1881 classem
1608 1849 1718 1880 educit

1091 1893 1139 1925 26.
1172 1894 1319 1932 vincitur,
1344 1893 1420 1926 ibid.
1447 1892 1590 1924 incendit
1615 1895 1718 1923 castra

1091 1937 1229 1968 Nabidis
1257 1945 1306 1977 27.
1338 1937 1513 1976 populatur
1539 1945 1629 1975 agros
1656 1935 1717 1966 La-

1091 1980 1229 2018 conicos,
1242 1980 1317 2011 ibid.
1334 1980 1402 2010 eius
1413 1979 1446 2009 in
1458 1979 1605 2010 ducendo
1618 1977 1716 2018 agmi-

1089 2033 1130 2053 ne
1157 2023 1299 2062 locisque
1326 2022 1489 2062 capiendis
1516 2020 1658 2052 sollertia
1684 2023 1716 2051 et

1089 2076 1164 2095 usus
1189 2066 1236 2097 28.
1268 2065 1367 2095 vincit
1389 2068 1421 2095 et
1443 2065 1532 2104 fugat
1554 2063 1716 2094 Lacedae-

1089 2117 1200 2138 mones
1238 2118 1287 2149 29.
1331 2107 1475 2138 societati
1512 2106 1715 2137 Achaeorum

1091 2150 1361 2181 Lacedaemonios
1380 2148 1523 2188 adiungit
1540 2147 1588 2187 36.
1613 2158 1650 2180 eo
1668 2158 1714 2178 re-

1089 2193 1221 2230 ferente,
1237 2193 1273 2223 fit
1287 2193 1327 2223 ab
1344 2192 1482 2222 Achaeis
1498 2192 1661 2222 decretum
1681 2190 1715 2221 in

1091 2235 1361 2265 Lacedaemonios
1391 2235 1442 2273 38,
1469 2243 1518 2273 31.
1554 2234 1714 2265 Lacedae-

1088 2287 1216 2308 monem
1230 2277 1341 2317 affligit
1354 2281 1385 2308 et
1396 2280 1536 2314 enerv,at
1546 2276 1716 2316 disciplina

1091 2320 1230 2359 Lycurgi
1247 2320 1372 2350 sublata
1388 2328 1426 2358 33
1444 2323 1475 2350 et
1492 2328 1541 2357 34.
1559 2319 1598 2350 cf.
1615 2322 1646 2350 et
1663 2328 1714 2368 39,

1091 2361 1140 2401 36.
1165 2363 1290 2402 capitur
1312 2373 1330 2392 a
1352 2362 1519 2393 Messeniis
1540 2371 1590 2403 39,
1607 2372 1657 2403 49.
1679 2362 1714 2393 in

1090 2405 1205 2435 cellam
1243 2406 1301 2435 sub
1333 2408 1417 2435 terra
1451 2405 1631 2436 demittitur
1663 2412 1714 2443 50.

1092 2458 1212 2478 veneno
1237 2448 1371 2485 tollitur,
1395 2447 1470 2479 ibid.
1501 2449 1541 2478 ab
1565 2447 1712 2478 universo

1089 2490 1232 2521 Achaico
1270 2491 1405 2521 concilio
1442 2490 1606 2530 sepelitur,
1635 2490 1712 2521 ibid.

1088 2533 1185 2563 divini
1202 2533 1337 2564 honores
1349 2533 1377 2563 ei
1390 2533 1520 2570 decreti,
1531 2532 1606 2563 ibid.
1628 2542 1713 2563 com-

1047 2618 1272 2656 Philostratus,
1288 2619 1354 2648 dux
1370 2617 1507 2648 cohortis
1522 2627 1574 2657 43,
1592 2627 1640 2657 25.

1047 2660 1201 2699 Philotas,
1226 2662 1407 2701 praefectus
1431 2659 1579 2700 praesidii
1604 2659 1712 2700 Abydi

1088 2710 1140 2742 37,
1156 2713 1203 2734 '12-

1046 2746 1179 2776 Phliasii
1197 2755 1247 2785 33,
1268 2755 1315 2784 14.

1046 2789 1206 2819 Phliasius
1225 2799 1299 2827 ager
1319 2797 1370 2827 33,
1390 2798 1427 2827 14
1443 2791 1475 2818 et
1494 2795 1541 2827 15.
1565 2798 1638 2819 eum
1659 2790 1712 2820 de-

1088 2832 1284 2871 populantur
1300 2831 1411 2871 copiae
1428 2830 1584 2871 Philippi,
1597 2831 1675 2864 ibid.

1045 2874 1158 2904 Phlius
1174 2874 1225 2911 28,
1244 2881 1270 2913 7.

1045 2917 1204 2955 Phocaea,
1219 2917 1304 2955 urbs,
1316 2916 1401 2957 origo
1417 2915 1667 2948 Massiliensium
1680 2923 1710 2956 5,
