<?xml version="1.0" encoding="UTF-8"?>
<!DOCTYPE html PUBLIC "-//W3C//DTD XHTML 1.0 Transitional//EN"
    "http://www.w3.org/TR/xhtml1/DTD/xhtml1-transitional.dtd">
<html xmlns="http://www.w3.org/1999/xhtml" xml:lang="en" lang="en">
 <head>
  <title>
</title>
<meta http-equiv="Content-Type" content="text/html;charset=utf-8" />
  <meta name='ocr-system' content='tesseract 3.04.00' />
  <meta name='ocr-capabilities' content='ocr_page ocr_carea ocr_par ocr_line ocrx_word'/>
</head>
<body>
  <div class='ocr_page' id='page_1' title='image "./historiarumli04livyuoft/historiarumli04livyuoft_0245.png"; bbox 0 0 1888 3194; ppageno 0'>
   <div class='ocr_carea' id='block_1_1' title="bbox 516 196 1527 246">
    <p class='ocr_par' dir='ltr' id='par_1_1' title="bbox 516 196 1527 246">
     <span class='ocr_line' id='line_1_1' title="bbox 516 196 1527 246; baseline 0.007 -8"><span class='ocrx_word' id='word_1_1' title='bbox 516 196 795 239; x_wconf 85' lang='lat' dir='ltr'><strong>LIBROR.</strong></span> <span class='ocrx_word' id='word_1_2' title='bbox 842 197 1141 240; x_wconf 89' lang='lat' dir='ltr'><strong>DEPERD.</strong></span> <span class='ocrx_word' id='word_1_3' title='bbox 1447 206 1527 246; x_wconf 81' lang='lat'>237</span> 
     </span>
    </p>
   </div>
   <div class='ocr_carea' id='block_1_2' title="bbox 133 286 1536 1487">
    <p class='ocr_par' dir='ltr' id='par_1_2' title="bbox 133 286 1536 1487">
     <span class='ocr_line' id='line_1_2' title="bbox 135 286 1531 343; baseline 0.001 -13"><span class='ocrx_word' id='word_1_4' title='bbox 135 288 309 330; x_wconf 87' lang='lat' dir='ltr'>militiae</span> <span class='ocrx_word' id='word_1_5' title='bbox 336 286 600 343; x_wconf 85' lang='lat' dir='ltr'><strong>disciplinam</strong></span> <span class='ocrx_word' id='word_1_6' title='bbox 628 286 849 328; x_wconf 91' lang='lat' dir='ltr'>revocavit.</span> <span class='ocrx_word' id='word_1_7' title='bbox 915 286 1072 328; x_wconf 88' lang='lat' dir='ltr'>Omnia</span> <span class='ocrx_word' id='word_1_8' title='bbox 1099 287 1346 329; x_wconf 86' lang='lat' dir='ltr'>deliciarum</span> <span class='ocrx_word' id='word_1_9' title='bbox 1377 290 1531 332; x_wconf 85' lang='lat' dir='ltr'>instru—</span> 
     </span>
     <span class='ocr_line' id='line_1_3' title="bbox 135 343 1531 394; baseline 0.001 -8"><span class='ocrx_word' id='word_1_10' title='bbox 135 354 279 387; x_wconf 89' lang='lat' dir='ltr'>menta</span> <span class='ocrx_word' id='word_1_11' title='bbox 299 344 473 392; x_wconf 84' lang='lat' dir='ltr'>recidit3</span> <span class='ocrx_word' id='word_1_12' title='bbox 506 343 591 385; x_wconf 92' lang='lat' dir='ltr'>duo</span> <span class='ocrx_word' id='word_1_13' title='bbox 619 343 751 384; x_wconf 89' lang='lat' dir='ltr'>millia</span> <span class='ocrx_word' id='word_1_14' title='bbox 777 352 1010 385; x_wconf 89' lang='lat' dir='ltr'>scortorum</span> <span class='ocrx_word' id='word_1_15' title='bbox 1031 359 1055 385; x_wconf 89' lang='lat' dir='ltr'>a</span> <span class='ocrx_word' id='word_1_16' title='bbox 1075 344 1218 385; x_wconf 86' lang='lat' dir='ltr'>castris</span> <span class='ocrx_word' id='word_1_17' title='bbox 1239 345 1389 394; x_wconf 84' lang='lat' dir='ltr'>eiecit;</span> <span class='ocrx_word' id='word_1_18' title='bbox 1423 347 1531 388; x_wconf 85' lang='lat' dir='ltr'>mili-</span> 
     </span>
     <span class='ocr_line' id='line_1_4' title="bbox 135 400 1530 458; baseline 0.001 -14"><span class='ocrx_word' id='word_1_19' title='bbox 135 411 221 444; x_wconf 89' lang='lat' dir='ltr'>tem</span> <span class='ocrx_word' id='word_1_20' title='bbox 237 401 427 458; x_wconf 87' lang='lat' dir='ltr'>quotidie</span> <span class='ocrx_word' id='word_1_21' title='bbox 451 401 493 441; x_wconf 91' lang='lat' dir='ltr'>in</span> <span class='ocrx_word' id='word_1_22' title='bbox 514 416 640 457; x_wconf 88' lang='lat' dir='ltr'>opere</span> <span class='ocrx_word' id='word_1_23' title='bbox 661 400 821 450; x_wconf 89' lang='lat' dir='ltr'>habuit,</span> <span class='ocrx_word' id='word_1_24' title='bbox 839 409 882 442; x_wconf 90' lang='lat' dir='ltr'>et</span> <span class='ocrx_word' id='word_1_25' title='bbox 902 401 1075 457; x_wconf 88' lang='lat' dir='ltr'>triginta</span> <span class='ocrx_word' id='word_1_26' title='bbox 1089 401 1256 442; x_wconf 91' lang='lat' dir='ltr'>dierum</span> <span class='ocrx_word' id='word_1_27' title='bbox 1270 401 1530 445; x_wconf 87' lang='lat' dir='ltr'>frumentum</span> 
     </span>
     <span class='ocr_line' id='line_1_5' title="bbox 134 457 1532 515; baseline 0.001 -15"><span class='ocrx_word' id='word_1_28' title='bbox 134 459 190 501; x_wconf 90' lang='lat' dir='ltr'>ad</span> <span class='ocrx_word' id='word_1_29' title='bbox 215 467 411 515; x_wconf 90' lang='lat' dir='ltr'>septenos</span> <span class='ocrx_word' id='word_1_30' title='bbox 431 457 560 500; x_wconf 90' lang='lat' dir='ltr'>vallos</span> <span class='ocrx_word' id='word_1_31' title='bbox 584 458 691 499; x_wconf 90' lang='lat' dir='ltr'>ferre</span> <span class='ocrx_word' id='word_1_32' title='bbox 720 457 921 514; x_wconf 87' lang='lat' dir='ltr'>cogebat:</span> <span class='ocrx_word' id='word_1_33' title='bbox 955 473 1078 514; x_wconf 83' lang='lat' dir='ltr'>aegre</span> <span class='ocrx_word' id='word_1_34' title='bbox 1099 468 1271 515; x_wconf 91' lang='lat' dir='ltr'>propter</span> <span class='ocrx_word' id='word_1_35' title='bbox 1290 474 1397 500; x_wconf 92' lang='lat' dir='ltr'>onus</span> <span class='ocrx_word' id='word_1_36' title='bbox 1417 459 1532 501; x_wconf 89' lang='lat' dir='ltr'>ince-</span> 
     </span>
     <span class='ocr_line' id='line_1_6' title="bbox 134 514 1530 571; baseline 0.001 -14"><span class='ocrx_word' id='word_1_37' title='bbox 134 515 253 557; x_wconf 90' lang='lat' dir='ltr'><strong>denti</strong></span> <span class='ocrx_word' id='word_1_38' title='bbox 277 515 456 565; x_wconf 85' lang='lat' dir='ltr'>dicebat,</span> <span class='ocrx_word' id='word_1_39' title='bbox 483 514 630 563; x_wconf 82' lang='lat' dir='ltr'>Quum</span> <span class='ocrx_word' id='word_1_40' title='bbox 655 514 796 571; x_wconf 87' lang='lat' dir='ltr'>gladio</span> <span class='ocrx_word' id='word_1_41' title='bbox 824 524 865 556; x_wconf 89' lang='lat' dir='ltr'>te</span> <span class='ocrx_word' id='word_1_42' title='bbox 890 514 1042 556; x_wconf 88' lang='lat' dir='ltr'>vallare</span> <span class='ocrx_word' id='word_1_43' title='bbox 1071 515 1224 566; x_wconf 88' lang='lat' dir='ltr'>scieris,</span> <span class='ocrx_word' id='word_1_44' title='bbox 1247 515 1403 557; x_wconf 89' lang='lat' dir='ltr'>vallum</span> <span class='ocrx_word' id='word_1_45' title='bbox 1423 516 1530 559; x_wconf 88' lang='lat' dir='ltr'>ferre</span> 
     </span>
     <span class='ocr_line' id='line_1_7' title="bbox 133 571 1531 628; baseline 0.001 -14"><span class='ocrx_word' id='word_1_46' title='bbox 133 572 326 614; x_wconf 88' lang='lat' dir='ltr'>desinito.</span> <span class='ocrx_word' id='word_1_47' title='bbox 389 572 491 622; x_wconf 93' lang='lat' dir='ltr'>Alii,</span> <span class='ocrx_word' id='word_1_48' title='bbox 525 581 690 613; x_wconf 89' lang='lat' dir='ltr'>scutum</span> <span class='ocrx_word' id='word_1_49' title='bbox 726 586 903 628; x_wconf 89' lang='lat' dir='ltr'>parvum</span> <span class='ocrx_word' id='word_1_50' title='bbox 937 571 1132 614; x_wconf 87' lang='lat' dir='ltr'>habiliter</span> <span class='ocrx_word' id='word_1_51' title='bbox 1164 573 1330 623; x_wconf 91' lang='lat' dir='ltr'>ferenti,</span> <span class='ocrx_word' id='word_1_52' title='bbox 1364 583 1531 615; x_wconf 88' lang='lat' dir='ltr'>scutum</span> 
     </span>
     <span class='ocr_line' id='line_1_8' title="bbox 133 629 1530 687; baseline 0.001 -16"><span class='ocrx_word' id='word_1_53' title='bbox 133 629 313 686; x_wconf 84' lang='lat' dir='ltr'>amplius</span> <span class='ocrx_word' id='word_1_54' title='bbox 352 630 462 672; x_wconf 93' lang='lat' dir='ltr'>iusto</span> <span class='ocrx_word' id='word_1_55' title='bbox 501 629 608 671; x_wconf 91' lang='lat' dir='ltr'>ferre</span> <span class='ocrx_word' id='word_1_56' title='bbox 650 629 793 671; x_wconf 89' lang='lat' dir='ltr'>iussit:</span> <span class='ocrx_word' id='word_1_57' title='bbox 847 644 987 685; x_wconf 90' lang='lat' dir='ltr'>neque</span> <span class='ocrx_word' id='word_1_58' title='bbox 1033 629 1079 671; x_wconf 94' lang='lat' dir='ltr'>id</span> <span class='ocrx_word' id='word_1_59' title='bbox 1118 645 1161 671; x_wconf 88' lang='lat' dir='ltr'>se</span> <span class='ocrx_word' id='word_1_60' title='bbox 1206 630 1530 687; x_wconf 84' lang='lat' dir='ltr'>reprehendere,</span> 
     </span>
     <span class='ocr_line' id='line_1_9' title="bbox 133 686 1533 744; baseline 0.001 -16"><span class='ocrx_word' id='word_1_61' title='bbox 133 687 305 744; x_wconf 89' lang='lat' dir='ltr'>quando</span> <span class='ocrx_word' id='word_1_62' title='bbox 320 687 470 728; x_wconf 90' lang='lat' dir='ltr'>melius</span> <span class='ocrx_word' id='word_1_63' title='bbox 486 695 616 736; x_wconf 91' lang='lat' dir='ltr'>scut0,</span> <span class='ocrx_word' id='word_1_64' title='bbox 634 701 761 742; x_wconf 87' lang='lat' dir='ltr'>quam</span> <span class='ocrx_word' id='word_1_65' title='bbox 777 686 930 743; x_wconf 86' lang='lat' dir='ltr'>gladio,</span> <span class='ocrx_word' id='word_1_66' title='bbox 948 695 1148 728; x_wconf 88' lang='lat' dir='ltr'>uteretur.</span> <span class='ocrx_word' id='word_1_67' title='bbox 1195 687 1336 736; x_wconf 86' lang='lat' dir='ltr'>Quem</span> <span class='ocrx_word' id='word_1_68' title='bbox 1354 688 1533 730; x_wconf 91' lang='lat' dir='ltr'>militem</span> 
     </span>
     <span class='ocr_line' id='line_1_10' title="bbox 133 743 1532 800; baseline 0 -14"><span class='ocrx_word' id='word_1_69' title='bbox 133 753 255 786; x_wconf 86' lang='lat' dir='ltr'>extra</span> <span class='ocrx_word' id='word_1_70' title='bbox 285 744 478 786; x_wconf 85' lang='lat' dir='ltr'>ordinem</span> <span class='ocrx_word' id='word_1_71' title='bbox 511 743 804 800; x_wconf 86' lang='lat' dir='ltr'>deprehendit,</span> <span class='ocrx_word' id='word_1_72' title='bbox 837 744 872 785; x_wconf 88' lang='lat' dir='ltr'>si</span> <span class='ocrx_word' id='word_1_73' title='bbox 901 744 1122 786; x_wconf 87' lang='lat' dir='ltr'>Romanus</span> <span class='ocrx_word' id='word_1_74' title='bbox 1154 753 1274 795; x_wconf 90' lang='lat' dir='ltr'>esset,</span> <span class='ocrx_word' id='word_1_75' title='bbox 1299 745 1468 795; x_wconf 88' lang='lat' dir='ltr'>vitibus,</span> <span class='ocrx_word' id='word_1_76' title='bbox 1497 745 1532 787; x_wconf 91' lang='lat' dir='ltr'>si</span> 
     </span>
     <span class='ocr_line' id='line_1_11' title="bbox 134 800 1533 852; baseline 0.001 -9"><span class='ocrx_word' id='word_1_77' title='bbox 134 810 373 852; x_wconf 89' lang='lat' dir='ltr'>extraneus,</span> <span class='ocrx_word' id='word_1_78' title='bbox 398 802 577 844; x_wconf 89' lang='lat' dir='ltr'>fustibus</span> <span class='ocrx_word' id='word_1_79' title='bbox 606 801 770 842; x_wconf 90' lang='lat' dir='ltr'>cecidit.</span> <span class='ocrx_word' id='word_1_80' title='bbox 835 800 1032 842; x_wconf 90' lang='lat' dir='ltr'>Iumenta</span> <span class='ocrx_word' id='word_1_81' title='bbox 1061 803 1216 852; x_wconf 90' lang='lat' dir='ltr'>omnia,</span> <span class='ocrx_word' id='word_1_82' title='bbox 1243 817 1298 844; x_wconf 90' lang='lat' dir='ltr'>ne</span> <span class='ocrx_word' id='word_1_83' title='bbox 1329 817 1533 844; x_wconf 87' lang='lat' dir='ltr'>exonera-</span> 
     </span>
     <span class='ocr_line' id='line_1_12' title="bbox 134 857 1532 916; baseline 0.001 -16"><span class='ocrx_word' id='word_1_84' title='bbox 134 867 231 901; x_wconf 86' lang='lat' dir='ltr'>rent</span> <span class='ocrx_word' id='word_1_85' title='bbox 250 858 441 909; x_wconf 89' lang='lat' dir='ltr'>militem,</span> <span class='ocrx_word' id='word_1_86' title='bbox 458 858 661 900; x_wconf 84' lang='lat' dir='ltr'>vendidit.</span> <span class='ocrx_word' id='word_1_87' title='bbox 713 857 846 914; x_wconf 90' lang='lat' dir='ltr'>Saepe</span> <span class='ocrx_word' id='word_1_88' title='bbox 868 858 1065 900; x_wconf 86' lang='lat' dir='ltr'>adversus</span> <span class='ocrx_word' id='word_1_89' title='bbox 1085 860 1328 916; x_wconf 89' lang='lat' dir='ltr'>eruptiones</span> <span class='ocrx_word' id='word_1_90' title='bbox 1347 859 1532 902; x_wconf 89' lang='lat' dir='ltr'>hostium</span> 
     </span>
     <span class='ocr_line' id='line_1_13' title="bbox 134 914 1532 974; baseline 0.001 -17"><span class='ocrx_word' id='word_1_91' title='bbox 134 915 314 958; x_wconf 87' lang='lat' dir='ltr'>feliciter</span> <span class='ocrx_word' id='word_1_92' title='bbox 344 916 558 972; x_wconf 85' lang='lat' dir='ltr'>pugnavit.</span> <span class='ocrx_word' id='word_1_93' title='bbox 621 914 804 957; x_wconf 87' lang='lat' dir='ltr'>Vaccaei</span> <span class='ocrx_word' id='word_1_94' title='bbox 835 916 1002 965; x_wconf 84' lang='lat' dir='ltr'>obsessi,</span> <span class='ocrx_word' id='word_1_95' title='bbox 1025 915 1166 958; x_wconf 88' lang='lat' dir='ltr'>liberis</span> <span class='ocrx_word' id='word_1_96' title='bbox 1196 917 1532 974; x_wconf 87' lang='lat' dir='ltr'>coniugibusque</span> 
     </span>
     <span class='ocr_line' id='line_1_14' title="bbox 135 965 1531 1030; baseline 0.001 -15"><span class='ocrx_word' id='word_1_97' title='bbox 135 973 365 1023; x_wconf 82' lang='lat' dir='ltr'>trucidatis,</span> <span class='ocrx_word' id='word_1_98' title='bbox 385 974 462 1030; x_wconf 92' lang='lat' dir='ltr'>ipsi</span> <span class='ocrx_word' id='word_1_99' title='bbox 483 988 526 1015; x_wconf 92' lang='lat' dir='ltr'>se</span> <span class='ocrx_word' id='word_1_100' title='bbox 547 974 864 1014; x_wconf 85' lang='lat' dir='ltr'>interemerunt.</span> <span class='ocrx_word' id='word_1_101' title='bbox 915 965 1056 1029; x_wconf 74' lang='lat' dir='ltr'>Scipio</span> <span class='ocrx_word' id='word_1_102' title='bbox 1072 973 1327 1030; x_wconf 90' lang='lat' dir='ltr'>amplissima</span> <span class='ocrx_word' id='word_1_103' title='bbox 1343 989 1531 1025; x_wconf 89' lang='lat' dir='ltr'>munera,</span> 
     </span>
     <span class='ocr_line' id='line_1_15' title="bbox 135 1029 1534 1088; baseline 0.001 -16"><span class='ocrx_word' id='word_1_104' title='bbox 135 1031 261 1072; x_wconf 89' lang='lat' dir='ltr'>missa</span> <span class='ocrx_word' id='word_1_105' title='bbox 280 1031 358 1072; x_wconf 90' lang='lat' dir='ltr'>sibi</span> <span class='ocrx_word' id='word_1_106' title='bbox 380 1031 431 1072; x_wconf 90' lang='lat' dir='ltr'>ab</span> <span class='ocrx_word' id='word_1_107' title='bbox 454 1029 670 1071; x_wconf 88' lang='lat' dir='ltr'>Antiocho</span> <span class='ocrx_word' id='word_1_108' title='bbox 691 1044 788 1086; x_wconf 85' lang='lat' dir='ltr'>rege</span> <span class='ocrx_word' id='word_1_109' title='bbox 814 1029 957 1086; x_wconf 87' lang='lat' dir='ltr'>Syriae</span> <span class='ocrx_word' id='word_1_110' title='bbox 979 1045 1111 1086; x_wconf 92' lang='lat' dir='ltr'>quum</span> <span class='ocrx_word' id='word_1_111' title='bbox 1133 1031 1267 1072; x_wconf 89' lang='lat' dir='ltr'>celare</span> <span class='ocrx_word' id='word_1_112' title='bbox 1289 1031 1379 1072; x_wconf 86' lang='lat' dir='ltr'>aliis</span> <span class='ocrx_word' id='word_1_113' title='bbox 1400 1032 1534 1088; x_wconf 90' lang='lat' dir='ltr'>impe-</span> 
     </span>
     <span class='ocr_line' id='line_1_16' title="bbox 134 1088 1534 1145; baseline 0.001 -15"><span class='ocrx_word' id='word_1_114' title='bbox 134 1088 341 1130; x_wconf 88' lang='lat' dir='ltr'>ratoribus</span> <span class='ocrx_word' id='word_1_115' title='bbox 367 1102 514 1144; x_wconf 88' lang='lat' dir='ltr'>regum</span> <span class='ocrx_word' id='word_1_116' title='bbox 543 1102 720 1128; x_wconf 86' lang='lat' dir='ltr'>munera</span> <span class='ocrx_word' id='word_1_117' title='bbox 750 1101 840 1128; x_wconf 93' lang='lat' dir='ltr'>mos</span> <span class='ocrx_word' id='word_1_118' title='bbox 867 1096 988 1136; x_wconf 90' lang='lat' dir='ltr'>esset,</span> <span class='ocrx_word' id='word_1_119' title='bbox 1010 1102 1087 1143; x_wconf 90' lang='lat' dir='ltr'>pro</span> <span class='ocrx_word' id='word_1_120' title='bbox 1115 1088 1313 1129; x_wconf 89' lang='lat' dir='ltr'>tribunali</span> <span class='ocrx_word' id='word_1_121' title='bbox 1338 1099 1534 1145; x_wconf 90' lang='lat' dir='ltr'>acceptu-</span> 
     </span>
     <span class='ocr_line' id='line_1_17' title="bbox 135 1144 1534 1200; baseline 0.001 -14"><span class='ocrx_word' id='word_1_122' title='bbox 135 1159 229 1186; x_wconf 93' lang='lat' dir='ltr'>rum</span> <span class='ocrx_word' id='word_1_123' title='bbox 269 1159 312 1186; x_wconf 92' lang='lat' dir='ltr'>se</span> <span class='ocrx_word' id='word_1_124' title='bbox 354 1159 442 1186; x_wconf 89' lang='lat' dir='ltr'>esse</span> <span class='ocrx_word' id='word_1_125' title='bbox 483 1144 606 1193; x_wconf 84' lang='lat' dir='ltr'>dixit,</span> <span class='ocrx_word' id='word_1_126' title='bbox 642 1144 868 1200; x_wconf 86' lang='lat' dir='ltr'>omniaque</span> <span class='ocrx_word' id='word_1_127' title='bbox 910 1159 960 1185; x_wconf 92' lang='lat' dir='ltr'>ea</span> <span class='ocrx_word' id='word_1_128' title='bbox 994 1144 1146 1186; x_wconf 89' lang='lat' dir='ltr'>referre</span> <span class='ocrx_word' id='word_1_129' title='bbox 1183 1157 1448 1200; x_wconf 85' lang='lat' dir='ltr'>quaestorem</span> <span class='ocrx_word' id='word_1_130' title='bbox 1489 1147 1534 1188; x_wconf 89' lang='lat' dir='ltr'>in</span> 
     </span>
     <span class='ocr_line' id='line_1_18' title="bbox 133 1201 1536 1259; baseline 0.001 -16"><span class='ocrx_word' id='word_1_131' title='bbox 133 1201 323 1259; x_wconf 89' lang='lat' dir='ltr'>publicas</span> <span class='ocrx_word' id='word_1_132' title='bbox 356 1201 518 1242; x_wconf 91' lang='lat' dir='ltr'>tabulas</span> <span class='ocrx_word' id='word_1_133' title='bbox 550 1201 694 1242; x_wconf 87' lang='lat' dir='ltr'>iussit:</span> <span class='ocrx_word' id='word_1_134' title='bbox 734 1216 787 1242; x_wconf 79' lang='lat' dir='ltr'>ex</span> <span class='ocrx_word' id='word_1_135' title='bbox 820 1201 870 1242; x_wconf 87' lang='lat' dir='ltr'>iis</span> <span class='ocrx_word' id='word_1_136' title='bbox 902 1216 945 1242; x_wconf 91' lang='lat' dir='ltr'>se</span> <span class='ocrx_word' id='word_1_137' title='bbox 978 1201 1077 1242; x_wconf 87' lang='lat' dir='ltr'>viris</span> <span class='ocrx_word' id='word_1_138' title='bbox 1108 1201 1284 1243; x_wconf 90' lang='lat' dir='ltr'>fortibus</span> <span class='ocrx_word' id='word_1_139' title='bbox 1317 1202 1429 1243; x_wconf 91' lang='lat' dir='ltr'>dona</span> <span class='ocrx_word' id='word_1_140' title='bbox 1461 1203 1536 1245; x_wconf 90' lang='lat' dir='ltr'>da-</span> 
     </span>
     <span class='ocr_line' id='line_1_19' title="bbox 136 1257 1535 1314; baseline 0.001 -14"><span class='ocrx_word' id='word_1_141' title='bbox 136 1268 290 1301; x_wconf 90' lang='lat' dir='ltr'>turum.</span> <span class='ocrx_word' id='word_1_142' title='bbox 356 1258 502 1307; x_wconf 84' lang='lat' dir='ltr'>Quum</span> <span class='ocrx_word' id='word_1_143' title='bbox 534 1258 723 1314; x_wconf 91' lang='lat' dir='ltr'>undique</span> <span class='ocrx_word' id='word_1_144' title='bbox 748 1257 1026 1299; x_wconf 87' lang='lat' dir='ltr'>Numantiam</span> <span class='ocrx_word' id='word_1_145' title='bbox 1058 1259 1276 1300; x_wconf 89' lang='lat' dir='ltr'>obsidione</span> <span class='ocrx_word' id='word_1_146' title='bbox 1305 1259 1535 1310; x_wconf 86' lang='lat' dir='ltr'>clausisset,</span> 
     </span>
     <span class='ocr_line' id='line_1_20' title="bbox 135 1315 1535 1372; baseline 0 -14"><span class='ocrx_word' id='word_1_147' title='bbox 135 1325 179 1358; x_wconf 86' lang='lat' dir='ltr'>et</span> <span class='ocrx_word' id='word_1_148' title='bbox 218 1317 405 1358; x_wconf 91' lang='lat' dir='ltr'>obsessos</span> <span class='ocrx_word' id='word_1_149' title='bbox 443 1316 552 1357; x_wconf 88' lang='lat' dir='ltr'>fame</span> <span class='ocrx_word' id='word_1_150' title='bbox 574 1315 737 1357; x_wconf 90' lang='lat' dir='ltr'>videret</span> <span class='ocrx_word' id='word_1_151' title='bbox 773 1315 940 1372; x_wconf 78' lang='lat' dir='ltr'>urgeri3</span> <span class='ocrx_word' id='word_1_152' title='bbox 987 1315 1138 1366; x_wconf 89' lang='lat' dir='ltr'>hostes,</span> <span class='ocrx_word' id='word_1_153' title='bbox 1177 1316 1250 1372; x_wconf 88' lang='lat' dir='ltr'>qui</span> <span class='ocrx_word' id='word_1_154' title='bbox 1289 1316 1535 1372; x_wconf 82' lang='lat' dir='ltr'>pabulatum</span> 
     </span>
     <span class='ocr_line' id='line_1_21' title="bbox 136 1372 1536 1429; baseline 0.001 -14"><span class='ocrx_word' id='word_1_155' title='bbox 136 1373 341 1423; x_wconf 85' lang='lat' dir='ltr'>exierant,</span> <span class='ocrx_word' id='word_1_156' title='bbox 377 1373 513 1415; x_wconf 92' lang='lat' dir='ltr'>vetuit</span> <span class='ocrx_word' id='word_1_157' title='bbox 552 1372 715 1422; x_wconf 81' lang='lat' dir='ltr'>occidi3</span> <span class='ocrx_word' id='word_1_158' title='bbox 761 1373 878 1429; x_wconf 93' lang='lat' dir='ltr'>quod</span> <span class='ocrx_word' id='word_1_159' title='bbox 917 1372 1090 1423; x_wconf 89' lang='lat' dir='ltr'>diceret,</span> <span class='ocrx_word' id='word_1_160' title='bbox 1126 1373 1311 1415; x_wconf 87' lang='lat' dir='ltr'>velocius</span> <span class='ocrx_word' id='word_1_161' title='bbox 1351 1389 1422 1416; x_wconf 91' lang='lat' dir='ltr'>eos</span> <span class='ocrx_word' id='word_1_162' title='bbox 1463 1376 1536 1417; x_wconf 90' lang='lat' dir='ltr'>ab—</span> 
     </span>
     <span class='ocr_line' id='line_1_22' title="bbox 136 1429 1412 1487; baseline 0.001 -15"><span class='ocrx_word' id='word_1_163' title='bbox 136 1441 389 1487; x_wconf 89' lang='lat' dir='ltr'>sumpturos,</span> <span class='ocrx_word' id='word_1_164' title='bbox 409 1430 611 1472; x_wconf 87' lang='lat' dir='ltr'>frumenti</span> <span class='ocrx_word' id='word_1_165' title='bbox 632 1429 748 1487; x_wconf 89' lang='lat' dir='ltr'>quod</span> <span class='ocrx_word' id='word_1_166' title='bbox 769 1430 985 1481; x_wconf 83' lang='lat' dir='ltr'>haberent,</span> <span class='ocrx_word' id='word_1_167' title='bbox 1009 1431 1043 1472; x_wconf 91' lang='lat' dir='ltr'>si</span> <span class='ocrx_word' id='word_1_168' title='bbox 1063 1431 1204 1487; x_wconf 93' lang='lat' dir='ltr'>plures</span> <span class='ocrx_word' id='word_1_169' title='bbox 1223 1431 1412 1473; x_wconf 89' lang='lat' dir='ltr'>fuissent.</span> 
     </span>
    </p>
   </div>
   <div class='ocr_carea' id='block_1_3' title="bbox 142 1662 1538 1833">
    <p class='ocr_par' dir='ltr' id='par_1_3' title="bbox 142 1662 1538 1833">
     <span class='ocr_line' id='line_1_23' title="bbox 751 1662 915 1704; baseline 0 0"><span class='ocrx_word' id='word_1_170' title='bbox 751 1662 915 1704; x_wconf 92' lang='lat' dir='ltr'><strong>LVIII.</strong></span> 
     </span>
     <span class='ocr_line' id='line_1_24' title="bbox 142 1774 1538 1833; baseline 0.001 -15"><span class='ocrx_word' id='word_1_171' title='bbox 142 1775 216 1818; x_wconf 87' lang='lat' dir='ltr'>TI.</span> <span class='ocrx_word' id='word_1_172' title='bbox 236 1774 642 1818; x_wconf 84' lang='lat' dir='ltr'><strong>SEMPRONIUS</strong></span> <span class='ocrx_word' id='word_1_173' title='bbox 662 1775 1013 1818; x_wconf 84' lang='lat' dir='ltr'>GRACCHUS</span> <span class='ocrx_word' id='word_1_174' title='bbox 1035 1777 1227 1818; x_wconf 90' lang='lat' dir='ltr'>tribunus</span> <span class='ocrx_word' id='word_1_175' title='bbox 1243 1776 1390 1833; x_wconf 89' lang='lat' dir='ltr'>plebis,</span> <span class='ocrx_word' id='word_1_176' title='bbox 1405 1792 1538 1833; x_wconf 91' lang='lat' dir='ltr'>quum</span> 
     </span>
    </p>
   </div>
   <div class='ocr_carea' id='block_1_4' title="bbox 139 1833 1543 2978">
    <p class='ocr_par' dir='ltr' id='par_1_4' title="bbox 139 1833 1543 2978">
     <span class='ocr_line' id='line_1_25' title="bbox 140 1833 1539 1898; baseline 0.001 -23"><span class='ocrx_word' id='word_1_177' title='bbox 140 1833 276 1898; x_wconf 80' lang='lat' dir='ltr'>legem</span> <span class='ocrx_word' id='word_1_178' title='bbox 297 1833 500 1890; x_wconf 84' lang='lat' dir='ltr'>agrariam</span> <span class='ocrx_word' id='word_1_179' title='bbox 517 1834 643 1875; x_wconf 86' lang='lat' dir='ltr'>ferret</span> <span class='ocrx_word' id='word_1_180' title='bbox 658 1834 855 1875; x_wconf 89' lang='lat' dir='ltr'>adversus</span> <span class='ocrx_word' id='word_1_181' title='bbox 870 1834 1128 1875; x_wconf 82' lang='lat' dir='ltr'>voluntatem</span> <span class='ocrx_word' id='word_1_182' title='bbox 1146 1844 1314 1875; x_wconf 87' lang='lat' dir='ltr'>senatus</span> <span class='ocrx_word' id='word_1_183' title='bbox 1331 1844 1373 1876; x_wconf 89' lang='lat' dir='ltr'>et</span> <span class='ocrx_word' id='word_1_184' title='bbox 1389 1850 1539 1890; x_wconf 86' lang='lat' dir='ltr'>eques-</span> 
     </span>
     <span class='ocr_line' id='line_1_26' title="bbox 140 1890 1540 1948; baseline 0.001 -17"><span class='ocrx_word' id='word_1_185' title='bbox 140 1900 214 1932; x_wconf 77' lang='lat' dir='ltr'>tris</span> <span class='ocrx_word' id='word_1_186' title='bbox 235 1891 406 1940; x_wconf 85' lang='lat' dir='ltr'>ordinis,</span> <span class='ocrx_word' id='word_1_187' title='bbox 431 1890 499 1931; x_wconf 93' lang='lat' dir='ltr'>Ne</span> <span class='ocrx_word' id='word_1_188' title='bbox 522 1891 616 1946; x_wconf 84' lang='lat' dir='ltr'>quis</span> <span class='ocrx_word' id='word_1_189' title='bbox 637 1906 689 1931; x_wconf 82' lang='lat' dir='ltr'>ex</span> <span class='ocrx_word' id='word_1_190' title='bbox 712 1891 881 1946; x_wconf 89' lang='lat' dir='ltr'>publico</span> <span class='ocrx_word' id='word_1_191' title='bbox 903 1906 1002 1948; x_wconf 84' lang='lat' dir='ltr'>agro</span> <span class='ocrx_word' id='word_1_192' title='bbox 1023 1891 1130 1947; x_wconf 87' lang='lat' dir='ltr'>plus,</span> <span class='ocrx_word' id='word_1_193' title='bbox 1154 1907 1280 1947; x_wconf 90' lang='lat' dir='ltr'>quam</span> <span class='ocrx_word' id='word_1_194' title='bbox 1336 1893 1540 1947; x_wconf 84' lang='lat' dir='ltr'>ningenta</span> 
     </span>
     <span class='ocr_line' id='line_1_27' title="bbox 139 1947 1539 2004; baseline 0.001 -15"><span class='ocrx_word' id='word_1_195' title='bbox 139 1948 153 1989; x_wconf 93' lang='lat' dir='ltr'>i</span> <span class='ocrx_word' id='word_1_196' title='bbox 214 1963 296 1998; x_wconf 89' lang='lat' dir='ltr'>era,</span> <span class='ocrx_word' id='word_1_197' title='bbox 320 1947 564 2004; x_wconf 86' lang='lat' dir='ltr'>possideret,</span> <span class='ocrx_word' id='word_1_198' title='bbox 592 1948 633 1988; x_wconf 88' lang='lat' dir='ltr'>in</span> <span class='ocrx_word' id='word_1_199' title='bbox 666 1963 764 1988; x_wconf 88' lang='lat' dir='ltr'>eum</span> <span class='ocrx_word' id='word_1_200' title='bbox 795 1948 977 1990; x_wconf 88' lang='lat' dir='ltr'>furorem</span> <span class='ocrx_word' id='word_1_201' title='bbox 1009 1949 1175 1998; x_wconf 83' lang='lat' dir='ltr'>exarsit,</span> <span class='ocrx_word' id='word_1_202' title='bbox 1198 1959 1245 1990; x_wconf 89' lang='lat' dir='ltr'>ut</span> <span class='ocrx_word' id='word_1_203' title='bbox 1278 1948 1307 1989; x_wconf 56' lang='lat' dir='ltr'><strong>h</strong></span> <span class='ocrx_word' id='word_1_204' title='bbox 1331 1981 1339 1990; x_wconf 93' lang='lat'><strong>.</strong></span> <span class='ocrx_word' id='word_1_205' title='bbox 1362 1949 1539 1990; x_wconf 87' lang='lat' dir='ltr'>Octavio</span> 
     </span>
     <span class='ocr_line' id='line_1_28' title="bbox 139 1963 1538 2062; baseline 0 -15"><span class='ocrx_word' id='word_1_206' title='bbox 139 1963 338 2062; x_wconf 55' lang='lat' dir='ltr'>cffiegae,</span> <span class='ocrx_word' id='word_1_207' title='bbox 355 2020 523 2046; x_wconf 86' lang='lat' dir='ltr'>causam</span> <span class='ocrx_word' id='word_1_208' title='bbox 545 2004 732 2046; x_wconf 84' lang='lat' dir='ltr'>diversae</span> <span class='ocrx_word' id='word_1_209' title='bbox 755 2006 883 2061; x_wconf 86' lang='lat' dir='ltr'>partis</span> <span class='ocrx_word' id='word_1_210' title='bbox 898 2005 1157 2055; x_wconf 84' lang='lat' dir='ltr'>defendenti,</span> <span class='ocrx_word' id='word_1_211' title='bbox 1175 2015 1425 2062; x_wconf 87' lang='lat' dir='ltr'>potestatem</span> <span class='ocrx_word' id='word_1_212' title='bbox 1448 2006 1538 2062; x_wconf 89' lang='lat' dir='ltr'>lege</span> 
     </span>
     <span class='ocr_line' id='line_1_29' title="bbox 139 2061 1536 2119; baseline 0.001 -16"><span class='ocrx_word' id='word_1_213' title='bbox 139 2062 224 2104; x_wconf 85' lang='lat' dir='ltr'>lata</span> <span class='ocrx_word' id='word_1_214' title='bbox 258 2063 490 2118; x_wconf 85' lang='lat' dir='ltr'>abrogaret,</span> <span class='ocrx_word' id='word_1_215' title='bbox 526 2077 670 2118; x_wconf 90' lang='lat' dir='ltr'>seque,</span> <span class='ocrx_word' id='word_1_216' title='bbox 707 2070 751 2103; x_wconf 87' lang='lat' dir='ltr'>et</span> <span class='ocrx_word' id='word_1_217' title='bbox 789 2061 839 2103; x_wconf 90' lang='lat' dir='ltr'>C.</span> <span class='ocrx_word' id='word_1_218' title='bbox 876 2062 1118 2104; x_wconf 89' lang='lat' dir='ltr'>Gracchum</span> <span class='ocrx_word' id='word_1_219' title='bbox 1155 2063 1340 2113; x_wconf 85' lang='lat' dir='ltr'>fratrem,</span> <span class='ocrx_word' id='word_1_220' title='bbox 1377 2072 1419 2104; x_wconf 90' lang='lat' dir='ltr'>et</span> <span class='ocrx_word' id='word_1_221' title='bbox 1456 2063 1536 2119; x_wconf 87' lang='lat' dir='ltr'>Ap.</span> 
     </span>
     <span class='ocr_line' id='line_1_30' title="bbox 143 2119 1539 2177; baseline -0.001 -15"><span class='ocrx_word' id='word_1_222' title='bbox 143 2119 374 2162; x_wconf 87' lang='lat' dir='ltr'>Claudium</span> <span class='ocrx_word' id='word_1_223' title='bbox 423 2134 628 2169; x_wconf 90' lang='lat' dir='ltr'>socerum,</span> <span class='ocrx_word' id='word_1_224' title='bbox 674 2119 912 2161; x_wconf 86' lang='lat' dir='ltr'>triumviros</span> <span class='ocrx_word' id='word_1_225' title='bbox 961 2120 1015 2161; x_wconf 93' lang='lat' dir='ltr'>ad</span> <span class='ocrx_word' id='word_1_226' title='bbox 1065 2120 1343 2162; x_wconf 89' lang='lat' dir='ltr'>dividendum</span> <span class='ocrx_word' id='word_1_227' title='bbox 1393 2135 1539 2177; x_wconf 85' lang='lat' dir='ltr'>agrum</span> 
     </span>
     <span class='ocr_line' id='line_1_31' title="bbox 140 2176 1538 2234; baseline -0.001 -15"><span class='ocrx_word' id='word_1_228' title='bbox 140 2186 311 2219; x_wconf 84' lang='lat' dir='ltr'>crearet.</span> <span class='ocrx_word' id='word_1_229' title='bbox 374 2176 664 2232; x_wconf 76' lang='lat' dir='ltr'>promulgavit</span> <span class='ocrx_word' id='word_1_230' title='bbox 696 2187 739 2218; x_wconf 90' lang='lat' dir='ltr'>et</span> <span class='ocrx_word' id='word_1_231' title='bbox 770 2177 894 2218; x_wconf 87' lang='lat' dir='ltr'>aliam</span> <span class='ocrx_word' id='word_1_232' title='bbox 928 2176 1064 2234; x_wconf 86' lang='lat' dir='ltr'>legem</span> <span class='ocrx_word' id='word_1_233' title='bbox 1099 2178 1314 2234; x_wconf 85' lang='lat' dir='ltr'>agrariam,</span> <span class='ocrx_word' id='word_1_234' title='bbox 1345 2193 1429 2234; x_wconf 88' lang='lat' dir='ltr'>qua</span> <span class='ocrx_word' id='word_1_235' title='bbox 1461 2178 1538 2219; x_wconf 93' lang='lat' dir='ltr'>sibi</span> 
     </span>
     <span class='ocr_line' id='line_1_32' title="bbox 140 2233 1538 2291; baseline 0 -15"><span class='ocrx_word' id='word_1_236' title='bbox 140 2233 265 2276; x_wconf 82' lang='lat' dir='ltr'>latius</span> <span class='ocrx_word' id='word_1_237' title='bbox 299 2249 445 2291; x_wconf 86' lang='lat' dir='ltr'>agrum</span> <span class='ocrx_word' id='word_1_238' title='bbox 479 2234 746 2290; x_wconf 88' lang='lat' dir='ltr'>patefaceret,</span> <span class='ocrx_word' id='word_1_239' title='bbox 786 2234 846 2275; x_wconf 94' lang='lat' dir='ltr'>Ut</span> <span class='ocrx_word' id='word_1_240' title='bbox 882 2234 1010 2276; x_wconf 89' lang='lat' dir='ltr'>iidem</span> <span class='ocrx_word' id='word_1_241' title='bbox 1049 2235 1253 2276; x_wconf 89' lang='lat' dir='ltr'>triumviri</span> <span class='ocrx_word' id='word_1_242' title='bbox 1291 2235 1538 2285; x_wconf 89' lang='lat' dir='ltr'>iudicarent,</span> 
     </span>
     <span class='ocr_line' id='line_1_33' title="bbox 142 2291 1540 2349; baseline 0.001 -17"><span class='ocrx_word' id='word_1_243' title='bbox 142 2306 227 2348; x_wconf 85' lang='lat' dir='ltr'>qua</span> <span class='ocrx_word' id='word_1_244' title='bbox 264 2291 458 2348; x_wconf 88' lang='lat' dir='ltr'>publicus</span> <span class='ocrx_word' id='word_1_245' title='bbox 497 2306 608 2347; x_wconf 87' lang='lat' dir='ltr'>ager,</span> <span class='ocrx_word' id='word_1_246' title='bbox 650 2307 735 2347; x_wconf 87' lang='lat' dir='ltr'>qua</span> <span class='ocrx_word' id='word_1_247' title='bbox 774 2292 960 2348; x_wconf 89' lang='lat' dir='ltr'>privatus</span> <span class='ocrx_word' id='word_1_248' title='bbox 1000 2302 1120 2333; x_wconf 88' lang='lat' dir='ltr'>esset.</span> <span class='ocrx_word' id='word_1_249' title='bbox 1184 2292 1369 2342; x_wconf 90' lang='lat' dir='ltr'>Deinde,</span> <span class='ocrx_word' id='word_1_250' title='bbox 1407 2307 1540 2349; x_wconf 90' lang='lat' dir='ltr'>quum</span> 
     </span>
     <span class='ocr_line' id='line_1_34' title="bbox 141 2349 1542 2406; baseline 0.001 -16"><span class='ocrx_word' id='word_1_251' title='bbox 141 2349 281 2390; x_wconf 84' lang='lat' dir='ltr'>minus</span> <span class='ocrx_word' id='word_1_252' title='bbox 316 2349 403 2405; x_wconf 74' lang='lat' dir='ltr'>agri</span> <span class='ocrx_word' id='word_1_253' title='bbox 439 2359 560 2398; x_wconf 87' lang='lat' dir='ltr'>esset,</span> <span class='ocrx_word' id='word_1_254' title='bbox 597 2364 724 2405; x_wconf 83' lang='lat' dir='ltr'>quam</span> <span class='ocrx_word' id='word_1_255' title='bbox 761 2349 877 2405; x_wconf 90' lang='lat' dir='ltr'>quod</span> <span class='ocrx_word' id='word_1_256' title='bbox 913 2349 1046 2390; x_wconf 87' lang='lat' dir='ltr'>dividi</span> <span class='ocrx_word' id='word_1_257' title='bbox 1083 2359 1221 2406; x_wconf 87' lang='lat' dir='ltr'>posset</span> <span class='ocrx_word' id='word_1_258' title='bbox 1257 2350 1346 2391; x_wconf 92' lang='lat' dir='ltr'>sine</span> <span class='ocrx_word' id='word_1_259' title='bbox 1383 2350 1542 2391; x_wconf 84' lang='lat' dir='ltr'>offensa</span> 
     </span>
     <span class='ocr_line' id='line_1_35' title="bbox 141 2406 1540 2463; baseline 0.001 -16"><span class='ocrx_word' id='word_1_260' title='bbox 141 2407 268 2448; x_wconf 89' lang='lat' dir='ltr'>etiam</span> <span class='ocrx_word' id='word_1_261' title='bbox 291 2406 436 2463; x_wconf 88' lang='lat' dir='ltr'>plebis,</span> <span class='ocrx_word' id='word_1_262' title='bbox 459 2406 660 2462; x_wconf 90' lang='lat' dir='ltr'>quoniam</span> <span class='ocrx_word' id='word_1_263' title='bbox 683 2422 754 2448; x_wconf 91' lang='lat' dir='ltr'>eos</span> <span class='ocrx_word' id='word_1_264' title='bbox 774 2406 828 2447; x_wconf 90' lang='lat' dir='ltr'>ad</span> <span class='ocrx_word' id='word_1_265' title='bbox 848 2407 1124 2463; x_wconf 87' lang='lat' dir='ltr'>cupiditatem</span> <span class='ocrx_word' id='word_1_266' title='bbox 1154 2407 1341 2463; x_wconf 88' lang='lat' dir='ltr'>amplum</span> <span class='ocrx_word' id='word_1_267' title='bbox 1367 2407 1540 2448; x_wconf 91' lang='lat' dir='ltr'>modum</span> 
     </span>
     <span class='ocr_line' id='line_1_36' title="bbox 141 2463 1542 2529; baseline 0 -24"><span class='ocrx_word' id='word_1_268' title='bbox 141 2464 336 2529; x_wconf 80' lang='lat' dir='ltr'>sperandi</span> <span class='ocrx_word' id='word_1_269' title='bbox 359 2464 617 2513; x_wconf 87' lang='lat' dir='ltr'>incitaverat,</span> <span class='ocrx_word' id='word_1_270' title='bbox 641 2463 778 2519; x_wconf 83' lang='lat' dir='ltr'>legem</span> <span class='ocrx_word' id='word_1_271' title='bbox 800 2479 842 2505; x_wconf 88' lang='lat' dir='ltr'>se</span> <span class='ocrx_word' id='word_1_272' title='bbox 869 2464 1233 2521; x_wconf 80' lang='lat' dir='ltr'>promulgaturum</span> <span class='ocrx_word' id='word_1_273' title='bbox 1257 2464 1454 2514; x_wconf 88' lang='lat' dir='ltr'>ostendit,</span> <span class='ocrx_word' id='word_1_274' title='bbox 1480 2464 1542 2505; x_wconf 91' lang='lat' dir='ltr'>Ut</span> 
     </span>
     <span class='ocr_line' id='line_1_37' title="bbox 142 2520 1539 2578; baseline 0 -16"><span class='ocrx_word' id='word_1_275' title='bbox 142 2521 206 2571; x_wconf 77' lang='lat' dir='ltr'>ils,</span> <span class='ocrx_word' id='word_1_276' title='bbox 228 2522 301 2578; x_wconf 91' lang='lat' dir='ltr'>qui</span> <span class='ocrx_word' id='word_1_277' title='bbox 327 2520 576 2578; x_wconf 89' lang='lat' dir='ltr'>Sempronia</span> <span class='ocrx_word' id='word_1_278' title='bbox 600 2521 691 2576; x_wconf 82' lang='lat' dir='ltr'>lege</span> <span class='ocrx_word' id='word_1_279' title='bbox 720 2539 726 2547; x_wconf 93' lang='lat'><strong>·</strong></span> <span class='ocrx_word' id='word_1_280' title='bbox 749 2538 752 2540; x_wconf 60' lang='grc'><strong><em>’</em></strong></span> <span class='ocrx_word' id='word_1_281' title='bbox 773 2536 863 2562; x_wconf 88' lang='lat' dir='ltr'>rum</span> <span class='ocrx_word' id='word_1_282' title='bbox 894 2522 1083 2578; x_wconf 84' lang='lat' dir='ltr'>accipere</span> <span class='ocrx_word' id='word_1_283' title='bbox 1106 2522 1322 2571; x_wconf 88' lang='lat' dir='ltr'>deberent,</span> <span class='ocrx_word' id='word_1_284' title='bbox 1346 2522 1539 2578; x_wconf 86' lang='lat' dir='ltr'>pecunia,</span> 
     </span>
     <span class='ocr_line' id='line_1_38' title="bbox 143 2579 1542 2635; baseline 0.001 -16"><span class='ocrx_word' id='word_1_285' title='bbox 143 2593 252 2635; x_wconf 87' lang='lat' dir='ltr'>quae</span> <span class='ocrx_word' id='word_1_286' title='bbox 274 2594 317 2620; x_wconf 90' lang='lat' dir='ltr'>re</span> <span class='ocrx_word' id='word_1_287' title='bbox 350 2579 382 2620; x_wconf 91' lang='lat' dir='ltr'>is</span> <span class='ocrx_word' id='word_1_288' title='bbox 406 2579 539 2620; x_wconf 86' lang='lat' dir='ltr'>Attali</span> <span class='ocrx_word' id='word_1_289' title='bbox 562 2579 718 2628; x_wconf 87' lang='lat' dir='ltr'>fuisset,</span> <span class='ocrx_word' id='word_1_290' title='bbox 772 2579 1011 2620; x_wconf 84' lang='lat' dir='ltr'>ivideretur.</span> <span class='ocrx_word' id='word_1_291' title='bbox 1066 2579 1281 2621; x_wconf 85' lang='lat' dir='ltr'>Heredem</span> <span class='ocrx_word' id='word_1_292' title='bbox 1304 2589 1445 2620; x_wconf 89' lang='lat' dir='ltr'>autem</span> <span class='ocrx_word' id='word_1_293' title='bbox 1468 2595 1542 2635; x_wconf 88' lang='lat' dir='ltr'>po-</span> 
     </span>
     <span class='ocr_line' id='line_1_39' title="bbox 143 2635 1542 2701; baseline 0 -24"><span class='ocrx_word' id='word_1_294' title='bbox 143 2635 291 2692; x_wconf 88' lang='lat' dir='ltr'>pulum</span> <span class='ocrx_word' id='word_1_295' title='bbox 352 2652 552 2678; x_wconf 78' lang='lat' dir='ltr'>umanum</span> <span class='ocrx_word' id='word_1_296' title='bbox 570 2636 794 2701; x_wconf 84' lang='lat' dir='ltr'>reliquerat</span> <span class='ocrx_word' id='word_1_297' title='bbox 814 2636 996 2687; x_wconf 79' lang='lat' dir='ltr'>Attalus,</span> <span class='ocrx_word' id='word_1_298' title='bbox 1017 2652 1090 2678; x_wconf 85' lang='lat' dir='ltr'>rex</span> <span class='ocrx_word' id='word_1_299' title='bbox 1108 2637 1316 2694; x_wconf 82' lang='lat' dir='ltr'>Pergami,</span> <span class='ocrx_word' id='word_1_300' title='bbox 1338 2636 1542 2678; x_wconf 83' lang='lat' dir='ltr'>Eumenis</span> 
     </span>
     <span class='ocr_line' id='line_1_40' title="bbox 145 2691 1541 2751; baseline 0 -17"><span class='ocrx_word' id='word_1_301' title='bbox 145 2691 266 2734; x_wconf 79' lang='lat' dir='ltr'>filius.</span> <span class='ocrx_word' id='word_1_302' title='bbox 329 2693 414 2735; x_wconf 91' lang='lat' dir='ltr'>Tot</span> <span class='ocrx_word' id='word_1_303' title='bbox 439 2694 761 2751; x_wconf 83' lang='lat' dir='ltr'>indignitatlbus</span> <span class='ocrx_word' id='word_1_304' title='bbox 781 2703 1017 2736; x_wconf 88' lang='lat' dir='ltr'>commotus</span> <span class='ocrx_word' id='word_1_305' title='bbox 1037 2695 1218 2751; x_wconf 83' lang='lat' dir='ltr'>graviter</span> <span class='ocrx_word' id='word_1_306' title='bbox 1239 2703 1420 2743; x_wconf 86' lang='lat' dir='ltr'>senatus,</span> <span class='ocrx_word' id='word_1_307' title='bbox 1443 2702 1541 2734; x_wconf 91' lang='lat' dir='ltr'>ante</span> 
     </span>
     <span class='ocr_line' id='line_1_41' title="bbox 146 2750 1543 2808; baseline 0.001 -17"><span class='ocrx_word' id='word_1_308' title='bbox 146 2764 292 2792; x_wconf 89' lang='lat' dir='ltr'>omnes</span> <span class='ocrx_word' id='word_1_309' title='bbox 312 2750 364 2791; x_wconf 95' lang='lat' dir='ltr'>T.</span> <span class='ocrx_word' id='word_1_310' title='bbox 383 2752 551 2793; x_wconf 90' lang='lat' dir='ltr'>Annius</span> <span class='ocrx_word' id='word_1_311' title='bbox 571 2751 812 2800; x_wconf 84' lang='lat' dir='ltr'>consularis,</span> <span class='ocrx_word' id='word_1_312' title='bbox 835 2752 922 2807; x_wconf 92' lang='lat' dir='ltr'>qui,</span> <span class='ocrx_word' id='word_1_313' title='bbox 945 2767 1078 2808; x_wconf 89' lang='lat' dir='ltr'>quum</span> <span class='ocrx_word' id='word_1_314' title='bbox 1108 2753 1149 2793; x_wconf 90' lang='lat' dir='ltr'>in</span> <span class='ocrx_word' id='word_1_315' title='bbox 1177 2761 1323 2793; x_wconf 84' lang='lat' dir='ltr'>senatu</span> <span class='ocrx_word' id='word_1_316' title='bbox 1347 2752 1389 2792; x_wconf 91' lang='lat' dir='ltr'>in</span> <span class='ocrx_word' id='word_1_317' title='bbox 1410 2750 1543 2792; x_wconf 84' lang='lat' dir='ltr'>Grac-</span> 
     </span>
     <span class='ocr_line' id='line_1_42' title="bbox 147 2805 1541 2866; baseline 0.001 -19"><span class='ocrx_word' id='word_1_318' title='bbox 147 2805 272 2848; x_wconf 87' lang='lat' dir='ltr'>chum</span> <span class='ocrx_word' id='word_1_319' title='bbox 313 2818 558 2864; x_wconf 86' lang='lat' dir='ltr'>perorasset,</span> <span class='ocrx_word' id='word_1_320' title='bbox 595 2818 737 2865; x_wconf 84' lang='lat' dir='ltr'>raptus</span> <span class='ocrx_word' id='word_1_321' title='bbox 770 2809 821 2850; x_wconf 90' lang='lat' dir='ltr'>ab</span> <span class='ocrx_word' id='word_1_322' title='bbox 857 2824 908 2850; x_wconf 87' lang='lat' dir='ltr'>eo</span> <span class='ocrx_word' id='word_1_323' title='bbox 948 2809 1002 2850; x_wconf 85' lang='lat' dir='ltr'>ad</span> <span class='ocrx_word' id='word_1_324' title='bbox 1037 2809 1256 2866; x_wconf 87' lang='lat' dir='ltr'>populum,</span> <span class='ocrx_word' id='word_1_325' title='bbox 1293 2809 1541 2863; x_wconf 84' lang='lat' dir='ltr'>delatusque</span> 
     </span>
     <span class='ocr_line' id='line_1_43' title="bbox 148 2862 1540 2926; baseline 0.001 -23"><span class='ocrx_word' id='word_1_326' title='bbox 148 2862 274 2926; x_wconf 82' lang='lat' dir='ltr'>plebi,</span> <span class='ocrx_word' id='word_1_327' title='bbox 300 2879 440 2906; x_wconf 87' lang='lat' dir='ltr'>rursus</span> <span class='ocrx_word' id='word_1_328' title='bbox 466 2866 510 2906; x_wconf 91' lang='lat' dir='ltr'>in</span> <span class='ocrx_word' id='word_1_329' title='bbox 538 2881 636 2907; x_wconf 89' lang='lat' dir='ltr'>eum</span> <span class='ocrx_word' id='word_1_330' title='bbox 670 2881 745 2922; x_wconf 89' lang='lat' dir='ltr'>pro</span> <span class='ocrx_word' id='word_1_331' title='bbox 778 2866 919 2907; x_wconf 84' lang='lat' dir='ltr'>rostris</span> <span class='ocrx_word' id='word_1_332' title='bbox 950 2867 1223 2908; x_wconf 80' lang='lat' dir='ltr'>concionatus</span> <span class='ocrx_word' id='word_1_333' title='bbox 1255 2876 1328 2908; x_wconf 86' lang='lat' dir='ltr'>est.</span> <span class='ocrx_word' id='word_1_334' title='bbox 1396 2866 1540 2914; x_wconf 84' lang='lat' dir='ltr'>Quum</span> 
     </span>
     <span class='ocr_line' id='line_1_44' title="bbox 150 2921 1539 2978; baseline 0.001 -19"><span class='ocrx_word' id='word_1_335' title='bbox 150 2928 300 2961; x_wconf 78' lang='lat' dir='ltr'>lterum</span> <span class='ocrx_word' id='word_1_336' title='bbox 333 2922 523 2963; x_wconf 85' lang='lat' dir='ltr'>tribunus</span> <span class='ocrx_word' id='word_1_337' title='bbox 556 2922 690 2978; x_wconf 86' lang='lat' dir='ltr'>plebis</span> <span class='ocrx_word' id='word_1_338' title='bbox 719 2924 850 2965; x_wconf 87' lang='lat' dir='ltr'>creari</span> <span class='ocrx_word' id='word_1_339' title='bbox 879 2923 1003 2965; x_wconf 89' lang='lat' dir='ltr'>vellet</span> <span class='ocrx_word' id='word_1_340' title='bbox 1034 2924 1267 2973; x_wconf 82' lang='lat' dir='ltr'>Gracchus,</span> <span class='ocrx_word' id='word_1_341' title='bbox 1295 2932 1462 2965; x_wconf 85' lang='lat' dir='ltr'>auctore</span> <span class='ocrx_word' id='word_1_342' title='bbox 1493 2921 1539 2961; x_wconf 91' lang='lat' dir='ltr'>P.</span> 
     </span>
    </p>
   </div>
  </div>
 </body>
</html>
