1888 3194
535 207 660 249 LIB.
695 207 838 249 XLII.
885 207 1032 249 CAP.
1065 212 1133 250 46.
1461 215 1511 255 77

126 313 258 356 quum
272 299 315 339 in
327 311 490 339 summo
504 297 746 354 magistratu
760 306 879 347 esset,
890 297 1117 355 (Prytanin
1131 299 1210 356 ipsi
1223 301 1395 357 vocant)
1409 303 1516 344 mul·
1531 315 1574 346 U.
1591 314 1629 346 C.
1653 314 1725 354 58¹.

127 357 179 398 tis
205 355 460 398 orationibus
483 355 714 411 pervicerat
741 355 947 403 Rhodios,
969 366 1028 406 ut,
1052 357 1214 406 omissa,
1237 373 1362 414 quam
1392 374 1514 416 saepe
1529 358 1569 388 A.
1592 358 1630 389 C.
1656 366 1725 397 ¹71·

126 428 274 456 vanam
290 413 453 469 experti
470 421 619 463 essent,
638 428 784 469 regum
800 413 1078 455 fovendorum
1096 429 1182 471 spe,
1199 414 1433 457 Romanam
1451 432 1517 458 so-

126 471 319 512 cietatem
340 473 488 528 (unam
510 478 600 512 tum
621 470 665 511 in
692 471 811 512 terris
830 471 896 512 vel
921 471 1090 521 viribus,
1112 471 1178 513 vel
1199 473 1283 514 fide
1306 473 1517 530 stabilem)

125 528 365 570 retinerent.
430 534 441 552 ‘
458 527 623 569 Bellum
642 528 860 570 imminere
882 544 978 570 cum
1000 529 1176 571 Perseo:
1211 530 1518 574 desideraturos

127 585 368 627 ‘Romanos
395 585 578 627 eundem
606 585 796 627 navalem
825 595 1083 643 apparatum,
1107 603 1233 643 quem
1260 604 1396 645 nuper
1425 589 1518 631 An-

127 648 140 668 ‘
152 643 295 693 tiochi,
317 659 444 700 quem
474 643 662 700 Philippi
683 653 779 685 ante
807 644 918 686 bello
937 644 1151 686 vidissent.
1214 645 1518 703 Trepidaturos

127 706 243 743 ‘tum
275 710 447 758 repente
478 701 663 758 paranda
692 701 832 752 classe,
863 718 996 758 quum
1026 703 1235 745 mittenda
1262 713 1394 754 esset;
1436 705 1517 746 nisi

127 759 325 801 ‘reficere
356 774 495 809 naves,
526 759 606 800 nisi
637 759 840 801 instruere
871 760 1086 802 navalibus
1116 761 1238 803 sociis
1268 762 1514 819 coepissent.

128 815 204 858 ‘Id
232 832 282 858 eo
309 817 440 873 magis
467 817 590 858 enixe
616 817 858 858 faciundum
887 833 989 867 esse,
1020 827 1067 859 ut
1094 819 1270 861 crimina
1299 820 1438 861 delata
1465 821 1516 862 ab

128 880 140 898 ‘
154 874 346 916 Eumene
367 875 452 916 fide
468 890 607 916 rerum
623 874 887 916 refellerent.’
947 875 1037 917 His·
1048 876 1222 927 incitati,
1241 878 1518 935 quadraginta

127 932 295 973 navium
312 932 483 974 classem
506 933 748 974 instructam
766 943 1038 989 ornatamque
1056 933 1202 991 legatis
1225 935 1428 977 Romanis
1443 936 1518 977 ad-

127 990 404 1039 venientibus,
426 999 472 1031 ut
501 1006 585 1031 non
607 1000 890 1046 exspectatam
918 991 1254 1034 adhortationem
1279 1008 1366 1035 esse
1389 1009 1517 1051 appa-

126 1057 248 1097 reret,
290 1048 574 1089 ostenderunt.
653 1047 710 1088 Et
748 1048 851 1090 haec
891 1048 1044 1105 legatio
1084 1065 1283 1106 magnum
1324 1051 1377 1092 ad
1417 1067 1518 1093 con-

126 1104 327 1146 ciliandos
363 1106 522 1146 animos
556 1105 788 1146 civitatium
825 1106 952 1147 Asiae
984 1117 1245 1148 momentum
1275 1108 1365 1149 fuit.
1428 1108 1518 1150 De-

126 1162 273 1204 cimius
300 1178 409 1204 unus
438 1163 527 1204 siue
550 1163 634 1204 ullo
663 1163 828 1213 effectu,
852 1172 1066 1220 captarum
1088 1165 1213 1206 etiam
1241 1166 1517 1221 pecuniarum

126 1221 178 1262 ab
198 1221 365 1277 regibus
387 1220 623 1277 Illyriorum
644 1221 879 1277 suspicione
901 1221 1078 1272 infamis,
1102 1223 1286 1264 Romam
1308 1223 1444 1265 rediit.

183 1277 373 1329 Perseus,
392 1294 522 1335 quum
544 1280 597 1320 ab
614 1278 823 1335 colloquio
845 1279 1134 1321 Romanorum
1151 1280 1196 1321 in
1218 1280 1514 1323 Macedoniam
1592 1287 1659 1326 46.

125 1351 219 1378 rece
251 1336 348 1378 isset
375 1351 476 1387 sese,
505 1335 663 1393 legatos
693 1336 873 1378 Romam
904 1337 956 1378 de
989 1337 1194 1379 inchoatis
1224 1353 1320 1380 cum
1352 1338 1516 1381 Marcio
1529 1341 1663 1373 Perseus
1675 1343 1718 1373 le-

96 1413 113 1434 ε
127 1409 206 1436 con
239 1394 436 1436 itionibus
457 1395 570 1451 pacis
591 1394 725 1436 misit:
760 1404 803 1436 et
825 1395 1077 1452 Byzantium
1095 1405 1137 1437 et
1160 1396 1361 1438 Rhodum
1378 1397 1516 1440 literas
1528 1386 1720 1459 {ffissulssvgt

127 1451 272 1509 legatis
287 1452 480 1494 ferendas
500 1452 628 1494 dedit.
691 1451 742 1494 In
759 1452 889 1495 literis
910 1453 1057 1495 eadem
1078 1454 1288 1496 sententia
1302 1454 1356 1496 ad
1372 1470 1518 1497 omnes
1532 1471 1686 1502 Rhodum

127 1519 237 1551 erat:
291 1509 568 1552 ‘collocutum
608 1525 650 1552 se
692 1526 788 1552 cum
831 1511 1119 1553 Romanorum
1161 1512 1333 1569 legatis?
1395 1512 1516 1562 Quae
1530 1514 1640 1545 mittit.

128 1567 323 1617 audisset,
345 1583 537 1624 quaeque
566 1567 752 1618 dixisset,
782 1569 840 1610 ita
867 1569 1080 1626 disposita,
1110 1579 1157 1611 ut
1180 1571 1369 1627 superior
1392 1570 1517 1613 fuisse

130 1625 173 1666 in
194 1624 494 1682 disceptatione
515 1625 647 1667 videri
670 1636 818 1682 posset.
883 1626 1014 1683 Apud
1042 1627 1232 1670 Rhodios
1252 1628 1377 1685 legati
1399 1629 1519 1670 addi-

129 1682 295 1733 derunt,
319 1689 330 1707 ‘
347 1683 573 1724 Confidere
595 1698 740 1739 pacem
762 1684 944 1725 futuram
962 1701 971 1725 z
1005 1686 1243 1727 auctoribus
1264 1687 1376 1727 enim
1402 1686 1519 1728 Mar-

131 1741 223 1782 ‘cio
256 1750 382 1797 atque
421 1740 553 1782 Atilio
588 1741 733 1782 missos
770 1741 949 1783 Romam
987 1742 1155 1799 legatos.
1221 1742 1264 1784 Si
1296 1753 1519 1800 pergerent

131 1797 339 1840 ‘Romani
368 1808 513 1840 contra
540 1798 685 1839 foedus
714 1813 879 1841 movere
909 1799 1077 1850 bellum,
1108 1810 1197 1841 turn
1227 1801 1340 1842 omni
1371 1802 1516 1857 gratia,

130 1856 270 1898 ‘omni
291 1872 369 1912 ope
391 1856 638 1897 enitendum
660 1857 745 1897 fore
778 1857 969 1907 Rhodiis,
993 1868 1039 1899 ut
1064 1858 1336 1900 reconcilient
1357 1874 1514 1915 pacem.

129 1919 141 1937 ‘
160 1913 204 1955 Si
234 1913 341 1954 nihil
366 1913 631 1970 deprecando
656 1915 887 1970 proficiant,
918 1915 961 1955 id
992 1915 1216 1971 agendum,
1246 1931 1299 1957 ne
1328 1917 1517 1958 omnium

128 1977 140 1995 ‘
156 1986 294 2012 rerum
313 1971 376 2012 ius
391 1986 439 2012 ac
456 1980 638 2027 potestas
651 1971 704 2012 ad
722 1987 851 2012 unum
869 1972 1071 2028 populum
1089 1974 1314 2029 perveniat.
1371 1974 1517 2023 Quum

95 2035 386 2071 3‘ceterorum
421 2028 465 2069 id
498 2029 711 2078 interesse,
745 2039 833 2070 tum
870 2031 1094 2086 praecipue
1133 2030 1410 2081 Rhodiorum,
1443 2033 1517 2089 qui

128 2092 140 2111 ‘
155 2086 248 2144 plus
269 2087 378 2128 inter
398 2086 497 2128 alias
525 2087 712 2128 civitates
732 2087 936 2142 dignitate
959 2097 1085 2144 atquc
1114 2105 1138 2129 o
1171 2088 1262 2129 ibus
1283 2089 1514 2131 excellant:

129 2151 140 2169 ‘
183 2160 260 2186 uae
281 2160 398 2186 serva
425 2156 550 2200 atque
573 2145 756 2186 obnoxia
776 2142 876 2195 fore,
899 2146 931 2186 si
958 2146 1097 2187 nullus
1118 2104 1199 2187 aiio
1227 2147 1292 2196 sit,
1316 2163 1441 2204 quam
1464 2148 1518 2189 ad

128 2209 139 2228 ‘
152 2160 380 2252 (Romanos,
398 2203 635 2259 respectus.’
696 2202 835 2259 Magis
855 2213 897 2245 et
919 2203 1060 2246 literae
1079 2214 1120 2245 ct
1142 2205 1268 2246 verba
1285 2204 1518 2262 legatorum

127 2261 307 2317 benigne
325 2270 422 2302 sunt
443 2260 598 2311 audita,
617 2276 743 2317 quam
767 2271 1027 2303 momentum
1045 2262 1097 2303 ad
1118 2262 1343 2304 mutandos
1359 2264 1519 2305 animos

127 2318 380 2360 habuerunt:
415 2318 626 2375 potentior
639 2334 725 2360 esse
741 2320 867 2375 partis
882 2319 1062 2361 melioris
1075 2321 1297 2362 auctoritas
1310 2332 1515 2378 coeperat.

129 2376 394 2433 Responsum
426 2391 478 2417 ex
510 2375 679 2418 decreto
708 2387 792 2418 cst:
838 2383 848 2400 ‘
868 2378 1026 2434 Optare
1056 2393 1201 2434 pacem
1234 2378 1448 2421 Rhodios:
1484 2380 1518 2420 si

129 2440 139 2458 ‘
154 2434 309 2476 bellum
331 2444 451 2484 essct,
475 2450 527 2475 nc
549 2434 651 2490 quid
674 2435 725 2476 ab
750 2434 929 2476 Rhodiis
949 2446 1132 2492 speraret
1153 2446 1224 2477 aut
1245 2445 1409 2493 peteret
1430 2453 1517 2487 rex,

129 2492 269 2548 ‘quod
298 2501 481 2534 veterem
513 2492 750 2542 amicitiam,
782 2493 922 2534 multis
950 2494 1196 2550 magnisque
1227 2495 1385 2536 meritis
1417 2510 1517 2551 pace

96 2567 115 2594 4
129 2556 140 2575 ‘
154 2549 347 2606 belloque
365 2559 538 2607 partam,
554 2549 813 2606 disiungeret
828 2551 904 2592 sibi
923 2551 974 2592 ab
994 2551 1223 2593 Romanis.’
1273 2553 1344 2594 Ab
1364 2552 1519 2595 Rhodo

128 2608 365 2658 redeuntes,
392 2607 588 2649 Boeotiae
617 2624 786 2665 quoquc
816 2609 1017 2658 civitates,
1040 2619 1082 2650 ct
1111 2609 1293 2661 Thebas,
1316 2620 1358 2652 ct
1385 2610 1520 2653 Coro-

172 2731 188 2752 2
213 2723 257 2753 Et
274 2723 470 2761 Byzantium
485 2727 516 2752 et
532 2722 694 2759 mnodum]
735 2721 799 2752 llic
888 2730 905 2759 3
930 2723 993 2758 Qui
1018 2723 1110 2761 plus]
1148 2724 1217 2760 Quo
1244 2724 1320 2763 plm-
1349 2724 1517 2763 legendum

128 2763 249 2804 aliquid
287 2765 443 2795 excidisse
483 2769 573 2804 putat
607 2764 800 2801 Crevit-rina,
846 2765 969 2794 mavult
986 2764 1127 2796 Crevier.

129 2807 205 2846 quia
227 2818 265 2838 ex
290 2807 403 2847 Polyb.
421 2807 517 2838 xxvii.
535 2819 563 2845 4.
580 2812 669 2847 putet
694 2807 802 2837 litem-1
889 2819 908 2846 4
931 2808 981 2837 Ab
999 2808 1107 2838 mimia
1122 2809 1307 2847 redeuutes]
1340 2808 1377 2839 In
1403 2809 1463 2838 hnc
1487 2819 1518 2837 r(-

130 2850 170 2880 nd
195 2850 301 2889 plures
319 2851 455 2890 populos
471 2850 582 2880 misnam
596 2861 675 2887 ense,
691 2854 723 2880 vt
741 2860 799 2879 vox
846 2850 980 2880 discedit
1008 2850 1118 2880 Livius
1143 2862 1162 2881 u
1188 2851 1337 2890 Polybio,
1359 2851 1412 2890 qui
1440 2851 1519 2880 ulia-s

131 2903 235 2923 omne-v
260 2893 355 2923 latius
376 2893 497 2932 aliquid
522 2898 625 2929 mnae,
645 2903 740 2931 quum
767 2898 801 2922 ut
848 2893 968 2930 leminis
1000 2893 1150 2929 Romam,
1175 2893 1256 2923 ulios
1287 2894 1316 2923 in
1352 2893 1517 2923 Boeotium

132 2935 172 2964 de
201 2935 325 2965 duabus
361 2941 487 2966 tuntum
521 2936 704 2966 civitatum„
739 2935 798 2965 dici
847 2936 956 2965 missos
972 2946 1040 2966 esse
1056 2936 1164 2972 tradit,
1182 2936 1277 2967 xxvii.
1296 2949 1313 2973 4
1331 2941 1360 2965 ct
1381 2946 1407 2973 5.

136 2977 280 3014 potin-rit.
