1888 3194
910 193 1198 232 INDEX.

364 267 591 300 Placentinum
611 279 721 310 agrum
742 268 904 300 incursant
927 274 958 301 et
981 280 1033 301 va-

405 315 491 342 stant
515 312 605 343 Galli
627 313 679 350 28,
699 321 746 344 11.
774 322 848 343 eum
870 322 971 352 usque
993 314 1035 344 ad

405 354 476 394 ipsa
488 355 634 385 coloniae
646 355 784 392 moenia,
798 365 871 385 cum
884 357 1035 386 caedibus

406 400 439 427 et
461 397 617 428 incendiis
639 398 878 438 depopulantur
901 399 1034 439 Ligures

407 448 458 478 34,
476 439 524 479 56·

364 482 403 514 C.
428 483 606 513 Plaetorius
643 483 788 513 triumvir
825 484 1032 514 deducendae

408 525 551 555 coloniae
569 529 693 556 creatur
708 535 759 564 34,
777 534 826 564 45.

365 567 402 599 C.
422 568 610 605 Plaetorius,
640 569 763 608 legatus
793 569 834 598 ad
865 568 1032 607 Gentium,

410 610 596 650 Illyriorum
614 621 719 650 regem
737 620 788 648 42,
806 609 855 641 26.

365 653 520 692 Plagulae
537 662 587 693 39,
603 652 632 684 6.

366 696 486 732 Plator,
510 695 707 734 praepositus
732 696 816 725 Oreo
839 706 859 725 a
882 695 1032 734 Philippo

409 738 459 774 28,
474 737 501 767 6.
528 738 646 768 Oreum
664 738 760 767 tradit
778 738 943 775 Romanis,
956 738 1031 768 ibid.

365 781 487 817 Plator,
499 780 595 809 frater
608 780 730 816 Gentii,
744 779 928 818 Illyriorum
942 780 1033 820 regis,

406 822 446 851 ab
463 832 500 851 eo
517 822 672 851 occiditur
690 833 741 859 44,
758 831 807 860 30.

366 866 403 898 C,
422 865 568 894 Plautius
592 874 653 895 cos.
677 868 801 894 creatur
827 872 854 904 7,
879 874 925 896 12.
950 865 1033 895 Her-

406 906 486 936 nicis
515 907 635 937 bellum
668 907 791 942 indicit,
821 907 896 938 ibid.
936 908 1033 938 vincit

406 949 588 989 subigitque
616 949 774 980 Hernicos
804 958 850 989 15.
885 950 1034 990 magister

408 992 551 1030 equitum
574 1000 620 1031 17.

365 1035 404 1067 C.
422 1034 579 1072 Plautius,
603 1044 664 1065 cos.
690 1042 717 1074 7,
740 1042 788 1074 27.
817 1034 932 1065 iterum
957 1035 987 1073 8,
1007 1045 1032 1066 1.

406 1077 506 1107 atroci
522 1077 644 1116 proelio
661 1077 792 1107 dimicat
808 1088 881 1108 cum
896 1078 1032 1116 Volscis,

407 1123 439 1149 et
457 1130 619 1150 caesorum
635 1130 724 1150 arma
737 1120 826 1151 Luae
842 1121 940 1151 Matri
958 1122 1032 1152 dare

407 1172 440 1192 se
457 1162 545 1200 dicit,
561 1162 637 1193 ibid.

365 1206 404 1237 C.
423 1205 581 1242 Plautius,
603 1215 664 1236 cos.
688 1206 717 1243 8,
741 1215 788 1236 2ο.
813 1206 852 1236 (18
870 1205 1031 1236 Priverna-

407 1247 492 1278 tibus
512 1248 700 1287 triumphat,
716 1248 791 1279 ibid.
815 1249 901 1279 favet
923 1259 1031 1279 eorum

407 1300 522 1320 causae
543 1290 576 1320 in
598 1295 722 1328 senatu,
737 1291 813 1321 ibid.
836 1294 868 1321 et
889 1301 935 1322 21.
961 1302 1031 1321 cen-

407 1342 458 1362 sor
481 1343 511 1374 9,
540 1343 588 1374 29.
623 1344 655 1363 se
681 1334 867 1373 magistratu
892 1334 1032 1370 abdicat,

407 1375 484 1406 ibid.
502 1379 533 1406 et
551 1385 600 1415 33.

365 1419 404 1450 L.
420 1418 565 1448 Plautius
583 1418 710 1456 Venno,
723 1429 785 1450 cos.
801 1419 831 1457 8,
849 1429 894 1460 19.
910 1420 1032 1449 bellum

407 1461 558 1491 adversus
596 1461 795 1492 Privernates
831 1462 922 1501 gerit,
955 1462 1032 1493 ibid.

408 1507 536 1542 praetor
552 1513 601 1541 40.

366 1546 405 1578 L.
420 1546 565 1576 Plautius
579 1546 752 1585 Hypsaeus
769 1550 893 1576 creatur
908 1550 1034 1586 praetor

407 1596 459 1628 37,
490 1596 539 1627 47.
574 1589 701 1618 sortitur
732 1589 926 1628 Hispaniam
958 1589 1033 1620 cite-

407 1641 521 1660 riorem
540 1639 588 1669 50.

367 1677 404 1705 P.
423 1673 568 1704 Plautius
587 1674 746 1712 Proculus,
763 1685 824 1705 cos.
842 1675 872 1712 8,
890 1684 938 1705 22.

367 1717 463 1749 Plebs
489 1716 567 1747 dure
592 1717 702 1747 habita
727 1727 746 1747 a
773 1717 948 1756 Tarquinio
975 1717 1032 1748 Su-

407 1759 505 1799 perbo
532 1769 558 1797 1,
578 1758 627 1798 56.
655 1759 856 1799 indulgenter
878 1770 897 1790 a
920 1764 1032 1790 senatu

408 1812 438 1838 2,
463 1811 493 1842 9.
525 1802 612 1841 plebi
639 1801 772 1832 iniuriae
798 1813 817 1833 a
844 1802 1034 1842 primoribus

407 1844 474 1874 fieri
499 1849 632 1884 coeptae
653 1854 700 1876 21.
725 1845 816 1884 plebs
836 1856 908 1876 aere
928 1845 1034 1876 alieno

407 1897 559 1926 oppressa
576 1896 624 1926 23.
651 1891 760 1918 Patres
779 1888 861 1918 solos
879 1898 968 1918 arma
984 1899 1033 1918 ca-

406 1939 482 1968 pere
503 1929 591 1960 iubet
612 1940 660 1967 24.
684 1930 716 1960 in
734 1930 887 1970 Esquiliis
907 1938 1033 1961 noctur—

407 1982 465 2002 nos
499 1977 607 2003 coetus
637 1973 714 2003 facit
748 1973 795 2004 28.
833 1974 866 2003 in
900 1973 1032 2004 Sacrum

407 2018 549 2045 montem
577 2016 695 2046 secedit
723 2025 773 2054 32.
809 2016 895 2056 plebi
923 2026 1033 2047 conce-

407 2057 527 2087 duntur
542 2058 591 2088 sui
613 2059 815 2098 magistratus
831 2059 1034 2097 sacrosancti,

407 2100 522 2138 quibus
548 2100 659 2131 auxilii
687 2100 765 2131 latio
787 2102 937 2132 adversus
960 2112 1033 2132 con-

407 2143 492 2173 sules
519 2147 611 2179 esset,
636 2154 753 2183 nempe
783 2144 902 2174 tribuni
932 2144 1036 2183 plebis

407 2194 457 2223 33.
487 2186 578 2224 plebs
601 2187 733 2216 damnat
754 2187 962 2217 Coriolanum
986 2194 1034 2225 35.

407 2227 489 2257 irata
510 2228 661 2259 interesse
682 2239 746 2259 non
769 2230 839 2259 vult
863 2229 1035 2259 consulari-

405 2270 466 2300 bus
493 2271 630 2301 comitiis
656 2270 706 2308 64.
738 2271 849 2301 relicto
874 2271 1034 2301 Aventino

406 2311 439 2341 in
464 2313 596 2342 Sacrum
621 2317 763 2342 montem
790 2313 857 2342 abit
880 2322 910 2350 3,
935 2321 983 2351 52.
1014 2323 1033 2343 a

407 2354 539 2384 Valerio
567 2358 599 2384 et
628 2355 764 2385 Horatio
792 2359 958 2385 revocatur
983 2363 1032 2393 53.

407 2396 551 2426 tribunos
578 2397 621 2435 pl.
649 2401 734 2427 creat
761 2405 810 2435 54.
844 2401 967 2427 armata
993 2408 1033 2427 ex

406 2439 485 2468 urbe
501 2439 654 2478 profecta,
670 2439 702 2469 in
718 2439 923 2478 optimatium
943 2450 1033 2479 agros

407 2491 479 2511 cum
496 2482 577 2511 ferro
594 2481 721 2521 ignique
740 2482 940 2512 excursiones
955 2482 1031 2512 facit

407 2534 438 2562 4,
454 2533 483 2564 9.
507 2523 626 2554 excitat
640 2525 775 2554 Volscos
789 2525 829 2554 ad
847 2535 1029 2564 expugnan-

407 2566 481 2596 dam
507 2576 614 2596 secum
641 2568 792 2604 Ardeam,
813 2567 887 2598 ibid.
917 2578 1030 2598 concu-

407 2608 501 2647 piscit
518 2609 626 2647 Veios,
649 2609 873 2640 obsistentibus
895 2610 1031 2649 optima-

407 2651 492 2681 tibus
517 2659 547 2690 5,
572 2661 620 2689 24.
650 2652 792 2682 coniecto
815 2652 848 2682 in
874 2663 1030 2683 carcerem

406 2693 546 2731 Manlio,
563 2698 681 2725 vestem
702 2698 806 2725 mutat
822 2693 852 2732 6,
873 2694 918 2726 16.
943 2706 1031 2734 prae-

406 2736 502 2766 datur
516 2746 625 2776 agrum
643 2738 738 2768 Rom.
756 2747 804 2768 21.
829 2737 964 2776 impedit
980 2738 1031 2768 de-

407 2779 527 2809 lectum
544 2788 593 2818 32.
621 2790 706 2810 nexu
729 2780 881 2810 liberatur
903 2783 1033 2820 propter

408 2821 529 2861 Papirii
562 2822 768 2853 foeneratoris
800 2821 965 2852 libidinem
1000 2824 1030 2861 8,

408 2865 457 2895 28.
481 2864 514 2894 in
534 2874 623 2904 agros
638 2866 771 2896 reducta
788 2866 838 2902 28,
857 2874 903 2895 11.
927 2865 1031 2904 plebis

406 2907 588 2938 adulatores
608 2916 638 2947 3,
659 2907 711 2946 66,
732 2906 781 2948 67.
806 2907 965 2947 principes
985 2917 1030 2938 se-

1121 275 1208 302 creta
1233 269 1364 302 consilia
1386 269 1508 310 agitant
1531 280 1562 309 4,
1589 277 1639 310 25.
1670 280 1743 301 con-

1121 314 1230 344 cilium
1250 312 1280 351 6,
1296 313 1346 352 38.
1370 313 1457 353 plebi
1480 317 1613 352 septena
1634 312 1744 353 iugera

1121 356 1294 387 Veientani
1314 356 1380 396 agri
1396 356 1496 386 divisa
1515 363 1545 394 5,
1561 364 1610 394 30.
1634 356 1674 385 ob
1689 365 1744 386 aes

1119 399 1261 430 alienum
1277 399 1366 429 deest
1381 399 1508 429 animus
1522 399 1563 429 ad
1579 407 1743 437 capessen-

1119 443 1175 472 dos
1191 442 1409 481 petendosque
1426 441 1566 481 plebeios
1581 440 1743 480 magistrae

1118 487 1169 514 tus
1200 483 1230 521 6,
1258 493 1306 523 34.
1340 494 1378 514 ex
1411 484 1504 523 plebe
1534 483 1628 513 multi
1658 483 1743 513 fame

1119 527 1220 557 coacti
1258 526 1415 566 capitibus
1450 525 1609 556 obvolutis
1642 536 1675 556 se
1709 525 1743 555 in

1119 569 1261 599 Tiberim
1278 568 1492 607 praecipitant
1507 580 1538 606 4,
1557 578 1603 598 12.

1079 611 1201 641 Plebeii
1235 611 1436 650 magistratus
1468 614 1504 640 ut
1536 610 1663 640 tributis
1692 620 1743 641 co-

1118 653 1217 683 mitiis
1229 653 1318 689 fiant,
1333 653 1385 682 lex
1399 653 1497 682 fertur
1510 662 1539 690 2,
1554 651 1602 691 56.
1626 652 1743 692 plebeii

1118 696 1242 725 nobiles
1279 695 1420 734 quidam,
1451 699 1483 724 et
1519 694 1637 734 plebeii
1671 705 1744 726 vere

1118 737 1236 777 plebeii
1263 747 1312 774 22,
1338 745 1387 776 35.
1421 737 1539 776 plebeii
1564 740 1744 776 quaestores

1119 780 1213 819 primi
1227 790 1257 817 4,
1271 787 1319 818 54.
1344 779 1461 819 plebeii
1474 779 1626 810 senatoris
1641 779 1744 819 prima

1118 824 1205 862 apud
1220 823 1288 853 Liv.
1302 822 1423 853 mentio
1437 830 1466 860 5,
1481 831 1527 853 12.
1544 822 1743 861 plebeiorum

1119 869 1151 896 et
1174 864 1378 905 patriciorum
1402 865 1529 904 quando
1553 864 1586 894 in
1609 864 1746 895 comitiis

1118 912 1273 947 aequatus
1296 917 1446 938 numerus
1469 906 1500 945 6,
1524 917 1572 946 30.
1600 907 1746 946 plebeius

1118 951 1264 981 tribunus
1286 950 1380 981 milit.
1405 949 1562 980 consulari
1586 953 1744 989 potestate

1118 993 1240 1033 primus
1270 1000 1300 1031 5,
1334 1003 1380 1024 12.
1425 996 1497 1032 post
1533 991 1744 1032 quadraginta

1119 1039 1270 1075 quattuor
1290 1046 1391 1066 annos
1414 1046 1434 1066 a
1454 1036 1522 1075 lege
1538 1035 1696 1066 Canuleia
1713 1033 1744 1073 6,

1120 1086 1169 1118 37.
1196 1078 1345 1118 magister
1367 1078 1511 1117 equitum
1535 1087 1584 1119 39.
1612 1087 1675 1108 cos.
1692 1087 1743 1116 42.

1119 1125 1151 1151 et
1174 1128 1202 1160 7,
1226 1131 1252 1152 1.
1282 1121 1335 1161 qui
1361 1121 1425 1151 suis
1449 1120 1598 1160 auspiciis
1621 1120 1744 1150 bellum

1117 1165 1247 1203 gesserit
1275 1173 1303 1202 7,
1331 1163 1359 1195 6.
1393 1164 1529 1194 dictator
1556 1170 1601 1202 17.
1634 1172 1746 1193 censor

1120 1216 1168 1237 22.
1204 1211 1331 1246 praetor
1357 1207 1387 1243 8,
1418 1214 1465 1245 15.
1500 1205 1617 1245 plebeii
1648 1206 1743 1236 ambo

1120 1250 1265 1279 consules
1288 1249 1382 1289 primi
1408 1258 1457 1287 23,
1481 1257 1530 1287 31.
1562 1247 1679 1287 plebeii
1701 1248 1743 1279 ad

1119 1292 1317 1322 aedilitatem
1342 1292 1484 1321 curulem
1508 1290 1636 1321 admissi
1664 1298 1692 1330 7,
1717 1300 1742 1321 1.

1120 1334 1237 1373 plebeii
1264 1334 1435 1365 decemviri
1465 1333 1560 1363 sacris
1585 1333 1744 1364 faciundis

1119 1375 1149 1414 6,
1175 1385 1213 1416 37
1239 1381 1270 1407 et
1296 1387 1345 1414 41.
1374 1377 1415 1407 ad
1440 1375 1664 1415 pontificatum
1688 1376 1743 1406 ad-

1118 1419 1204 1449 missi
1225 1429 1272 1456 10,
1288 1418 1379 1460 6—9.

1080 1462 1288 1492 Plebiscitum
1318 1462 1457 1497 nullum,
1483 1460 1542 1491 nisi
1569 1471 1609 1491 ex
1635 1464 1744 1491 aucto-

1119 1504 1212 1534 ritate
1246 1508 1384 1542 senatus,
1414 1503 1544 1544 perferri
1578 1503 1745 1542 patiuntur

1118 1547 1237 1577 tribuni
1259 1547 1363 1586 plebis
1379 1558 1409 1585 4,
1425 1556 1474 1588 49.
1503 1549 1550 1584 ut,
1570 1546 1594 1576 si
1615 1546 1664 1578 M.
1681 1547 1744 1577 Fu-

1119 1589 1182 1620 rius
1219 1600 1276 1629 pro
1314 1589 1468 1620 dictatore
1505 1589 1582 1628 quid
1621 1589 1745 1629 egisset,

1119 1631 1327 1672 quingentum
1338 1632 1477 1662 millium
1490 1631 1570 1662 aeris
1581 1631 1608 1661 ei
1622 1632 1745 1662 mulcta

1119 1679 1200 1706 esset
1224 1674 1254 1713 6,
1280 1675 1328 1714 38.
1357 1685 1398 1705 ne
1423 1674 1493 1714 quis
1516 1675 1654 1705 eundem
1678 1685 1744 1705 ma-

1117 1718 1283 1758 gistratum
1300 1718 1383 1748 intra
1395 1718 1506 1748 decem
1522 1727 1622 1747 annos
1638 1717 1745 1757 capiat

1123 1768 1150 1799 7,
1188 1770 1238 1799 42.
1289 1761 1328 1791 de
1366 1759 1541 1790 duumviris
1577 1760 1745 1790 navalibus

1120 1803 1263 1834 creandis
1276 1813 1306 1844 9,
1319 1812 1369 1841 30.
1386 1803 1425 1833 de
1442 1803 1596 1833 dictatore
1609 1802 1744 1833 dicendo

1122 1854 1172 1885 27,
1190 1855 1217 1885 5.
1241 1847 1281 1876 de
1298 1845 1473 1885 Campanis
1496 1844 1546 1883 26,
1563 1854 1611 1884 33.
1635 1845 1675 1875 de
1691 1845 1744 1876 Li-

1119 1889 1248 1928 guribus
1274 1899 1325 1926 42,
1352 1898 1400 1919 21.
1432 1891 1467 1918 ut
1494 1898 1567 1918 cum
1591 1887 1683 1918 sociis
1706 1898 1744 1918 ac

1119 1932 1248 1962 nomine
1276 1931 1392 1962 Latino
1423 1930 1579 1970 pecuniae
1605 1930 1745 1961 creditae

1119 1974 1168 2004 ius
1189 1975 1286 2012 idem,
1303 1974 1388 2013 quod
1412 1984 1485 2003 cum
1507 1973 1628 2003 civibus
1647 1973 1743 2004 Rom.

1120 2021 1201 2047 esset
1226 2024 1277 2056 35,
1304 2025 1330 2056 7.
1357 2026 1396 2046 ex
1421 2015 1590 2056 plebiscito
1616 2019 1745 2046 senatus

1119 2069 1233 2099 pacem
1259 2059 1399 2090 decernit
1424 2068 1475 2097 3ο,
1497 2067 1545 2097 43.
1577 2058 1647 2098 lege
1671 2068 1744 2088 cau-

1119 2106 1200 2140 tum,
1219 2106 1254 2132 ut
1278 2101 1445 2142 plebiscita
1467 2110 1577 2131 omnes
1601 2099 1744 2135 Quirites

1121 2148 1267 2174 tenerent
1284 2153 1313 2183 3,
1327 2151 1376 2182 55.
1398 2144 1429 2181 8,
1444 2152 1491 2173 12.
1514 2142 1687 2182 plebiscitis
1701 2152 1743 2173 an

1120 2190 1290 2217 teneantur
1306 2186 1441 2216 Patres?
1465 2194 1495 2223 3,
1512 2192 1561 2224 55.

1080 2229 1200 2266 Pleiae‚
1226 2239 1282 2259 seu
1311 2228 1417 2268 potius
1447 2227 1566 2265 Boeae,
1591 2227 1681 2258 locus
1710 2228 1743 2259 in

1121 2271 1281 2301 Laconica
1297 2280 1348 2310 35,
1366 2278 1414 2309 27.

1078 2314 1121 2349 Q.
1138 2313 1323 2350 Pleminius,
1338 2316 1532 2352 propraetor,
1545 2312 1631 2352 capit
1645 2323 1744 2344 unam

1118 2366 1158 2386 ex
1179 2356 1303 2386 arcibus
1324 2356 1497 2386 Locrorum
1516 2365 1566 2396 29,
1581 2354 1609 2386 6.
1635 2356 1745 2386 Locris

1118 2399 1159 2428 ad
1189 2399 1343 2428 tuendam
1374 2398 1484 2428 urbem
1510 2398 1700 2437 relinquitur
1725 2409 1744 2429 a

1119 2441 1269 2480 Scipione
1286 2441 1314 2471 8.
1339 2440 1406 2471 eius
1427 2441 1598 2471 crudelitas
1619 2444 1651 2471 et
1670 2451 1743 2471 ava-

1116 2483 1199 2520 ritia,
1229 2483 1303 2514 ibid.
1340 2483 1550 2523 Proserpinae
1579 2483 1744 2514 thesauros

1116 2526 1244 2565 spoliat,
1274 2525 1349 2556 ibid.
1395 2525 1537 2555 tribunos
1573 2525 1744 2556 crudeliter

1118 2568 1234 2598 occidit
1249 2578 1277 2609 9.
1302 2569 1341 2598 de
1358 2578 1395 2598 eo
1412 2571 1588 2607 queruntur
1604 2567 1742 2598 Locren-

1118 2621 1165 2641 ses
1180 2611 1266 2650 apud
1283 2614 1429 2640 senatum
1449 2609 1497 2647 16,
1513 2617 1549 2648 17
1566 2613 1598 2639 et
1618 2610 1663 2640 18.
1687 2611 1742 2641 ad-

1118 2654 1233 2684 ductus
1250 2653 1389 2682 Romam
1411 2652 1443 2682 in
1459 2651 1595 2682 vinculis
1610 2653 1743 2683 moritur

1119 2705 1154 2725 21
1175 2699 1205 2725 et
1224 2704 1271 2725 22.
1296 2696 1335 2725 de
1354 2695 1432 2724 urbe
1453 2694 1654 2725 incendenda
1669 2705 1743 2726 con-

1117 2737 1235 2775 iurans,
1250 2740 1382 2767 necatur
1397 2736 1429 2766 in
1446 2747 1571 2767 carcere
1587 2747 1638 2777 34,
1653 2748 1704 2776 44.

1078 2780 1233 2818 Plestina,
1246 2780 1331 2816 urbs,
1344 2779 1468 2818 capitur
1482 2790 1502 2810 a
1519 2779 1675 2811 Romanis
1694 2790 1743 2819 ιο,

1075 2846 1256 2902 Pleuratus,
1274 2864 1457 2904 Illyriorum
1477 2875 1533 2895 rex
1554 2863 1605 2903 26,
1623 2874 1673 2903 24,
1691 2871 1742 2904 27,

1117 2917 1166 2947 30.
1207 2907 1257 2945 28,
1282 2915 1311 2946 5.
1348 2917 1367 2937 a
1398 2907 1556 2938 Romanis
1586 2908 1742 2948 ascriptus
