1888 3194
336 174 388 212 22

846 172 995 214 TITI
1036 171 1214 214 LIVII

131 271 175 303 U.
193 272 231 303 C.
256 271 328 311 576.
340 262 507 312 factum,
529 272 673 319 postea
699 278 876 319 augures
896 263 1221 319 responderunt,
1239 262 1354 318 quod
1382 271 1500 302 extra
1521 259 1723 316 templum
1737 273 1757 301 4

134 315 174 346 A·
197 314 236 346 C·
261 313 494 362 ¹7⁶·s0rte1n
529 321 574 361 in
606 320 781 362 sitellam
813 321 857 361 in
889 320 1090 386 templum
1120 320 1246 361 latam
1276 319 1374 361 foris
1409 319 1496 375 ipse
1527 318 1722 374 posuerit.

135 507 286 540 Petimus

135 551 210 582 Cos.
226 552 307 583 occi-

134 603 196 626 sus.

343 377 527 419 Profecti
547 378 645 419 inde
667 378 724 418 in*
740 378 922 419 diversas
942 393 1143 434 reglones.
1205 377 1396 418 Petillius
1421 376 1615 417 adversus
1643 374 1726 416 Ba-

342 435 459 477 listae
482 445 524 477 et
546 435 643 476 Leti
662 436 820 492 iugum,
843 436 957 491 quod
979 451 1048 477 eos
1069 444 1230 477 montes
1252 443 1453 491 perpetuo
1475 433 1596 474 dorso
1616 433 1727 473 inter

344 508 386 535 se
403 493 552 549 iungit,
567 502 698 534 castra
713 494 870 534 habuit.
933 493 998 534 Ibi
1015 493 1303 534 adhortantem
1321 506 1417 533 eum
1433 506 1509 547 pro
1525 490 1726 532 concione

345 551 509 600 milites,
536 551 822 592 immemorem
850 550 1131 606 ambiguitatis
1160 550 1288 599 verbi,
1315 549 1546 590 ominatum
1573 548 1725 596 ferunt,

347 614 359 633 ‘
377 608 430 650 Se
452 624 502 649 eo
523 608 591 649 die
613 608 768 649 Letum
789 617 1008 664 capturum
1028 608 1143 649 esse.'
1203 607 1378 648 Duabus
1399 605 1522 647 simul
1540 605 1728 661 partibus

345 666 482 708 subire
513 666 558 706 in
588 665 779 706 adversos
815 676 977 707 montes
1009 665 1157 721 coepit.
1221 664 1285 705 Ea
1313 678 1419 720 pars,
1450 663 1496 703 in
1526 678 1610 718 qua
1638 662 1728 718 ipse

345 733 445 774 erat,
468 724 643 780 impigre
672 723 932 764 succedebat.
995 722 1186 763 Alteram
1214 722 1352 762 hostes
1373 735 1503 776 quum
1524 719 1729 776 propulis-

345 790 449 831 sent,
479 790 526 822 ut
552 781 789 822 restitueret
815 795 903 821 rem
930 779 1187 828 inclinatam,
1210 778 1354 820 consul
1381 793 1490 833 equo
1518 776 1727 826 advectus,

346 854 441 880 suos
471 838 642 894 quidem
660 853 699 886 ,a
728 838 827 893 fuga
855 837 1084 879 revocavit:
1127 837 1227 892 ipse,
1259 835 1361 876 dum
1395 834 1603 875 incautius
1633 842 1728 874 ante

346 897 464 952 signa
484 896 736 944 obversatur,
759 894 902 935 missili
930 895 1126 935 traiectus
1146 893 1309 934 cecidit.
1372 891 1466 933 Nec
1493 892 1632 933 hostes
1652 891 1731 932 du-

346 968 437 994 cem
473 953 655 1002 occisum
687 961 928 1001 senserunt,
971 961 1013 993 et
1044 966 1214 993 suorum
1245 950 1381 1007 pauci,
1417 949 1491 1006 qui
1527 948 1728 999 viderant,

345 1011 460 1052 haud
479 1010 754 1067 negligenter,
776 1019 823 1051 ut
851 1010 924 1066 qui
945 1010 990 1050 in
1017 1024 1067 1050 eo
1087 1008 1303 1050 victoriam
1323 1007 1428 1049 verti
1453 1006 1617 1057 scirent,
1639 1021 1730 1048 cor-

346 1084 424 1125 pus
445 1068 715 1110 occultavere.
780 1067 878 1108 Alia
897 1067 1123 1108 multitudo
1143 1066 1333 1123 peditum
1351 1065 1638 1121 equitumque,
1656 1064 1730 1105 de-

347 1126 521 1167 turbatis
550 1125 749 1175 hostibus,
779 1135 942 1166 montes
972 1125 1059 1166 sine
1085 1124 1191 1165 duce
1217 1138 1378 1180 cepere.
1440 1122 1513 1163 Ad
1540 1122 1728 1178 quinque

346 1183 477 1224 millia
497 1183 703 1239 Ligurum
728 1183 883 1224 occisa:
917 1198 970 1223 ex
997 1182 1189 1223 Romano
1217 1181 1404 1222 exercitu
1431 1180 1516 1221 duo
1544 1189 1586 1220 et
1606 1180 1729 1235 quin-

348 1243 547 1298 quaginta
568 1241 821 1282 ceciderunt.
887 1239 1020 1296 Super
1048 1249 1131 1280 tam
1159 1239 1397 1280 evidentem
1424 1237 1551 1279 tristis
1578 1237 1729 1278 ominis

347 1309 558 1349 eventum,
580 1298 705 1339 etiam
727 1314 780 1340 ex
806 1297 982 1354 pullario
1003 1297 1194 1338 auditum
1215 1305 1288 1346 est,
1311 1296 1458 1337 vitium
1479 1295 1524 1336 in
1544 1295 1729 1351 auspicio

346 1357 497 1405 fuisse3
539 1371 617 1397 nec
649 1356 695 1397 id
734 1355 947 1397 consulem
987 1355 1206 1411 ignorasse.
1272 1353 1322 1396 C.
1346 1353 1551 1403 ValeriuS,
1588 1352 1731 1393 audita

350 1414 503 1470 [morte
539 1414 591 1462 Q.
610 1413 781 1463 Petillii,
814 1413 1045 1454 exercitum
1075 1412 1163 1454 sine
1196 1412 1302 1453 duce
1332 1411 1523 1452 relictum
1553 1410 1607 1452 ad
1636 1425 1730 1451 suas

346 1472 485 1528 copias
500 1472 705 1521 adiunxit,
720 1471 955 1527 iterumque
973 1485 1186 1527 aggressus
1201 1470 1352 1519 hostes,
1367 1484 1511 1510 eorum
1527 1468 1728 1523 sanguine

346 1529 529 1585 collegae
552 1529 752 1570 Manibus
773 1529 937 1585 egregie
958 1528 1204 1584 parentavit.
1266 1526 1561 1582 Triumphavit
1580 1525 1633 1566 de
1657 1524 1730 1566 Li-

345 1587 527 1643 guribus.
588 1586 641 1628 In
660 1587 882 1643 legionem,
900 1586 1017 1627 cuius
1037 1594 1132 1626 ante
1154 1585 1272 1641 signa
1287 1584 1433 1626 consul
1452 1584 1611 1624 occisus
1627 1591 1728 1633 erat,

348 1660 488 1686 severe
519 1645 570 1686 ab
595 1654 742 1685 senatu
769 1643 1101 1685 animadversum
1130 1652 1202 1684 est.
1267 1642 1320 1683 Ei
1351 1642 1566 1682 universae
1590 1655 1761 1697 neque5

347 1702 603 1758 stipendium
631 1702 731 1742 anni
758 1701 997 1757 procedere,
1026 1716 1164 1756 neque
1193 1715 1289 1741 aera
1315 1699 1404 1740 dari
1434 1698 1602 1755 placuit,
1631 1698 1731 1755 quia

347 1775 423 1815 pro
463 1759 593 1801 salute
630 1758 890 1815 imperatoris
925 1758 1108 1799 hostium
1148 1758 1240 1799 telis
1280 1773 1322 1798 se
1358 1772 1445 1798 non
1479 1756 1728 1798 obtulerant.

351 1817 438 1859 Sub
460 1818 563 1859 haec
584 1826 773 1872 tempora
792 1816 918 1872 legati
940 1815 1247 1864 Dardanorum,
1271 1830 1374 1870 quos
1394 1815 1542 1870 ingens
1563 1813 1762 1854 Bastar-6

348 1890 497 1915 narum
532 1875 751 1923 exercitus,
792 1873 998 1914 Clondico
1034 1872 1154 1922 duce,
1187 1882 1233 1912 ut
1265 1881 1360 1912 ante
1396 1871 1728 1920 memoravimus,

347 1933 574 1987 premebat,
599 1931 778 1972 Romam
799 1945 962 1971 venere.
1027 1929 1114 1977 Qui
1135 1944 1266 1984 quum
1287 1929 1339 1969 de
1368 1927 1581 1968 Bastarnis
1601 1943 1730 1984 expo·
1744 1945 1761 1976 7

347 1989 538 2038 suissent,
569 1998 726 2044 quanta
753 1997 858 2028 esset
890 2001 1033 2028 eorum
1066 1986 1302 2035 multitudo,
1332 2000 1456 2041 quam
1487 2000 1659 2041 procera
1688 1995 1731 2027 et

346 2046 546 2087 immania
572 2060 756 2101 corpora,
782 2054 940 2100 quanta
967 2044 1011 2084 in
1039 2043 1234 2099 periculis
1260 2043 1445 2092 audacia,
1471 2042 1728 2093 adiecerunt,

348 2104 587 2145 societatem
618 2103 668 2143 iis
695 2118 782 2143 esse
814 2117 910 2143 cum
940 2101 1106 2151 Perseo,
1136 2110 1176 2142 et
1206 2116 1303 2142 vero
1334 2115 1430 2141 eum
1462 2100 1607 2141 maiori
1637 2101 1727 2151 sibi,

348 2176 474 2217 quam
497 2161 717 2202 Bastarnas
736 2161 858 2216 ipsos,
877 2174 965 2200 esse
987 2159 1153 2200 terrori:
1188 2173 1233 2199 ac
1254 2158 1442 2214 proinde,
1465 2167 1511 2198 ut
1527 2157 1730 2199 auxilium

347 2219 425 2260 sibi
454 2218 642 2267 ferretur,
675 2218 725 2259 ab
756 2227 901 2258 senatu
931 2216 1202 2273 postularunt.
1265 2216 1409 2256 Patres
1440 2215 1727 2266 decreverunt,

348 2276 574 2317 mittendos
595 2290 682 2316 esse
704 2275 874 2331 legatos,
897 2274 970 2329 qui
996 2273 1271 2314 Macedoniae
1293 2288 1356 2314 res
1377 2273 1652 2329 inspicerent:
1686 2283 1729 2314 et

346 2334 485 2374 statim
508 2334 561 2374 A.
579 2333 796 2374 Postumio
821 2332 1036 2388 negotium
1062 2331 1219 2380 datum,
1242 2340 1288 2372 ut
1309 2346 1357 2371 eo
1385 2330 1725 2386 proficisceretur.

350 2391 543 2447 Collegas
568 2391 607 2432 ei
628 2390 912 2431 adiunxerunt
933 2404 954 2430 e
986 2389 1229 2438 iunioribus,
1252 2398 1299 2429 ut
1325 2403 1452 2444 penes
1482 2403 1579 2429 eum
1609 2403 1727 2444 prae-

389 2545 407 2570 4
440 2533 531 2570 Quod
565 2537 656 2563 errtra
695 2532 843 2570 templum
881 2531 1011 2568 sortem]

348 2575 435 2606 Hinc
473 2574 594 2613 colligit
625 2572 922 2607 Drakenborchius,
952 2583 1014 2611 quo

346 2618 446 2658 magis
479 2617 600 2647 sortitio
631 2616 798 2655 auspicato
829 2616 930 2652 fieret,
960 2616 1012 2644 oh—

345 2661 536 2691 servandum
559 2659 667 2695 fuisse,
683 2669 723 2689 ne
748 2658 818 2696 quis
842 2662 957 2688 sortem
980 2658 1012 2687 in

345 2703 483 2733 sitellam
507 2702 689 2737 conficeret,
708 2701 766 2730 nisi
789 2711 886 2740 quum
909 2700 1013 2730 sitella

345 2746 375 2776 in
393 2746 565 2784 templum,
580 2744 646 2774 sive
662 2744 767 2773 locuni
784 2743 922 2782 auguriis
939 2754 1010 2773 con-

345 2792 514 2822 secratum,
531 2788 628 2817 allata
645 2787 723 2816 foret
739 2798 745 2816 :
771 2786 892 2824 quippe
907 2786 1010 2815 sitella

345 2831 375 2861 in
389 2831 547 2870 templum
565 2831 629 2859 lata
642 2829 737 2858 fuisse
756 2828 879 2858 ridetur
890 2832 1010 2867 postea,

345 2884 440 2912 quam
472 2873 581 2904 consul
613 2876 728 2902 sortem
759 2870 790 2901 in
821 2871 910 2900 illam
938 2870 1011 2901 foris

1059 2529 1208 2569 posuerit.

1102 2581 1118 2609 5
1151 2574 1264 2613 Neque
1300 2573 1490 2611 stipendium
1537 2572 1617 2601 anni
1653 2583 1724 2611 prce-

1058 2614 1182 2654 cedere]
1212 2615 1303 2645 Haec
1324 2615 1412 2653 apud
1432 2614 1507 2644 val.
1528 2613 1618 2644 Max.
1641 2614 1672 2644 ii.
1698 2622 1723 2653 7.

1059 2660 1075 2694 ς’
1097 2666 1142 2696 15.
1159 2663 1335 2687 narrantur.

1100 2699 1119 2729 6
1142 2702 1262 2739 [rt-qens
1286 2701 1540 2737 Bastarnarum]
1575 2699 1613 2729 cf.
1631 2698 1725 2739 Supr.

1057 2743 1102 2772 xl.
1121 2743 1172 2780 58.

1101 2793 1115 2823 7
1141 2786 1269 2815 Romam
1302 2786 1432 2822 venere]
1474 2784 1525 2813 De
1552 2783 1613 2813 hac
1642 2784 1723 2823 lega-

1056 2828 1142 2857 tione
1182 2828 1418 2862 Dardanornm,
1455 2836 1534 2865 quos
1577 2826 1724 2857 Thessali

1056 2870 1302 2906 comitabantur,
1318 2870 1356 2900 cf.
1376 2870 1489 2908 Polyb.
1508 2868 1593 2899 xxvi.
1609 2878 1639 2908 9.
