1888 3194
325 144 407 182 248
838 142 1211 186 EPITOMAE

938 399 1129 442 LXXX.

340 513 615 556 ITALICIS
645 513 811 570 populis
841 529 864 554 a
894 522 1042 555 senatu
1074 513 1218 555 civitas
1243 513 1341 554 data
1372 521 1444 554 est.
1510 511 1732 562 Samnites,

341 571 415 627 qui
435 572 511 613 soli
532 587 647 612 arma
666 572 917 621 retinebant,
938 571 1101 613 Cinnae
1123 579 1165 612 et
1183 570 1322 612 Mario
1343 585 1386 611 se
1407 570 1731 611 coniunxerunt.

343 630 413 670 Ab
434 629 484 670 iis
505 628 696 670 Plautius
716 643 812 668 cum
833 628 1022 668 exercitu
1043 643 1186 668 caesus
1207 636 1280 668 est.
1346 627 1488 668 Cinna
1507 636 1550 668 et
1571 626 1735 668 Marius

342 701 438 727 cum
459 686 655 727 Carbone
676 694 719 725 et
741 684 925 726 Sertorio
947 684 1184 725 Ianiculum
1201 694 1524 740 occupaverunt,
1542 693 1585 726 et
1601 682 1735 740 fugati

342 744 394 784 ab
442 742 619 784 Octavio
668 741 839 783 consule
888 750 1161 782 recesserunt.
1244 740 1407 782 Marius
1447 741 1642 790 Antium,
1692 748 1736 782 et

345 800 544 849 Ariciam,
576 809 619 840 et
649 798 889 839 Lanuvium
921 797 1104 839 colonias
1134 797 1377 839 devastavit.
1442 797 1589 846 Quum
1618 797 1736 838 nulla

342 872 435 913 spes
460 864 568 898 esset
594 855 865 911 optimatibus
892 855 1114 897 resistendi
1140 862 1312 911 propter
1336 854 1558 911 segnitiem
1579 863 1622 896 et
1641 869 1737 911 per·-

342 914 486 955 fidiam
523 922 567 955 et
601 913 759 954 ducum
795 921 837 954 et
872 912 1068 963 militum,
1105 913 1178 969 qui
1214 913 1401 968 corrupti
1439 920 1513 953 aut
1547 926 1735 969 pugnare

342 971 555 1021 nolebant,
577 979 649 1012 aut
677 970 731 1011 ad
758 970 941 1011 diversas
967 979 1105 1026 partes
1133 970 1377 1020 transibant,
1403 969 1546 1011 Cinna
1572 978 1615 1011 et
1639 969 1737 1011 Ma-

342 1029 428 1070 rius
444 1029 489 1069 in
505 1029 653 1070 urbem
673 1028 832 1084 recepti
853 1036 973 1069 sunt:
998 1028 1084 1084 qui,
1101 1027 1216 1069 velut
1233 1037 1411 1084 captam,
1429 1042 1522 1068 eam
1538 1027 1737 1069 caedibus

343 1095 385 1128 et
406 1086 561 1143 rapinis
576 1094 802 1135 vastarunt,
823 1084 904 1126 Cn.
924 1085 1101 1127 Octavio
1122 1085 1293 1127 consule
1315 1085 1464 1135 occiso,
1482 1092 1526 1126 et
1541 1085 1736 1126 omnibus

343 1144 539 1186 adversae
566 1143 695 1199 partis
719 1142 930 1184 nobilibus
951 1142 1180 1193 trucidatis,
1201 1142 1311 1184 inter
1331 1158 1436 1199 quos
1465 1141 1527 1183 M.
1546 1141 1737 1183 Antonio

343 1200 686 1257 eloquentissimo
722 1200 823 1250 viro,
858 1199 907 1242 L.
931 1209 974 1241 et
1009 1199 1059 1241 C.
1082 1199 1275 1250 Caesare,
1310 1215 1490 1256 quorum
1522 1199 1661 1255 capita
1690 1199 1737 1240 in

345 1258 509 1300 Rostris
535 1258 672 1314 posita
696 1266 805 1299 sunt.
872 1256 1048 1299 Crassus
1074 1257 1185 1298 filius
1211 1258 1263 1298 ab
1291 1257 1503 1313 equitibus
1524 1256 1735 1298 Fimbriae

344 1316 528 1358 occisus:
562 1324 682 1372 pater
705 1314 892 1365 Crassus,
918 1330 972 1356 ne
998 1314 1103 1371 quid
1129 1314 1353 1370 indignum
1379 1315 1533 1356 virtute
1561 1329 1637 1355 sua
1662 1329 1738 1370 pa-

344 1382 513 1423 teretur,
536 1372 676 1429 gladio
698 1388 740 1413 se
762 1372 981 1414 transfixit.
1045 1371 1101 1413 Et
1126 1372 1230 1413 citra
1250 1371 1336 1413 ulla
1356 1372 1526 1413 comitia
1545 1371 1737 1413 consules

342 1432 387 1472 in
415 1439 663 1487 sequentem
691 1445 850 1471 annum
878 1445 921 1470 se
954 1429 1066 1485 ipsos
1092 1429 1465 1470 renuntiaverunt:
1499 1428 1736 1485 eodemque

342 1488 426 1538 die,
455 1503 540 1544 quo
568 1487 856 1543 magistratum
888 1487 1082 1537 inierant,
1112 1486 1275 1527 Marius
1311 1487 1406 1528 Sex.
1426 1485 1640 1527 Licinium
1673 1501 1738 1528 se-

342 1555 533 1587 natorem
554 1545 606 1586 de
636 1560 736 1586 saxo
761 1544 887 1585 deiici
914 1544 1058 1593 iussit3
1090 1543 1299 1600 editisque
1328 1543 1470 1585 multis
1497 1543 1735 1594 sceleribus,

341 1603 487 1644 Idibus
518 1602 724 1643 Ianuariis
756 1601 961 1643 decessit:
994 1601 1069 1651 vir,
1096 1601 1214 1642 cuius
1247 1601 1280 1643 si
1311 1601 1608 1642 examinentur
1639 1616 1736 1643 cum

341 1660 563 1701 virtutibus
595 1659 708 1709 vitia,
737 1659 852 1700 haud
879 1658 999 1701 facile
1027 1658 1080 1700 sit
1107 1658 1237 1709 dictu,
1266 1667 1408 1700 utrum
1434 1658 1547 1700 bello
1574 1658 1735 1710 melior,

340 1733 394 1759 an
421 1732 523 1774 pace
552 1717 825 1772 perniciosior
850 1716 1001 1757 fuerit:
1036 1716 1155 1766 adeo,
1178 1731 1306 1772 quam
1336 1715 1640 1772 rempublicam
1671 1731 1737 1757 ar-

341 1784 476 1816 matus
509 1774 698 1823 servavit,
731 1789 822 1815 eam
858 1774 994 1830 primo
1027 1782 1191 1830 togatus
1226 1774 1340 1816 omni
1377 1788 1532 1831 genere
1564 1773 1735 1824 fiandis,

340 1842 551 1889 postremo
573 1832 696 1873 armis
716 1831 923 1873 hostiliter
943 1831 1104 1872 evertit.

923 2057 1138 2098 LXXXI,

340 2176 390 2217 L.
427 2174 628 2217 SULLA
680 2173 995 2225 ATHENAS,
1047 2191 1151 2231 quas
1201 2174 1449 2226 Archelaus,
1500 2177 1735 2232 praefectus

341 2232 615 2282 Mithridatis,
642 2240 879 2287 occuparat,
904 2232 1188 2283 circumsedit,
1216 2242 1259 2274 et
1286 2248 1382 2274 cum
1412 2249 1564 2290 magno
1591 2234 1735 2277 labore

340 2290 623 2346 expugnavit:
664 2289 756 2330 urbi
787 2289 1036 2339 libertatem,
1068 2298 1111 2331 et
1141 2290 1314 2340 civibus,
1346 2306 1454 2347 quae
1484 2291 1732 2343 habuerant,

340 2347 538 2388 reddidit.
617 2346 851 2402 Magnesia,
889 2362 996 2402 quae
1038 2347 1125 2388 sola
1163 2348 1208 2388 in
1245 2348 1350 2389 Asia
1383 2348 1528 2389 civitas
1568 2350 1612 2389 in
1647 2349 1733 2391 fide

341 2413 561 2453 manserat,
598 2419 761 2445 summa
800 2404 952 2445 virtute
994 2404 1191 2446 adversus
1227 2404 1521 2446 Mithridatem
1562 2405 1735 2448 defensa

339 2471 413 2502 est.
476 2462 700 2503 Praeterea
721 2461 934 2503 Thracum
956 2462 1001 2503 in
1024 2461 1279 2504 Macedonia
1298 2462 1488 2504 continet
1507 2471 1634 2519 gesta.

915 2683 1153 2726 LXXXII.

341 2801 542 2843 SULLA
564 2801 705 2856 copias
726 2801 847 2856 regIS,
870 2816 991 2856 quae,
1015 2800 1271 2842 Macedonia
1291 2810 1507 2857 occupata,
1529 2802 1573 2843 in
1596 2802 1732 2845 Thes-

338 2859 479 2900 saliam
506 2866 720 2908 vcncrant,
741 2857 900 2914 proelio
926 2858 1038 2908 vicit,
1061 2859 1190 2900 caesis
1220 2859 1403 2900 hostium
1433 2868 1604 2902 centum
1637 2860 1731 2902 mil-
