1888 3194
655 158 1086 202 KREYSSIGII.
1485 167 1568 206 383

171 279 238 308 me
267 267 383 309 omni
412 266 646 308 calumniae
677 267 915 323 suspicione
936 282 1082 309 vacare
1110 266 1209 308 satis
1236 282 1445 324 superque
1473 284 1570 325 pro-

169 334 350 386 habitur,
372 335 554 377 breviter
573 334 797 392 complecti
819 344 862 377 et
882 335 935 378 de
957 335 1120 386 ceteris,
1143 350 1251 392 quae
1272 335 1382 377 hanc
1410 336 1454 377 in
1481 352 1570 378 rem

169 403 343 459 proferri
363 407 589 458 possent20,
611 402 788 445 lectores
809 403 864 445 ad
892 412 1042 453 totum,
1065 403 1134 445 cui
1162 402 1440 460 praefandum
1469 414 1569 455 erat,

168 470 322 513 librum
342 469 538 526 delegare
558 470 710 527 placet.

227 538 418 580 Primum
449 538 578 595 igitur
603 538 826 581 Bekkerus
851 538 1051 581 Goellero
1081 539 1261 581 nimium
1291 540 1487 591 confisus,
1510 542 1573 583 nti

170 606 344 650 omnino
393 607 530 649 codici
572 607 876 665 Bambergensi
926 608 972 649 in
1022 608 1246 650 verborum
1297 608 1572 651 collocatione

169 674 373 717 mutanda
404 675 500 732 plus
531 676 642 718 iusto
677 676 871 718 tribuisse
899 676 1080 727 videtur,
1103 677 1162 718 ita
1189 692 1276 718 non
1307 676 1444 719 solum
1476 677 1571 720 Lib.

170 744 397 786 XXXIII.
425 746 488 786 16.
510 746 676 786 initium
698 746 761 787 ibi
784 746 997 801 quoddam
1017 746 1282 801 motassecz't
1302 761 1383 801 pro
1404 747 1575 788 initium

170 813 382 869 quoddam
404 813 466 855 ibi
486 820 622 855 motus
629 813 764 869 fecit,
789 813 886 854 Lib.
911 813 1113 855 XXXV.
1137 814 1206 855 30.
1229 815 1302 855 ubi
1314 816 1575 871 praegressi

170 887 269 923 sunt
298 897 351 924 ea
381 897 461 937 pro
493 883 565 924 ubi
592 883 851 938 praegressi
879 897 932 925 ea
957 889 1070 932 sunt,
1099 881 1200 924 Lib.
1225 882 1476 925 XXXVII.
1502 885 1574 925 26.

170 951 233 992 ad
256 965 375 992 mare
402 950 568 992 duabus
588 951 796 1006 partibus
823 966 905 1005 pro
933 952 994 992 ad
1018 965 1137 992 mare
1158 951 1367 1007 partibas
1394 951 1575 1002 duabus,

171 1025 215 1060 et
242 1018 342 1060 Lib.
373 1017 648 1060 XXXVIII.
673 1019 713 1058 5.
737 1017 1038 1074 Amphilochis
1068 1011 1206 1074 nuper
1235 1018 1426 1074 receptis
1454 1034 1576 1075 opem

156 1086 302 1142 ferre,
325 1100 439 1141 quae
463 1084 696 1127 Goellerus
717 1085 881 1140 pariter
902 1100 951 1127 ac
973 1085 1105 1126 verba
1127 1085 1227 1127 Lib.
1251 1085 1481 1128 XXXIII.
1504 1089 1574 1129 22.

169 1153 277 1195 Hae
325 1154 438 1195 inter
487 1153 681 1194 consules
731 1153 1009 1208 tribunosque
1057 1153 1365 1195 altercationes
1415 1160 1577 1196 temere

170 1221 453 1275 transposuit,
476 1219 553 1262 sed
585 1220 714 1261 etiam
747 1219 845 1261 Lib.
876 1219 1057 1262 XXXI.
1091 1221 1130 1262 5.
1167 1221 1322 1276 quibus
1354 1221 1464 1276 ipsis
1491 1222 1578 1263 diis

170 1289 387 1331 videretur
416 1303 496 1343 pro
528 1288 685 1344 quibus
715 1288 802 1330 diis
832 1288 943 1344 ipsis
973 1288 1209 1338 videretur,
1231 1302 1326 1343 cap.
1350 1289 1420 1330 30.
1443 1303 1580 1345 neque

169 1371 216 1399 se
242 1357 293 1398 id
315 1357 440 1413 queri
470 1371 549 1412 pro
575 1370 712 1412 neque
740 1356 790 1397 id
815 1371 861 1398 se
889 1356 1029 1412 queri,
1053 1355 1154 1397 Lib.
1179 1355 1385 1398 XXXII.
1408 1357 1477 1398 20.
1496 1371 1581 1413 per

172 1425 283 1467 diem
309 1431 440 1466 totum
464 1424 643 1466 habitae
673 1439 752 1479 pro
772 1438 860 1480 per
888 1429 1019 1465 totum
1041 1423 1151 1465 diem
1171 1424 1364 1474 habitae,
1387 1438 1483 1480 cap.
1506 1425 1577 1467 23.

172 1493 387 1549 disposita
409 1493 646 1548 praesidia
677 1493 784 1534 vidit
812 1493 941 1549 regia
968 1507 1048 1547 pro
1077 1493 1294 1548 disposita
1321 1493 1427 1534 vidit
1444 1508 1579 1548 prae-

172 1561 290 1603 sidia
311 1561 454 1616 regia,
477 1575 570 1616 cap.
594 1561 662 1602 528.
693 1561 737 1602 in
768 1561 865 1616 ipso
894 1566 1050 1602 conatu
1085 1560 1184 1602 belli
1211 1561 1397 1616 gerendi
1428 1576 1507 1615 pro
1536 1561 1580 1602 in

173 1631 270 1687 ipso
311 1635 467 1671 conatu
508 1629 693 1686 gerendi
740 1629 854 1679 belli,
897 1628 998 1672 Lib.
1039 1628 1265 1671 XXXIV.
1308 1630 1347 1670 9.
1392 1635 1581 1685 quantae

173 1698 359 1740 hostium
379 1703 520 1741 essent
541 1697 694 1754 copiae
715 1712 794 1752 pro
816 1702 1005 1752 quantae
1031 1696 1214 1737 hostium
1244 1697 1398 1752 copiae
1422 1703 1578 1748 esseut,

174 1766 276 1808 Lib.
315 1765 518 1807 XXXV.
556 1767 596 1807 3.
636 1766 763 1807 duxit
799 1765 859 1806 ad
892 1765 1026 1806 Pisas
1062 1778 1142 1819 pro
1178 1765 1240 1804 ad
1270 1764 1405 1805 Pisas
1439 1765 1579 1816 duxit,

174 1849 269 1889 cap.
296 1834 364 1874 43.
396 1834 574 1890 differre
603 1833 647 1874 in
680 1833 917 1874 Graeciam
941 1832 1257 1888 profectionem
1288 1847 1368 1887 pro
1401 1833 1446 1873 di
1485 1848 1581 1875 erre

168 1901 485 1958 prosectionem
515 1901 560 1942 in
593 1900 843 1950 Graeciam,
876 1906 920 1941 ct
953 1899 1051 1941 Lib.
1087 1899 1359 1941 XXXVIII.
1395 1901 1462 1942 20.
1497 1916 1580 1957 quo

173 1984 244 2012 res
256 1969 451 2026 postulet
471 1983 551 2023 pro
575 1983 657 2023 quo
670 1968 865 2024 postulet
893 1983 978 2016 res,
1000 1981 1112 2022 quae
1142 1982 1226 2009 non
1256 1969 1582 2022 transponenda

173 2052 270 2080 esse
301 2036 505 2078 librarius
539 2036 647 2091 ipse,
679 2036 721 2077 id
754 2036 871 2091 quod
898 2035 1152 2078 Goellerum
1185 2037 1420 2091 praeteriit,
1454 2036 1581 2079 solito

174 2120 292 2148 more
321 2104 592 2160 significavit,
615 2105 657 2146 in
687 2105 892 2146 orationis
922 2111 1174 2146 contextum
1205 2105 1395 2160 recepit:
1429 2112 1581 2146 contra

173 2189 240 2224 ea,
282 2188 415 2228 quum
456 2171 689 2214 Goellerus
741 2179 898 2222 taccat,
947 2172 1048 2214 Lib.
1092 2171 1321 2214 XXXIII.
1368 2173 1432 2215 10.
1485 2179 1581 2215 octo

174 2242 357 2284 hostium
397 2241 518 2283 milia
557 2256 636 2297 pro
678 2247 774 2283 octo
815 2241 936 2282 milia
977 2241 1173 2291 hostium,
1217 2240 1334 2295 quod
1381 2255 1435 2282 cx
1483 2242 1578 2283 cod.

175 2310 327 2353 Bamb.
347 2310 536 2365 reposui,
554 2324 645 2364 cap.
667 2311 729 2351 13.
745 2310 879 2365 pacis
897 2310 1196 2359 maturandae,
1214 2309 1284 2350 cui
1298 2310 1582 2351 maturandae

170 2379 299 2435 pacis
341 2378 690 2420 substituendum
732 2392 828 2419 esse
864 2377 1064 2419 librarius
1097 2377 1246 2418 itidem
1283 2378 1502 2428 indicavit,
1538 2385 1582 2419 ct

174 2462 270 2503 cap.
301 2448 361 2488 17.
386 2461 526 2488 omnes
539 2446 697 2502 populi
719 2445 1001 2488 Acarnaniae
1030 2460 1108 2501 pro
1136 2460 1279 2487 omnes
1300 2445 1582 2487 Acarnaniae

221 2622 261 2644 πο
278 2613 375 2649 vide,
399 2622 481 2652 quae
496 2613 537 2643 ad
557 2612 625 2643 Lib.
642 2612 788 2644 xxxl.
807 2622 852 2644 Η.
897 2617 943 2643 ese
969 2613 1001 2642 ιἰι
1030 2613 1202 2643 Graeciam
1233 2612 1277 2642 ad
1305 2612 1403 2642 socios
1435 2613 1580 2650 tuendos,

176 2657 421 2692 adolescentiae,
457 2665 529 2695 cap.
567 2665 612 2694 14.
650 2660 680 2685 ct
715 2657 853 2686 militam
899 2666 969 2695 cap.
989 2665 1038 2696 ²9·
1059 2656 1158 2685 simul
1171 2656 1267 2685 ctiam
1290 2659 1487 2691 tentaturus,
1508 2665 1578 2693 cap.

176 2700 287 2738 copiis,
320 2709 391 2738 cap.
416 2696 467 2735 46.
499 2699 739 2738 Larissamqm·‚
780 2698 850 2730 Lib.
897 2707 947 2736 34.
973 2708 1123 2729 revocare
1153 2699 1318 2735 iubebant,
1351 2708 1422 2736 cup.
1448 2708 1497 2738 49.
1522 2708 1576 2736 po-

179 2740 348 2772 XXXII.
369 2750 417 2772 2¹.
439 2742 517 2781 quia
531 2743 713 2780 pepercisse
730 2742 853 2777 volant,
898 2742 974 2778 tias,
1001 2740 1069 2771 Lib.
1091 2740 1293 2771 XXXVII.
1314 2743 1362 2771 28.
1387 2742 1439 2770 sin
1463 2741 1580 2775 nn'aas,

179 2783 248 2814 Lib.
263 2783 451 2815 XXXIII.
473 2785 519 2814 18.
536 2784 764 2822 recuperandi,
783 2783 853 2814 Lib.
902 2784 971 2814 Lib.
990 2783 1018 2814 X
1029 2783 1213 2814 XXVIII.
1228 2793 1277 2820 40.
1296 2794 1355 2822 prr
1371 2784 1467 2814 calles
1482 2787 1580 2817 notos,

181 2825 360 2856 XXXIV.
380 2824 427 2856 26.
445 2827 502 2856 alii
519 2827 558 2856 ab
575 2827 648 2855 aliis
663 2827 763 2866 pulsi,
781 2836 854 2865 cup.
899 2826 1043 2866 aliosque
1061 2827 1147 2857 locos
1163 2825 1400 2857 annotavimus.

179 2876 228 2905 42.
241 2878 260 2898 a
273 2872 400 2905 senatu,
415 2868 484 2900 Lib.
499 2868 657 2900 XXXV.
674 2878 722 2900 22.
741 2870 854 2900 missus
