1888 3194
374 153 428 192 34
886 145 1034 189 TITI
1076 146 1254 189 LIVII

170 247 216 279 U.
230 246 271 279 G.
292 238 534 287 578.bellum
554 239 720 282 exarsit.
781 237 905 295 Lycii
929 253 1098 294 quoque
1129 252 1205 294 per
1234 237 1347 279 idem
1378 246 1545 295 tempus
1569 238 1621 280 ab
1644 237 1762 280 Rho-

169 290 210 321 A.
297 297 366 329 174·
378 297 458 340 diis
477 297 589 339 bello
608 296 879 338 vexabantur.
944 295 1029 336 Sed
1048 304 1317 336 externorum
1338 295 1449 337 inter
1467 311 1510 337 se
1532 295 1653 346 bella,
1677 310 1762 352 quo

378 370 571 412 quaeque
601 354 727 396 modo
758 362 874 410 gesta
907 361 1018 402 sunt,
1049 353 1245 409 persequi
1276 368 1363 394 non
1393 368 1542 409 operae
1573 361 1636 395 est
1665 353 1762 394 satis

377 428 587 470 superque
623 412 760 454 oneris
791 411 1011 452 sustinenti
1044 425 1109 452 res
1143 426 1168 451 a
1205 410 1362 467 populo
1398 411 1592 453 Romano
1626 419 1763 468 gestas

377 471 569 512 scribere.

439 527 643 570 Celtiberi
672 527 717 568 in
748 526 967 582 Hispania,
993 525 1067 582 qui
1097 525 1206 566 bello
1237 525 1384 567 domiti
1413 541 1455 567 se
1482 526 1548 567 Ti.
1570 525 1763 567 Graccho

379 585 640 635 dediderant,
663 584 799 641 pacati
819 592 1057 624 manserant
1073 582 1135 624 M.
1152 583 1314 624 Titinio
1335 593 1523 640 praetore
1546 584 1762 625 obtinente

379 643 647 700 provinciam.
710 641 986 683 Rebellarunt
1006 641 1081 681 sub
1103 640 1329 681 adventum
1353 640 1435 696 Ap.
1457 641 1640 690 Claudii,
1663 640 1795 684 orsi-4

380 716 462 757 que
483 700 641 742 bellum
661 709 759 740 sunt
783 699 834 739 ab
855 698 1075 753 repentina
1095 699 1406 753 oppugnatione
1427 707 1653 739 castrorum
1676 698 1764 739 Ro-

379 773 610 799 manorum.
672 757 815 797 Prima
846 755 919 796 lux
949 755 1079 795 ferme
1111 764 1211 804 erat,
1234 770 1364 811 quum
1390 755 1535 811 vigiles
1567 756 1612 796 in
1641 755 1763 805 vallo,

380 816 538 872 quique
567 815 611 855 in
641 822 854 870 portarum
875 812 1122 853 stationibus
1143 821 1274 861 erant,
1297 828 1429 868 quum
1449 812 1651 854 vidissent
1669 828 1765 868 pro-

379 873 449 914 cul
463 872 703 913 venientem
723 871 900 920 hostem,
919 869 972 910 ad
989 884 1102 910 arma
1117 869 1492 911 conclamaverunt.
1539 870 1622 926 Ap.
1636 869 1766 911 Clau-

379 930 486 980 dius,
522 930 641 985 signo
675 927 887 984 proposito
922 942 1101 983 pugnae,
1137 927 1281 983 paucis
1321 927 1563 969 adhortatus
1598 927 1764 978 milites,

380 988 512 1028 tribus
542 986 665 1028 simul
694 986 823 1042 portis
852 985 1011 1026 eduxit.
1077 984 1388 1026 Obsistentibus
1408 985 1461 1026 ad
1482 985 1642 1028 exitum
1666 984 1766 1027 Cel-

380 1045 535 1094 tiberis,
556 1044 691 1100 primo
711 1058 786 1100 par
806 1043 1017 1098 utrimque
1042 1042 1247 1099 proelium
1268 1043 1359 1093 fuit,
1382 1042 1480 1099 quia
1501 1051 1672 1099 propter
1691 1058 1765 1084 an-

379 1103 534 1159 gustias
561 1117 647 1143 non
675 1116 818 1142 omnes
846 1101 890 1141 in
917 1100 1105 1142 faucibus
1128 1115 1314 1157 pugnare
1336 1109 1530 1157 poterant
1551 1100 1762 1141 Romani:

380 1168 578 1214 urgentes
598 1159 752 1200 deinde
774 1158 844 1199 alii
868 1157 970 1199 alios
999 1157 1131 1199 sicubi
1152 1167 1371 1199 evaserunt
1391 1167 1510 1200 extra
1527 1158 1696 1207 vallum,
1717 1165 1766 1199 ut
1779 1174 1796 1206 5

380 1217 563 1274 pandere
585 1217 732 1266 aciem,
754 1225 796 1257 et
816 1215 1041 1271 exaequari
1068 1216 1263 1256 cornibus
1292 1216 1492 1266 hostibus,
1514 1216 1666 1272 quibus
1686 1215 1799 1257 cir-6

380 1275 660 1325 cumibantur,
691 1281 873 1330 possent,
904 1273 964 1314 ita
993 1281 1165 1329 repente
1196 1273 1449 1329 irruperunt,
1483 1282 1530 1315 ut
1562 1273 1765 1314 sustinere

380 1333 586 1389 impetum
607 1346 751 1374 eorum
776 1330 980 1373 Celtiberi
1000 1331 1236 1387 nequirent.
1299 1331 1414 1372 Ante
1442 1331 1588 1372 horam
1618 1346 1767 1372 secun-

381 1391 479 1431 dam
498 1389 608 1447 pulsi
624 1398 743 1431 sunt:
777 1389 831 1430 ad
844 1388 1087 1444 quindecim
1103 1388 1233 1429 millia
1248 1403 1366 1430 caesa
1386 1398 1459 1430 aut
1474 1397 1615 1445 capta:
1649 1388 1768 1444 signa

381 1448 577 1504 adempta
604 1448 690 1489 duo
717 1455 759 1488 et
789 1447 969 1502 triginta.
1034 1445 1183 1487 Castra
1207 1446 1330 1487 etiam
1353 1461 1403 1488 eo
1423 1445 1492 1488 die
1513 1454 1765 1502 expugnata,

382 1505 734 1561 debellatumque.
798 1503 924 1553 Nam,
956 1502 1030 1559 qui
1060 1503 1300 1559 superfuere
1335 1503 1506 1560 proelio,
1538 1504 1583 1544 in
1613 1503 1768 1560 oppida

383 1578 457 1605 sua
477 1562 625 1619 dilapsi
645 1570 753 1603 sunt.
820 1561 966 1610 Quieti
987 1561 1141 1602 deinde
1163 1570 1390 1617 paruerunt
1409 1561 1596 1617 imperio.

445 1620 651 1662 Censores
672 1635 722 1661 eo
743 1634 853 1660 anno
875 1618 1003 1660 creati
1027 1618 1080 1666 Q.
1099 1618 1270 1660 Fulvius
1292 1618 1464 1660 Flaccus
1484 1627 1527 1660 et
1547 1617 1601 1660 A.
1617 1617 1769 1659 Postu-

383 1679 491 1719 mius
522 1678 704 1719 Albinus
733 1677 926 1733 legerunt
956 1684 1169 1717 senatum:
1212 1676 1406 1732 princeps
1435 1676 1567 1718 lectus
1598 1675 1660 1717 M.
1680 1677 1768 1717 Ae-

382 1736 521 1777 milius
543 1735 730 1791 Lepidus
760 1733 951 1790 pontifex
974 1733 1191 1775 maximus.
1256 1733 1323 1775 De
1344 1743 1493 1775 senatu
1512 1748 1664 1775 novem
1684 1733 1769 1775 eie-

382 1802 543 1835 cerunt.
605 1792 797 1849 Insignes
818 1799 942 1833 notae
962 1791 1134 1832 fuerunt
1154 1791 1217 1832 M.
1237 1791 1426 1832 Cornelii
1446 1791 1766 1847 Maluginensis,

382 1851 457 1907 qui
475 1850 648 1893 biennio
669 1859 766 1891 ante
786 1857 952 1904 praetor
971 1848 1016 1888 in
1034 1847 1241 1904 Hispania
1260 1848 1395 1889 fuerat
1406 1864 1417 1898 ς
1450 1857 1493 1889 et
1508 1848 1558 1889 L.
1577 1841 1799 1908 Cornelii}

384 1908 592 1964 Scipionis
611 1906 824 1963 praetoris,
847 1905 964 1946 cuius
986 1914 1076 1945 tum
1096 1905 1207 1946 inter
1227 1905 1336 1946 cives
1366 1913 1409 1946 et
1437 1905 1679 1961 peregrinos
1703 1905 1768 1946 iu-

380 1965 567 2007 risdictio
599 1972 714 2013 erat3
752 1971 795 2004 et
825 1961 905 2003 Cn.
922 1961 1072 2012 Fulvii,
1105 1962 1178 2018 qui
1212 1961 1340 2003 frater
1372 1977 1595 2018 germanus
1629 1971 1685 2013 et,
1721 1970 1800 2008 ut9

233 290 272 322 Ω

234 537 301 576 26.

170 592 345 623 Celtibero-

169 645 241 665 rum
256 636 359 666 rebel*

170 677 224 708 lio.

238 1632 305 1671 27.

174 1687 339 1718 Censores.

175 1803 320 1843 Insignes

175 1850 280 1879 notae.

424 2114 444 2142 4
466 2103 531 2142 Ap.
543 2101 688 2139 Claudii]
716 2099 805 2130 Hinc
820 2098 973 2129 discimus
988 2098 1051 2139 Ap.

383 2144 558 2177 Claudium
572 2143 669 2174 fuisse
690 2145 870 2182 praetorem
891 2141 1054 2180 superiore

383 2197 480 2225 anno,
504 2190 537 2218 et
565 2185 746 2217 citeriorem
772 2184 969 2224 Hispaniam
999 2184 1052 2214 ob-

384 2230 526 2261 tinuisse.

428 2280 444 2311 5
468 2272 577 2303 Sicubi
606 2271 793 2308 evaserunt]
834 2270 896 2301 Ubi
925 2279 982 2308 pro
1010 2269 1050 2299 si-

383 2317 456 2346 cubi
481 2313 624 2354 reposuit
648 2312 789 2344 Bekker.
834 2311 923 2342 Olim
952 2311 1052 2342 secuti

386 2358 560 2398 legebatur,
586 2366 643 2396 pro
668 2365 732 2394 quo
756 2355 854 2386 scutis
880 2354 1051 2394 legendum

386 2400 577 2431 coniiciebat
592 2398 731 2430 Crevier.

429 2442 449 2474 6
471 2444 516 2473 Et
530 2442 705 2482 exaequari
725 2440 874 2471 cornibus
893 2439 1049 2477 hostibus]

389 2485 438 2517 Ut
461 2494 580 2515 cornua
605 2483 788 2520 extendere,
803 2485 837 2512 et
859 2481 1015 2518 hostibus,
1034 2491 1054 2511 a

386 2528 502 2568 quibus
523 2526 781 2563 circumibantur,
797 2524 967 2564 exaequari
983 2533 1053 2563 pos-

387 2574 466 2601 sent.

432 2620 448 2652 7
471 2614 610 2643 Praetor
623 2612 660 2642 in
674 2610 856 2650 Hispania]
883 2608 949 2639 Hic
966 2618 1052 2648 prae-

386 2661 436 2687 tor
447 2655 479 2686 in
494 2653 687 2694 Hispaniam
703 2653 747 2683 ire
762 2653 920 2689 noluerat,
932 2655 969 2681 ut
981 2661 1053 2681 con-

387 2702 451 2729 stat
480 2707 566 2737 supr.
598 2704 644 2735 15.
698 2695 783 2734 Ergo
812 2698 868 2725 aut
897 2694 1054 2724 delendae

387 2744 462 2772 sunt
485 2750 579 2770 voces
603 2741 639 2769 in
662 2739 840 2777 Hispania,
865 2740 921 2766 aut
946 2737 1053 2776 lapsus

387 2787 435 2815 est
450 2782 605 2813 memoria
621 2781 741 2812 Livius.
765 2780 871 2811 szv.

431 2826 450 2856 8
471 2827 508 2856 L.
526 2825 667 2856 Cornelii
692 2823 850 2862 Scipionis
872 2822 1050 2860 praetoris]

388 2869 541 2900 Testatur
557 2867 666 2897 Valer.
683 2866 773 2896 Max.
790 2864 833 2895 iii.
851 2873 879 2904 5.
901 2863 969 2894 eius
985 2874 1055 2904 pro-

389 2911 526 2951 pinquos
548 2909 671 2941 dedisse
694 2917 836 2947 operam,
853 2916 894 2937 ne
917 2910 974 2936 aut
997 2907 1055 2937 sel-

1097 2098 1162 2128 lam
1188 2107 1318 2137 ponere,
1340 2101 1397 2128 aut
1420 2098 1470 2129 ius
1494 2098 1599 2130 dicere
1623 2100 1767 2131 auderet.

1097 2141 1140 2171 Id
1162 2140 1295 2170 fortasse
1320 2144 1356 2170 ut
1380 2141 1533 2180 perficere
1555 2145 1697 2181 possent,
1710 2152 1768 2173 no-

1097 2183 1232 2213 tandum
1248 2193 1322 2213 eum
1338 2193 1357 2213 a
1373 2184 1556 2214 censoribus
1567 2189 1766 2217 curaverant.

1098 2225 1258 2261 Quamvis
1280 2225 1364 2255 enim
1388 2226 1483 2257 huius
1503 2230 1601 2257 notae
1622 2227 1653 2257 vi
1676 2237 1765 2267 prae-

1095 2272 1201 2298 turam
1222 2278 1287 2298 non
1307 2268 1479 2306 amitteret,
1494 2269 1636 2300 alienum
1655 2273 1765 2301 tamen

1096 2314 1164 2341 erat
1186 2320 1206 2341 a
1229 2310 1383 2350 dignitate
1403 2311 1517 2351 populi
1540 2312 1695 2351 Romani,
1709 2313 1765 2344 ho-

1096 2352 1216 2383 minem
1253 2363 1272 2383 a
1308 2354 1491 2385 censoribus
1532 2358 1681 2386 notatum
1716 2354 1767 2386 ius

1096 2395 1214 2433 dicere,
1225 2399 1257 2425 et
1273 2399 1413 2427 statuere
1428 2397 1469 2427 de
1484 2397 1620 2431 fortunis
1635 2396 1765 2429 civium.

1098 2437 1204 2469 (ἷκεν.

1139 2490 1158 2521 9
1182 2480 1240 2511 Cn.
1256 2482 1379 2519 Fulvii,
1396 2482 1452 2522 qui
1463 2483 1574 2522 frater
1590 2493 1769 2522 ,ammanus

1099 2547 1106 2555 .
1123 2547 1130 2554 .
1148 2547 1155 2554 .
1171 2525 1324 2562 censoris]
1366 2524 1455 2554 Huic
1486 2524 1602 2556 Fulvio
1632 2535 1765 2565 praeno-

1096 2576 1171 2596 men
1207 2566 1425 2606 assignabatur
1457 2566 1491 2597 in
1522 2567 1621 2597 veteri
1655 2568 1766 2599 codiee

1096 2609 1228 2639 Lucius.
1259 2610 1302 2639 At
1315 2609 1462 2640 Velleius
1476 2609 1497 2640 i.
1517 2619 1564 2640 10.
1581 2619 1655 2640 eum
1673 2614 1766 2641 vocat

1099 2652 1239 2681 Gnaeum
1252 2665 1261 2682 .·
1287 2651 1380 2690 eique
1399 2652 1505 2691 potius
1526 2652 1765 2683 assentiendum

1099 2693 1245 2733 Sigonius
1260 2693 1431 2725 existimat.
1476 2695 1629 2726 Ceterum
1644 2694 1684 2733 is,
1697 2695 1765 2725 sive

1097 2736 1136 2767 L.
1161 2736 1226 2766 sive
1256 2737 1316 2767 Cn.
1342 2736 1487 2775 Fulvius,
1509 2737 1595 2767 idem
1625 2740 1684 2775 est,
1709 2737 1765 2776 qui

1097 2788 1182 2817 supr.
1199 2779 1242 2808 xl.
1261 2789 1309 2817 41.
1328 2783 1459 2810 vocatur
1479 2779 1527 2811 M.
1544 2779 1679 2811 Fulvius
1694 2779 1764 2810 No-

1097 2820 1202 2858 bilior,
1217 2825 1249 2851 et
1265 2821 1381 2851 dieitur
1396 2821 1566 2863 legionem,
1580 2821 1613 2853 in
1630 2832 1694 2862 qua
1710 2821 1765 2852 tri-

1099 2864 1204 2893 bunus
1219 2863 1359 2894 militum
1375 2868 1454 2902 erat,
1465 2864 1630 2896 dimisisse.
1665 2865 1765 2901 Quod

1100 2909 1208 2937 autem
1225 2905 1257 2936 in
1275 2906 1377 2945 priore
1393 2907 1450 2938 illo
1466 2907 1537 2939 libri
1553 2916 1608 2940 XI..
1624 2907 1696 2939 loco
1712 2917 1764 2939 vo-
