1888 3194
324 171 409 210 414
651 166 743 209 EX
784 164 999 209 PETRI
1041 162 1396 207 LAMBECII

327 258 500 300 ‘daretz
537 258 611 314 qui
642 274 740 300 eum
771 258 1099 307 manumitteret,
1131 257 1309 298 civitatis
1339 254 1564 297 mutandae
1595 267 1719 295 causa

327 321 484 356 ‘manu
514 330 601 357 non
629 316 821 365 mittere3
856 316 929 371 qui
962 315 1006 356 id
1041 331 1126 356 non
1158 315 1326 363 iuraret,
1361 328 1459 354 eum
1491 311 1719 352 manumit-

328 373 532 413 ‘tendum
568 388 655 414 non
691 373 970 414 censuerunt.’
1033 371 1264 421 Secundus,
1302 371 1376 426 qui
1412 369 1601 411 eiusdem
1635 367 1719 409 loci

326 430 628 471 correctionem
672 431 861 479 tentavit,
904 439 966 471 est
1006 439 1124 471 vetus
1166 429 1323 469 amicus
1366 442 1484 468 meus
1525 427 1579 468 V.
1624 425 1716 467 CL.

326 487 505 528 Ioannes
547 487 792 528 Fredericus
835 487 1088 536 Gronovius,
1130 487 1204 542 qui
1246 486 1289 526 in
1340 484 1488 526 ultima
1531 482 1718 524 editione

328 545 518 594 Liviana,
542 560 669 600 quam
700 559 797 585 cum
828 545 912 585 suis
943 554 986 584 ct
1008 544 1233 584 Variorum
1262 542 1387 583 Notis
1409 539 1718 583 Amstelodami

326 602 435 658 typis
458 601 730 642 Elzevirianis
752 602 804 641 A.
828 603 949 642 1665.
973 601 1104 641 tribus
1126 599 1273 640 Tomis
1294 600 1338 639 in
1360 603 1451 640 Svo.
1476 597 1718 655 publicavit,

325 674 450 714 supra
478 666 707 699 memorata
726 658 852 698 verba
878 657 1051 697 exhibet
1078 657 1158 697 hoc
1186 656 1337 697 modo:
1373 661 1385 680 ‘
1403 656 1474 696 Ad
1506 655 1643 711 legem
1676 661 1720 695 et

327 716 540 756 ‘edictum
585 714 782 755 Consulis
826 713 1244 755 Senatusconsultum
1285 712 1496 753 adiectum
1536 721 1623 753 est:
1673 719 1720 752 ut

327 773 561 820 ‘Dictator,
601 770 773 820 Consul,
811 770 1017 819 Interrex,
1056 771 1229 819 Censor,
1267 769 1455 817 Praetor,
1492 769 1567 823 qui
1605 782 1719 809 nunc

327 836 460 870 ‘esset
496 828 610 884 apud
643 828 886 877 FORVM,
922 827 1067 876 ¹5***,
1102 842 1230 882 quem
1262 826 1642 874 manumitteretur,
1675 824 1721 864 in

326 886 589 926 ‘libertatem
617 884 912 935 vindicaretur,
941 893 989 925 ut
1018 883 1307 925 iusiurandum
1339 883 1482 923 daret:
1515 882 1590 938 qui
1622 895 1721 922 eum

326 949 338 966 ‘
354 942 684 991 manumitteret,
707 942 885 983 civitatis
907 941 1134 982 mutandae
1156 955 1281 982 causa
1307 955 1394 981 non
1419 940 1612 980 mittere:
1646 938 1722 994 qui

326 999 398 1040 ‘id
433 1015 519 1040 non
556 999 722 1048 iuraret,
760 1014 856 1040 eum
898 998 1283 1040 manumittendum
1319 1012 1405 1038 non
1441 995 1723 1038 censuerunt.’

327 1057 383 1098 Et
408 1057 466 1098 sic
495 1057 669 1112 quidem
697 1056 767 1097 ille
792 1056 909 1097 locus
936 1057 994 1097 ibi
1026 1056 1181 1112 legitur
1211 1055 1256 1095 in
1288 1055 1378 1111 ipso
1412 1062 1641 1095 contextu:
1675 1053 1721 1093 in

325 1114 512 1170 margine
534 1122 675 1155 autem
697 1114 915 1155 annotavit
943 1113 1056 1154 idem
1085 1128 1211 1169 supra
1233 1112 1428 1153 laudatus
1456 1111 1722 1152 doctissimus

326 1176 355 1201 ¹⁷
370 1171 623 1220 Gronovius,
659 1171 793 1212 videri
829 1171 907 1212 sibi
947 1170 1174 1226 legendum
1215 1184 1330 1210 esse:
1380 1168 1471 1210 ‘Ut
1511 1168 1719 1216 Dictator,

326 1230 339 1249 ‘
355 1227 529 1278 Consul,
546 1227 719 1277 Censor,
734 1228 922 1277 Praetor,
937 1228 1011 1283 qui
1028 1228 1158 1270 TVN
1169 1227 1203 1268 C
1221 1235 1328 1267 esset
1345 1225 1458 1282 apud
1475 1225 1555 1266 FO
1563 1225 1718 1273 RVM,

327 1289 480 1341 ‘quem
529 1284 1132 1334 MANVMITTERENT,
1174 1284 1218 1324 in
1258 1283 1493 1324 libertatem
1533 1281 1722 1323 vindica-

327 1346 483 1391 ‘retur,
523 1342 577 1382 SI
613 1341 905 1382 iusiurandum
941 1341 1072 1390 daret,
1112 1341 1204 1382 etc!
1263 1341 1428 1382 Verum
1461 1339 1575 1380 enim
1607 1353 1720 1388 vero,

325 1400 527 1454 quoniam
548 1414 601 1439 ne
623 1399 702 1440 hoc
724 1398 896 1454 quidem
919 1398 1153 1439 remedium
1181 1397 1368 1438 sanando
1395 1396 1464 1437 isti
1492 1396 1584 1436 loco
1609 1395 1722 1436 suffi-

325 1457 394 1506 cit,
436 1471 605 1497 necesse
648 1465 723 1505 est,
765 1465 812 1496 ut
857 1470 1116 1496 recurramus
1163 1454 1216 1495 ad
1262 1454 1401 1510 ipsum
1446 1452 1722 1509 archetypum

326 1513 567 1569 Exemplar,
602 1513 674 1553 ubi
710 1527 808 1554 eum
843 1512 901 1554 ita
936 1512 1136 1569 scriptum
1169 1511 1320 1568 reperi,
1353 1510 1416 1552 uti
1448 1510 1517 1551 hic
1549 1509 1724 1565 ponitur

326 1580 424 1612 ante
446 1569 588 1612 oculos
606 1586 615 1610 :

978 1668 1550 1711 ADLEGEMETEDIC

326 1729 653 1782 TVMCOrss.
697 1728 782 1781 s—C.
821 1733 1723 1781 ADIECTVMESTVTDICTATOR

327 1796 1727 1852 CON‘SJNTERREXCENSORffl‘zQVINVNCESSET

326 1876 499 1918 APVT
515 1870 1646 1921 EORVMQVEMMANVMITTERETVRIN
1660 1868 1724 1911 LI

329 1936 1701 1985 BERTATEMVINDICARETVRVTIVSIVRANDV

329 2004 1704 2058 MDARETQVIEVMMANVMITTERECIVITATIS

327 2072 1697 2119 MVLTANDAECAVSAMANVNONMITTERENQ

326 2139 1692 2187 VIDNONIVRAREEVMMANVMITTENDVMNO

327 2208 1713 2255 NCENSVEstVNTHAECINPOSTERVMCAVSAIV

329 2278 857 2327 SSIQVEEDICTOG
888 2267 1313 2320 CLAVDICON—S.
1339 2276 1724 2318 CLAVDIODE

330 2345 686 2388 cssETAEsT.

332 2456 427 2497 Hoc
460 2464 547 2497 est:
589 2454 691 2495 ‘Ad
723 2454 858 2509 legem
892 2462 935 2495 et
967 2453 1152 2495 edictum
1186 2453 1368 2495 consulis
1401 2458 1433 2483 18
1445 2452 1725 2494 Senatuscon-

332 2520 344 2538 ‘
359 2513 514 2555 sultum
535 2511 746 2553 adiectum
768 2519 843 2561 est,
866 2520 913 2552 ut
942 2511 1148 2560 Dictator,
1174 2510 1349 2560 Consul,
1374 2509 1580 2558 InterreX,
1609 2508 1725 2550 Cen-

379 2690 416 2722 16
440 2691 487 2722 Hi
508 2695 537 2721 tr
558 2701 572 2720 s
592 2694 659 2720 aste
677 2700 685 2719 1
724 2699 733 2719 1
753 2689 821 2720 sine
838 2688 935 2719 dubio
951 2688 1005 2718 hic
1049 2688 1150 2725 stitcs,
1171 2689 1273 2727 Ludg.
1296 2688 1411 2718 Batav.
1435 2691 1504 2727 typ.
1530 2687 1668 2720 Elzevir.
1685 2688 1725 2721 A.

333 2734 482 2765 collocati
511 2736 597 2769 sunt,
620 2736 656 2762 ut
730 2731 872 2768 nificent,
897 2732 1005 2761 locum
1055 2729 1144 2768 1645.
1171 2730 1204 2760 in
1236 2740 1338 2761 mmo.
1366 2730 1539 2769 separatim
1564 2730 1668 2761 editas
1692 2740 1726 2772 p.

333 2777 419 2806 hunc
454 2775 553 2805 videri
590 2775 685 2805 mutil
731 2784 753 2805 ι.
799 2774 863 2805 Sed
1051 2771 1070 2803 6
1117 2797 1124 2803 .

333 2818 414 2849 nihil
430 2819 530 2849 deest.
1097 2815 1133 2845 18
1158 2814 1252 2845 Haec
1269 2824 1331 2845 vox
1353 2814 1540 2844 abbreviata
1556 2814 1588 2845 S.
1605 2814 1642 2845 C.
1659 2813 1726 2845 sive

380 2868 417 2900 17
441 2860 528 2890 Vide
570 2859 648 2890 tiam
672 2869 689 2889 e
741 2859 813 2888 dem
839 2858 907 2889 CL.
925 2857 1005 2888 Gro-
1051 2857 1387 2894 Senatusconsultum‚
1402 2866 1571 2896 perperam
1590 2856 1725 2887 edition-

358 2903 420 2934 ovii
437 2903 543 2933 Notas
579 2903 599 2933 d
615 2902 654 2932 'R
669 2901 695 2931 L
770 2901 797 2931 L
811 2901 883 2931 bros
937 2910 994 2939 per
1051 2899 1122 2930 ibus
1138 2899 1247 2930 Caroli
1263 2898 1384 2939 Sigonii
1401 2899 1519 2930 omissa
1535 2902 1592 2929 est.
