1888 3194
315 154 400 193 494
599 148 951 191 VARIETAS
994 148 1430 191 LECTIONUM

319 241 405 282 tria
427 239 582 294 millia]
610 240 793 296 triginta
813 240 962 282 millia.
979 265 1035 269 ——
1050 240 1158 294 Cap.
1181 240 1247 280 46.
1279 240 1474 295 imperio,
1505 238 1574 280 em·
1601 238 1716 279 vide-

319 304 451 347 retur,
472 296 592 351 dato]
616 299 685 338 cui
705 298 883 352 imperio
905 298 1122 338 videretur
1142 298 1255 337 dato.

380 354 479 395 L113.
512 354 688 395 XXIX.
724 354 828 408 Cap.
864 356 926 395 12.
964 355 1019 395 ab
1055 355 1263 404 Romano,
1301 353 1369 394 cui
1403 353 1474 393 uni
1499 353 1715 408 fidebant,

322 411 507 465 auxilio]
532 411 587 452 ab
609 411 834 460 Romanis,
858 412 925 452 cui
947 412 1018 451 uni
1031 411 1231 466 fidebant
1253 410 1432 451 auxilio.
1451 435 1508 439 —
1524 410 1636 450 Ibid.
1659 409 1720 449 ad

322 470 522 510 visendas
552 467 638 522 res]
667 474 709 509 et
737 469 797 508 ad
822 468 1018 508 visendas
1042 482 1125 508 res.
1142 467 1322 521 —Cap.
1353 467 1416 507 14.
1440 467 1593 522 pridie
1612 466 1719 507 Idus

322 525 517 580 Apriles]
545 526 697 580 pridie
729 525 835 565 Idus
867 524 1242 579 Aprilis—Cap.
1271 525 1336 564 18.
1360 538 1445 578 per
1475 539 1548 565 vos
1563 524 1720 578 fidem-

325 597 406 637 que
427 581 629 635 vestram]
648 596 745 637 per,
771 595 860 629 vos,
874 582 1012 635 fidem
1040 586 1236 620 vestram.
1252 581 1430 632 —Cap.
1453 581 1521 621 27.
1545 580 1721 637 copiae-

325 639 422 694 que]
475 639 640 693 copiae.
658 661 715 666 —
733 637 839 690 Cap.
883 637 949 677 32.
993 651 1084 676 cum
1124 637 1243 676 haud
1281 637 1465 690 amplius
1493 636 1720 692 peditibus

323 695 454 749 mille]
479 710 571 736 eum
593 694 839 749 quingentis
859 693 978 733 haud
996 693 1180 747 amplius
1193 693 1430 747 peditibus.
1448 717 1506 722 -—
1522 693 1630 748 Cap.
1647 692 1718 733 34.

325 751 541 804 Salecam]
573 751 858 791 Saleram.'—
875 749 969 804 Cap
991 750 1059 790 35.
1092 748 1292 803 Salecae]
1325 749 1522 791 Salerae.
1536 773 1594 782 —-
1611 750 1719 803 Cap.

324 810 393 849 38.
417 807 543 860 Item]
567 807 700 847 Idem.
1550 846 1553 850 ἃ

386 865 484 906 [ΑΒ.
511 864 664 905 XXX.
698 863 819 917 Epir.
842 868 966 904 sexto
989 861 1167 917 decimo]
1199 863 1361 904 decimo
1382 869 1519 904 sexto.
1536 886 1595 893 ——
1611 862 1721 917 Cap.

326 925 367 963 2.
410 928 452 962 et
493 921 609 976 quia,
651 935 702 961 ne
736 935 821 976 qua
856 919 1027 974 classis]
1069 934 1121 961 ne
1157 935 1242 974 qua
1283 920 1648 975 classis.—Cap.
1681 920 1720 961 5.

327 985 529 1034 quantam
565 992 734 1018 necesse
769 976 882 1030 erat]
921 983 1083 1031 quanta
1119 992 1292 1018 necesse
1322 977 1621 1031 erat.—Cap.
1657 978 1721 1018 16.

328 1037 393 1077 bis
424 1036 508 1076 iam
539 1034 732 1088 eversae]
767 1034 832 1074 bis
862 1034 947 1074 iam
979 1040 1078 1074 ante
1108 1049 1296 1075 eversae.
1315 1059 1371 1063 —
1389 1035 1495 1089 Cap.
1525 1035 1594 1075 29.
1627 1049 1725 1075 con-

328 1100 453 1148 cepta
475 1091 602 1145 esset]
628 1097 834 1145 concepta
857 1097 934 1132 est.
953 1115 1010 1120 —-
1026 1091 1137 1131 Ibid.
1160 1092 1245 1131 sint
1275 1091 1422 1145 caesa]
1453 1098 1551 1132 sunt
1578 1105 1721 1134 caesa.

327 1175 384 1179 -
398 1151 503 1204 Cap.
528 1150 595 1189 34.
619 1163 670 1189 ne
687 1149 853 1203 pavido
864 1148 989 1202 suga
1010 1148 1337 1202 vulneribusque
1358 1149 1493 1189 milite
1513 1149 1725 1190 sinceram

329 1213 371 1249 et
403 1208 614 1262 integram
652 1206 786 1246 aciem
822 1203 1064 1257 miscerent]
1101 1219 1152 1245 ne
1178 1206 1366 1260 pavidos
1386 1206 1510 1260 fuga
1542 1205 1725 1246 vulneri-

331 1265 490 1319 busque
515 1264 670 1304 milites
694 1263 737 1302 in
767 1267 926 1302 certam
954 1267 995 1301 et
1025 1262 1239 1315 integram
1261 1262 1395 1302 aciem
1415 1263 1725 1303 miscerent.—

331 1322 437 1376 Cap.
461 1321 529 1362 35.
554 1326 595 1361 et
616 1325 717 1360 ante
737 1319 887 1368 aciem,
911 1324 953 1359 et
974 1319 1017 1358 in
1035 1318 1221 1374 proelio]
1245 1325 1285 1359 et
1306 1319 1349 1359 in
1369 1319 1540 1374 proelio
1562 1325 1602 1360 et
1625 1325 1725 1360 ante

329 1394 480 1420 aciem.

389 1436 487 1476 Lm.
512 1434 688 1475 XXXI.
724 1433 830 1487 Cap.
854 1435 892 1475 52.
917 1433 991 1488 qui
1016 1439 1115 1473 tunc
1140 1433 1183 1473 in
1204 1433 1445 1487 prouinciis
1473 1430 1615 1487 erant]
1651 1432 1725 1488 qui

330 1500 429 1534 tunc
450 1494 493 1533 in
509 1492 677 1546 proelio
700 1506 790 1532 eum
807 1491 934 1531 Boiis
955 1496 1088 1531 erant.
1105 1514 1161 1518 ——
1175 1489 1286 1530 Ibid.
1306 1490 1460 1530 tribum
1478 1488 1722 1545 Sapiniam]

330 1551 484 1591 tribum
519 1547 977 1602 Sappinicmz.——Cap.
1009 1548 1047 1586 4.
1094 1547 1141 1586 T.
1177 1546 1404 1592 Quinctius
1436 1545 1723 1600 Flamininus]

334 1607 385 1653 Q.
410 1606 691 1647 Flamininus.
709 1629 765 1633 ——
783 1604 887 1658 Cap.
912 1606 949 1645 5.
982 1604 1337 1659 quinquagesimo
1368 1603 1570 1658 secando]
1604 1604 1726 1658 quin-

330 1663 594 1719 quagesimo.
608 1686 665 1690 —-
678 1661 788 1703 Ibid.
812 1660 1142 1714 renuntiassent]
1160 1661 1528 1715 pronunciassent.
1543 1684 1600 1689 -—
1613 1660 1724 1701 Ibid.

330 1720 582 1776 responderi
605 1718 802 1774 placere]
835 1719 1094 1773 respondere
1115 1719 1307 1772 placere.
1322 1717 1499 1772 —Cap.
1519 1718 1558 1758 6.
1582 1717 1727 1758 Alteri

332 1776 564 1830 consulum]
615 1776 744 1816 alteri
785 1776 960 1816 consuli.
977 1799 1034 1804 —
1050 1775 1159 1815 Ibid.
1202 1774 1416 1829 edoceret]
1468 1776 1650 1815 doceret.
1669 1798 1728 1804 —

333 1835 438 1889 Cap.
477 1835 514 1875 7.
557 1832 760 1887 comitiis]
803 1832 986 1873 comitiis
1025 1832 1199 1873 habitis.
1217 1856 1274 1859 —
1290 1832 1402 1873 Ibid.
1440 1832 1479 1872 si
1514 1846 1728 1887 nunquam

332 1899 431 1933 ante
472 1890 604 1944 alias]
647 1890 685 1930 si
724 1905 920 1945 umquam
961 1895 1061 1930 ante
1095 1889 1221 1929 alias.
1241 1912 1299 1917 -
1316 1889 1428 1929 Ibid.
1466 1888 1725 1943 aequabitis.

332 1949 607 2003 Aequabitis,
641 1946 758 2000 dico]
797 1947 1070 2002 aequabitis:
1113 1946 1424 1986 elica—Ibid.
1460 1946 1604 1986 urbem
1636 1945 1728 1985 Ro-

333 2005 517 2059 manam]
541 2006 685 2045 urbem
707 2004 898 2044 Romam.
913 2027 970 2032 ——-
985 2003 1091 2057 Cap.
1111 2003 1147 2043 8.
1173 2003 1364 2043 consules
1386 2001 1556 2055 darent]
1582 2001 1731 2042 consul

335 2061 671 2103 draca—Ibid.
711 2061 749 2101 is
786 2059 967 2116 quoque]
1006 2059 1343 2115 atque.—Ibid.
1386 2058 1610 2112 haberent]
1652 2059 1729 2099 lea-

335 2120 465 2160 beret.
485 2119 662 2172 —Cap.
696 2118 737 2158 9.
774 2118 917 2158 roveri
957 2115 1126 2169 debere]
1169 2130 1318 2156 vovere
1358 2115 1725 2156 debera—Ibid.

335 2177 569 2231 seponique
596 2175 742 2216 statim
773 2173 963 2226 deberet]
997 2173 1148 2227 reponi
1182 2172 1328 2212 statim
1358 2172 1728 2213 debera-*Ibid.

337 2233 451 2287 quod
468 2233 506 2272 si
521 2232 697 2285 sactum
717 2230 844 2283 esset]
875 2231 989 2284 quod
1014 2230 1098 2269 nisi
1112 2229 1289 2283 factum
1319 2228 1635 2284 esset.—Cap.
1663 2229 1726 2270 11.

328 2287 629 2344 peterentque]
677 2292 837 2341 petere.
859 2311 916 2314 —
937 2286 1047 2326 Ibid.
1100 2285 1348 2339 indicasset]
1401 2286 1651 2327 iudicasset.
1671 2310 1730 2316 -——

337 2345 449 2387 Ibid.
474 2345 651 2385 liberum
672 2343 898 2384 arbitrium
921 2343 1010 2383 eius
1030 2342 1196 2397 populo
1218 2342 1415 2383 Romano
1435 2341 1726 2399 permittenti]

337 2403 513 2444 liberum
532 2400 758 2442 arbitrium
779 2401 842 2441 eis
854 2400 1020 2454 populo
1038 2399 1233 2440 Romano
1247 2400 1534 2454 permittente.
1549 2425 1606 2429 —
1621 2399 1727 2454 Cap.

342 2461 405 2500 13.
429 2459 522 2500 aeri
551 2455 710 2510 alieno]
739 2471 839 2497 aere
868 2457 1021 2497 alieno.
1040 2481 1096 2485 —
1114 2456 1219 2510 Cap.
1248 2457 1309 2496 14.
1340 2463 1382 2497 et
1409 2458 1524 2498 mille
1553 2457 1730 2498 militum

340 2515 493 2571 copiis]
526 2521 567 2556 et
598 2514 774 2554 militum
805 2513 957 2568 copiis.
976 2513 1161 2553 —Ibid.
1191 2513 1383 2554 irritatio
1413 2512 1598 2568 quidem]
1629 2513 1731 2554 irri-

340 2574 529 2614 tatio.——
551 2571 656 2625 Cap.
684 2571 748 2610 15.
781 2585 917 2625 quum,
947 2571 984 2611 si
1014 2569 1286 2623 instite‘ssent]
1319 2571 1357 2610 si
1388 2571 1731 2611 institissent.—

340 2630 451 2671 Ibid.
483 2626 716 2681 Thraciae]
745 2627 975 2668 Graeciae.
994 2627 1172 2680 —Cap.
1201 2628 1265 2666 17.
1298 2633 1354 2675 et,
1386 2627 1435 2667 id
1461 2641 1508 2668 se
1523 2625 1728 2682 facinus]

338 2693 391 2736 et,
433 2702 478 2727 se
501 2685 696 2738 ¹facinus.
714 2684 892 2738 —Cap.
931 2686 992 2724 18.
1035 2683 1334 2737 lacessieritis]
1376 2684 1652 2725 lacesseritis.
1672 2707 1731 2712 -—

339 2744 450 2785 Ibid.
474 2743 586 2784 alius
608 2740 703 2794 alii]
727 2741 829 2781 aliis
851 2741 940 2781 alii.
958 2740 1133 2793 ——Cap.
1163 2741 1223 2780 19.
1248 2741 1307 2779 ad
1326 2739 1487 2795 regem]
1510 2742 1570 2781 ad
1588 2755 1727 2796 reges.

338 2800 514 2856 ——Cap.
549 2800 617 2840 21.
665 2800 710 2839 C.
741 2797 1008 2851 Laetorium]
1057 2797 1130 2838 Cn.
1160 2797 1423 2838 Laetorium.
1443 2797 1630 2839 *Ibid.
1666 2797 1732 2838 di-
