1888 3194
622 205 912 244 INDEX.

119 281 152 320 8,
173 281 220 314 18.
250 280 450 314 comitiorum
474 291 570 313 causa
589 281 621 320 8,
643 290 692 320 23.
715 292 747 323 9,

122 331 150 364 7.
175 332 264 364 25,2.
287 325 436 356 feriarum
452 324 747 355 constituendarum

120 376 217 398 causa
232 375 261 406 7,
272 367 320 398 28.
343 366 582 406 quaestionibus
597 377 746 398 exercen-

120 409 169 440 dis
190 418 221 451 9,
241 407 289 440 26.
317 409 439 448 primus
461 409 500 440 de
523 409 619 449 plebe
643 417 672 449 7,
698 417 746 448 17.

119 452 283 483 consulem
309 452 352 482 ad
377 461 411 482 se
434 451 541 482 venire
567 451 656 483 iubet
679 451 747 482 sine

119 493 284 525 lictoribus
297 503 348 532 22,
362 503 373 524 1
383 503 408 526 1.
432 494 596 525 dictatoris
607 494 748 526 edictum

119 546 178 576 pro
193 537 326 568 numine
341 538 543 568 observatum
559 537 590 575 8,
607 546 656 576 34.
683 537 749 568 dic-

119 579 214 610 tatori
233 579 322 611 nefas
337 590 418 620 equo
434 580 482 610 uti
504 579 571 611 sine
594 580 751 620 permissu

119 621 234 661 populi
249 631 301 661 23,
320 632 367 661 14.
392 633 466 653 cum
488 622 638 663 magistro
661 623 748 663 equi-

119 667 190 695 tum
215 669 388 705 aequatum
419 665 591 705 imperium
619 675 670 703 22,
699 664 747 697 26.

120 706 268 738 dictatori
297 709 435 739 multam
466 708 585 739 dictam
617 708 749 748 quidam

121 759 234 790 pamm
257 751 466 791 probabiliter
485 751 637 791 scripsere
652 750 682 789 6,
699 752 749 789 38.

120 802 141 823 a
163 793 318 824 dictatore
345 798 553 834 provocatum
581 795 621 824 ad
649 804 749 834 popu-

121 835 190 866 lum
205 836 236 874 8,
252 845 302 876 33.
327 837 390 867 duo
413 837 584 867 dictatores
606 842 750 876 tempore

121 888 187 909 uno
204 887 254 919 23,
273 889 310 910 22
327 883 360 910 et
377 888 425 918 23.
449 880 587 910 dictator
600 879 668 910 sine
684 890 748 910 ma-

121 921 218 962 gistro
241 922 397 962 equitum,
418 922 495 953 ibid.
532 923 572 953 de
595 923 751 953 dictatore

123 964 260 995 dicendo
290 975 406 1005 magna
430 965 626 996 concertatio
649 976 680 1004 4,
701 963 750 1004 56.

124 1015 175 1046 27,
191 1016 220 1046 5·

82 1048 254 1081 Dictatura
269 1050 427 1081 semestris
443 1059 473 1090 3,
491 1051 540 1082 28.
564 1060 595 1092 9,
612 1059 661 1089 34.

82 1091 316 1133 Dictynneum,
347 1093 437 1124 locus
472 1104 571 1133 prope
603 1094 752 1132 Spartam

125 1143 178 1174 34,
193 1136 244 1175 38·

82 1176 197 1215 Didas,
227 1178 408 1218 praefectus
437 1177 610 1215 Paeoniae,
646 1178 752 1217 prodit

125 1220 242 1252 Perseo
256 1230 373 1251 arcana
384 1221 516 1251 consilia
528 1220 686 1251 Demetrii
700 1230 751 1258 40,

125 1271 175 1302 23.
209 1263 326 1294 oceidit
353 1263 558 1294 Demetrium
583 1273 632 1301 24.
656 1263 696 1294 cf.
719 1267 752 1293 et

121 1315 178 1354 ,42,
193 1313 244 1345 51,
261 1306 311 1345 58-

84 1347 165 1380 Dies
180 1349 333 1380 Alliensis
351 1349 438 1380 unde
459 1348 563 1380 dictus
578 1347 609 1387 6,
629 1358 655 1380 1.
685 1347 753 1379 dies

126 1391 304 1423 comitiales
319 1401 350 1431 3,
369 1401 415 1423 11.
446 1391 609 1422 initiorum
630 1401 682 1430 31,
705 1401 752 1429 14.

109 1428 316 1466 'Latinarum
336 1435 368 1473 8,
388 1444 434 1465 11.
464 1434 535 1465 festi
560 1434 754 1475 profestique

129 1485 160 1517 5,
182 1485 230 1516 25.
255 1486 307 1516 34,
328 1486 355 1516 3.
383 1477 497 1508 nefasti
520 1477 657 1517 fastique
679 1477 755 1507 facti

126 1530 148 1594 ἓ
169 1519 282 1551 Numa
305 1519 468 1560 Pompilio
491 1529 518 1558 1,
541 1529 588 1562 19.
619 1519 756 1560 religiosi

150 1586 159 1601 ,
178 1572 204 1594 1.

84 1604 143 1637 Dii
160 1606 323 1643 coelestes,
338 1605 428 1636 inferi
448 1615 496 1643 10,
509 1605 558 1637 28.
581 1604 756 1645 hospitales

129 1657 181 1690 39,
198 1656 248 1688 51.
276 1648 433 1688 indigetes
452 1650 482 1686 8,
498 1658 527 1689 9.
558 1649 675 1679 Manes
690 1648 721 1685 8,
736 1646 755 1679 6

127 1696 161 1723 et
178 1701 208 1733 9.
236 1700 283 1728 1ο,
301 1693 349 1722 28.
382 1692 519 1722 Penates
539 1701 565 1729 1,
585 1701 610 1722 1.
641 1690 756 1730 pracsi—

128 1734 186 1765 des
207 1734 293 1764 urbis
316 1735 442 1765 Romae
462 1743 491 1772 3,
512 1743 538 1773 7.
571 1733 704 1764 sociales
727 1743 757 1772 3,

133 1777 179 1809 18.
215 1777 271 1808 Dii
294 1787 357 1807 non
381 1777 447 1814 alii,
470 1777 529 1807 nisi
553 1776 705 1813 Romani,
725 1781 757 1807 et

129 1829 218 1851 more
243 1819 359 1860 patrio,
386 1819 512 1851 colendi
538 1831 567 1857 4,
589 1828 638 1857 3ο.
671 1820 756 1850 Deo-

128 1873 199 1893 rum
217 1863 322 1893 cultus
341 1873 381 1893 ne
396 1863 507 1893 mortis
523 1862 652 1902 quidem
669 1866 757 1892 metu

129 1905 274 1936 desertus
289 1913 320 1944 5,
337 1904 385 1943 46.
418 1906 561 1936 Deorum
581 1905 757 1936 evocando-

128 1958 200 1979 rum
223 1958 263 1979 ex
287 1948 364 1979 urbe
387 1948 495 1979 hostili
518 1958 587 1979 mos
611 1956 640 1988 5,
663 1957 711 1979 21.
741 1958 758 1979 e

130 1992 205 2023 sede
222 2001 279 2022 sua
299 1991 331 2021 in
350 1990 447 2022 aliam
469 1991 758 2023 transferendorum

129 2034 208 2065 ritus
229 2044 267 2065 ac
290 2034 400 2073 religio
418 2043 465 2066 22.
493 2034 636 2065 Deorum
660 2034 758 2073 negli-

128 2077 238 2118 gentia
249 2080 282 2108 et
297 2081 502 2116 contemptus
515 2081 621 2107 aetate
634 2076 715 2107 Livii
728 2086 757 2115 3,

131 2129 182 2152 2ο.
212 2129 261 2158 ιο,
284 2129 334 2158 40.
372 2120 445 2150 Diis
473 2120 597 2159 templa
627 2119 658 2150 in
689 2119 758 2160 ipso

130 2162 312 2194 discrimine
333 2162 467 2194 vovendi
491 2172 560 2193 mos
585 2172 633 2201 10,
654 2172 706 2200 42,
726 2165 759 2193 et

131 2205 258 2246 passim.

89 2249 164 2281 Sex.
175 2247 326 2289 Digitius,
337 2248 441 2279 socius
455 2248 589 2286 navalis,
602 2252 673 2289 post
683 2248 759 2280 Car-

132 2291 295 2332 thaginem
309 2291 438 2322 Novam
455 2296 595 2332 captam,
608 2295 707 2322 certat
720 2291 760 2322 de

132 2333 248 2407 :ngurali
262 2344 379 2365 corona
390 2345 463 2366 cum
477 2335 520 2372 Q.
531 2334 694 2366 Trebellio
709 2333 758 2372 26,

90 2419 164 2452 Sex.
178 2419 330 2459 Digitius,
346 2423 471 2460 praetor
487 2429 538 2459 34,
554 2430 604 2459 4²·
631 2419 760 2452 sortitur

133 2462 327 2503 Hispaniam
355 2462 531 2493 citeriorem
556 2472 607 2501 43.
648 2473 760 2502 parum

131 2505 210 2537 scite
225 2510 282 2536 aut
297 2506 458 2536 fortunate
481 2516 546 2536 rem
564 2505 645 2545 gerit
661 2505 691 2536 in
710 2515 760 2536 ea-

133 2549 207 2580 dem
232 2548 393 2589 Hispania
415 2556 467 2587 35,
494 2558 503 2579 1
524 2552 556 2580 et
579 2558 606 2580 2.
638 2549 762 2588 legatus

134 2599 186 2632 372
202 2603 231 2630 4·

91 2634 166 2667 Sex.
178 2633 329 2675 Digitius,
346 2634 469 2674 legatus
485 2634 517 2665 in
534 2633 761 2666 Macedoniam

135 2686 187 2716 41,
204 2685 252 2717 27.
282 2678 322 2708 ad
343 2678 538 2709 frumentum
563 2677 655 2708 classi
674 2687 762 2708 exer-

135 2719 277 2760 cituique
304 2721 516 2751 coemendum
547 2720 579 2750 in
607 2720 762 2760 Apuliam

135 2762 274 2794 mittitur
289 2772 342 2801 42,
358 2771 406 2803 27.
431 2763 502 2795 trib.
519 2763 612 2794 milit.
630 2772 682 2802 43,
703 2772 748 2801 13.

95 2803 264 2836 Dimalum
290 2809 452 2847 expugnat
477 2806 515 2838 L.
532 2804 690 2837 Aemilius
714 2815 764 2848 29,

141 2856 188 2878 12.

96 2889 290 2927 Dinarchus,
308 2890 488 2930 praefectus
502 2891 645 2932 equitum
662 2890 765 2931 gentis

139 2932 326 2964 Aetolorum
344 2942 396 2971 43,
414 2943 461 2971 24.

790 282 921 321 Diniae,
935 283 1010 313 urbs
1026 281 1186 324 Phrygiae
1201 281 1252 320 38,
1272 289 1319 321 15.

791 325 890 363 Dino,
906 325 1056 373 princeps
1074 324 1277 373 Rhodiorum
1293 335 1345 362 44,
1362 332 1412 363 23,
1427 327 1460 355 et

791 368 1364 450 1)ῑῖῗοτῖῗὲζῂζωῗῗέἓῗιῗζεὸιῗῑίῑῖἷῑ,
1380 408 1461 448 fugit

793 453 996 534 Diiiz’cizftes,
1011 498 1139 535 praetor
1160 492 1394 526 Messeniorum
1411 501 1463 534 39,

794 549 1004 620 Βίηἳπῐιεεῐιεε,
1020 584 1126 612 custos
1146 578 1285 620 corporis
1301 578 1461 618 Hierony-

834 624 890 662 mi,
915 624 949 655 in
975 634 1050 655 eum
1077 623 1222 654 coniurat
1248 625 1280 653 et
1303 621 1396 652 sociis
1421 621 1462 651 ad

835 677 909 698 eum
925 666 1182 698 interficiendum
1197 664 1301 705 aperit
1313 664 1398 695 viam
1411 672 1463 701 24,

838 716 864 749 7.
889 709 1053 750 Syracusis
1067 712 1194 749 praetor
1209 711 1334 738 creatur
1350 715 1399 746 23.

794 752 938 790 Diocles‚
965 752 1113 792 princeps
1139 751 1341 789 Aetolorum,
1370 758 1463 780 occu-

836 799 892 835 pat
909 795 1149 826 Demetriadem
1167 802 1184 833 3
1189 801 1219 833 5,
1236 803 1284 833 34.

795 838 968 876 Diodorus,
989 838 1168 878 praefectus
1190 834 1397 876 Amphipolis
1412 844 1464 873 44,

836 891 885 919 44.
911 881 979 912 eius
993 891 1054 917 ars,
1069 880 1145 911 ibid.

795 922 963 954 Diomedis
979 923 1087 963 Argivi
1104 921 1209 962 campi
1228 928 1277 961 25,
1296 931 1342 952 12.

796 966 982 1006 Dionysius,
998 965 1126 997 Siciliae
1141 969 1307 1005 tyrannus,
1331 974 1388 1004 per
1409 963 1464 994 do-

837 1009 904 1039 lum
935 1019 1041 1039 arcem
1068 1007 1217 1040 Crotonis
1243 1007 1330 1047 capit
1358 1016 1408 1044 24,
1435 1014 1463 1045 3.

838 1062 905 1082 eius
922 1062 982 1082 vox
1000 1061 1048 1082 22.

797 1094 1050 1134 Dionysodorus,
1066 1094 1189 1133 legatus
1205 1092 1308 1123 Attali
1324 1101 1376 1131 32,
1392 1100 1442 1129 32.

797 1136 997 1176 Diophanes,
1013 1140 1140 1176 praetor
1156 1136 1372 1172 Achaeorum,
1387 1133 1466 1165 leni-

837 1184 886 1209 ter
909 1179 1080 1219 castigatur
1094 1190 1113 1209 a
1129 1178 1167 1209 T.
1180 1178 1337 1214 Quinctio
1360 1178 1465 1217 legato

838 1220 889 1260 36,
905 1231 955 1260 31.
978 1222 1092 1252 missus
1114 1221 1145 1251 in
1167 1220 1325 1251 auxilium
1342 1219 1466 1257 Attalo,

837 1265 934 1304 Syros
954 1265 994 1295 ab
1013 1263 1177 1294 obsidione
1195 1263 1342 1301 Pergami
1358 1263 1466 1292 absce-

837 1307 912 1338 dere
925 1307 1008 1347 cogit
1022 1315 1073 1346 37,
1087 1316 1126 1337 2ο
1138 1310 1170 1337 et
1184 1315 1232 1337 21.
1256 1306 1380 1345 legatus
1394 1304 1466 1335 mit-

839 1350 918 1380 titur
933 1350 1073 1381 Romam
1090 1349 1142 1388 38,
1158 1357 1208 1387 32.

797 1392 983 1433 Dioxippus
999 1392 1144 1423 Athenas
1158 1390 1301 1422 defendit
1318 1390 1470 1421 adversus

842 1435 1032 1476 Philippum
1050 1444 1101 1474 31,
1118 1444 1166 1473 24.

800 1478 946 1518 Dipylon
963 1478 1099 1510 Athenis
1115 1486 1166 1516 31,
1183 1487 1233 1516 24.

800 1521 911 1559 Dirae,
927 1520 1086 1561 parricidii
1100 1520 1220 1551 ultores
1236 1529 1287 1558 40,
1304 1518 1353 1558 56.

799 1563 898 1595 Dirae
929 1564 1042 1604 populi
1072 1563 1104 1594 in
1133 1562 1323 1602 Philippum
1352 1572 1372 1593 a
1397 1560 1470 1593 Diis

841 1607 1012 1638 exauditae
1029 1616 1080 1644 40,
1097 1614 1125 1644 5.

800 1649 984 1689 Disciplina
1006 1648 1153 1679 militaris
1167 1658 1187 1678 a
1202 1647 1241 1679 T.
1255 1646 1382 1679 Manlio
1399 1657 1470 1678 san-

843 1692 906 1723 cita
931 1692 986 1723 filii
1010 1690 1163 1730 sanguine
1183 1691 1214 1727 8,
1237 1698 1264 1729 7.
1295 1691 1426 1721 defensa
1451 1700 1471 1720 a

844 1735 975 1774 Papirio
987 1734 1142 1765 dictatore
1155 1743 1195 1771 34
1204 1737 1236 1764 et
1248 1741 1296 1773 35.
1318 1733 1382 1763 iam
1396 1733 1471 1763 inde

842 1778 882 1808 ab
906 1777 1005 1808 initiis
1027 1777 1113 1808 urbis
1135 1776 1252 1807 tradita
1278 1786 1335 1816 per
1356 1785 1471 1806 manus

865 1844 874 1856 ,
896 1829 941 1860 17.

803 1830 957 1894 Dizerbia
975 1870 1003 1902 7,
1019 1873 1047 1894 2.

804 1906 881 1937 Divi
899 1906 1091 1937 Novensiles
1106 1905 1137 1942 8,
1152 1915 1182 1947 9.

803 1949 916 1987 Dium,
932 1950 1006 1980 urbs
1023 1947 1234 1980 Maceioniae
1248 1946 1298 1985 26,
1310 1955 1358 1986 25.
1380 1956 1432 1986 33,
1442 1956 1472 1986 3.

845 2001 897 2030 42,
913 1993 962 2030 38.
988 2003 1040 2031 44,
1058 2002 1073 2022 2
1091 1996 1123 2022 et
1140 2000 1168 2030 3.
1196 2001 1258 2021 non
1275 2001 1402 2030 magua,
1417 1991 1474 2021 scd

844 2035 969 2065 munita
981 2034 1115 2074 egregie,
1126 2039 1157 2065 et
1169 2038 1324 2064 exornata
1337 2033 1475 2073 publicis

844 2077 923 2108 locis
943 2082 975 2108 et
997 2076 1204 2108 multitudine
1228 2080 1406 2107 statuarum
1422 2087 1475 2115 44,

804 2162 974 2194 Dodonaei
992 2163 1078 2194 Iovis
1093 2166 1192 2193 sortes
1207 2162 1239 2200 8,
1255 2172 1305 2200 24.

805 2206 967 2237 Dolabrae
993 2207 1034 2237 ad
1060 2206 1274 2246 proruendum
1299 2205 1420 2236 vallum
1443 2214 1476 2246 9,

847 2257 897 2288 37.
920 2250 1053 2280 dolabra
1065 2249 1284 2289 refringendae
1300 2252 1411 2288 portae
1425 2249 1475 2285 28,

803 2334 955 2372 Doliche,
985 2334 1141 2374 oppidum
1179 2333 1323 2365 deditum
1359 2334 1476 2365 Perseo

845 2387 897 2416 42,
913 2386 963 2417 53.
980 2378 1019 2409 cf.
1035 2382 1067 2408 ct
1084 2388 1136 2416 44,
1153 2387 1180 2409 2.

803 2421 950 2461 Dolopes
976 2421 1223 2461 pronuntiantur
1243 2419 1332 2450 liberi
1356 2428 1407 2459 33,
1426 2428 1475 2458 34.

847 2463 1046 2504 recipiuntur
1075 2463 1171 2494 armis
1199 2474 1219 2494 a
1246 2462 1400 2503 Philippo
1425 2461 1476 2501 36,

847 2515 898 2545 33.
929 2506 1084 2537 deficiunt
1106 2506 1147 2537 ad
1172 2506 1305 2536 Aetolos
1328 2508 1379 2544 38,
1398 2514 1427 2544 3.
1457 2515 1477 2535 a.

849 2550 977 2586 Perseo,
993 2549 1137 2589 Philippi
1155 2548 1234 2585 filio,
1249 2552 1478 2588 oppugnantur

849 2600 878 2631 5.
915 2603 935 2623 a
959 2591 1192 2623 Macedonibus
1217 2592 1425 2622 devastantur
1447 2591 1476 2621 8.

848 2638 949 2665 totam
967 2639 1095 2674 gentem
1117 2635 1176 2666 sub
1192 2635 1241 2665 ius
1257 2633 1477 2673 iudiciumque

849 2688 941 2708 suum
959 2677 1042 2718 cogit
1059 2678 1194 2709 Perseus
1209 2686 1262 2716 41,
1279 2685 1328 2716 27.

808 2720 951 2760 Dolopia
967 2729 1018 2759 32,
1038 2729 1083 2760 13.
1106 2719 1157 2760 36,
1173 2729 1223 2759 33.
1246 2721 1297 2759 38,
1313 2720 1342 2751 8.
1364 2728 1416 2761 39,
1428 2717 1476 2749 26.

808 2764 867 2795 Cn.
884 2763 1058 2801 Domitius,
1075 2774 1137 2795 cos.
1154 2764 1185 2800 8,
1206 2771 1252 2803 17.

808 2806 846 2838 C.
862 2806 928 2838 sive
955 2806 1062 2846 potius
1084 2806 1145 2837 Cn.
1169 2804 1333 2836 Domitius
1355 2804 1415 2835 Cn.
1440 2802 1476 2834 F.

849 2848 1015 2886 Calvinus,
1031 2848 1144 2880 aedilis
1159 2847 1278 2879 curulis
1298 2856 1344 2883 ιο,
1356 2856 1386 2887 9.

807 2892 868 2924 Cn.
894 2891 1059 2922 Domitius
1096 2890 1337 2924 Ahenobarbus,
1365 2886 1477 2918 aedilis

852 2934 954 2974 plebis
977 2942 1028 2972 33,
1046 2942 1097 2972 42.
1130 2937 1255 2963 crentur
1279 2935 1404 2970 praetor
1427 2938 1478 2968 34,
