1888 3194
368 182 449 219 228
878 178 1249 220 ΕΡΙΤΟΜΑΕ

970 440 1157 482 XLVII.

376 556 474 598 CN.
498 556 538 596 T
544 554 868 597 REMELLIO
894 555 1062 596 tribuno
1086 555 1219 611 plebis
1244 556 1375 597 multa
1401 556 1515 597 dicta
1544 564 1620 605 est,
1646 555 1762 612 quod

373 629 470 655 cum
499 613 560 654 M.
581 612 766 654 Aemilio
794 611 960 667 Lepido
989 613 1187 667 pontifice
1219 614 1402 655 maximo
1433 613 1630 654 iniuriose
1661 627 1762 654 con-

373 671 592 719 tenderat3
625 684 933 724 sacrorumque,
956 684 1083 724 quam
1111 670 1442 724 magistratuum,
1463 671 1527 712 ius
1547 670 1762 726 potentius

370 728 461 769 fuit.
524 726 617 768 Lex
652 727 704 767 de
741 726 902 767 ambitu
935 725 1030 766 lata.
1093 725 1294 767 Lustrum
1329 742 1353 766 a
1387 727 1627 768 censoribus
1661 742 1763 768 con-

373 785 509 825 ditum
532 792 604 824 est.
661 782 801 824 Censa
821 791 918 823 sunt
938 782 1092 822 civium
1113 783 1251 838 capita
1271 791 1458 824 trecenta
1477 784 1649 839 triginta
1667 792 1763 825 octo

373 841 516 890 millia,
554 848 741 881 trecenta
775 839 1123 895 quattuordecim.
1187 840 1390 895 Princeps
1430 849 1597 881 senatus
1630 840 1764 881 lectus

374 897 583 939 Aemilius
611 896 812 952 Lepidus.
874 895 992 937 Inter
1018 896 1282 938 Ptolemaeos
1307 896 1465 946 fratres,
1488 897 1562 953 qui
1588 896 1765 939 disside-

372 956 487 1004 bant,
523 954 671 995 foedus
706 954 850 1003 ictum,
887 963 935 994 ut
969 953 1073 994 alter
1112 954 1156 994 in
1193 953 1405 1010 Aegypto,
1442 953 1547 995 alter
1584 953 1764 1011 Cyrenis

374 1021 580 1068 regnaret.
644 1011 901 1060 Ariarathes,
922 1010 1216 1067 Cappadociae
1238 1026 1325 1061 rex,
1348 1011 1523 1052 consilio
1539 1011 1763 1076 Demetrii,

374 1070 483 1126 regis
519 1069 677 1125 Syriae,
709 1080 751 1109 et
778 1068 934 1109 viribus
965 1067 1110 1124 pulsus
1141 1083 1285 1123 regno,
1314 1083 1339 1108 a
1370 1076 1518 1109 senatu
1548 1068 1766 1110 restitutus

375 1136 449 1168 est.
512 1126 634 1167 Missi
662 1141 686 1166 a
713 1134 874 1174 senatu,
896 1125 970 1181 qui
1000 1125 1110 1166 inter
1138 1124 1403 1166 Masinissam
1431 1134 1474 1167 et
1497 1124 1766 1182 Carthagini-

375 1199 495 1225 enses
534 1183 588 1224 de
629 1197 728 1239 agro
772 1182 1017 1224 iudicarent.
1082 1181 1132 1223 C.
1158 1182 1344 1223 Marcius
1383 1182 1530 1223 consul
1568 1182 1765 1224 adversus

375 1241 593 1282 Dalmatas
618 1254 766 1296 parum
793 1254 989 1295 prospere
1020 1239 1214 1295 plinium,
1236 1248 1380 1295 postea
1399 1239 1577 1281 feliciter
1602 1254 1764 1296 pugna-

374 1299 460 1347 vit,
493 1312 589 1339 cum
611 1298 764 1353 quibus
784 1296 895 1337 bello
916 1296 1169 1352 confligendi
1192 1311 1316 1337 causa
1333 1296 1426 1346 fuit,
1448 1296 1565 1353 quod
1584 1295 1764 1354 Illyrios,

377 1355 523 1411 populi
559 1354 742 1396 Romani
783 1354 928 1403 socios,
966 1362 1252 1403 v·astaverant
1295 1353 1558 1419 eandemque
1593 1362 1765 1410 gentem

378 1412 601 1454 Cornelius
652 1411 808 1452 Nasica
856 1410 1002 1452 consul
1052 1410 1227 1452 domuit.
1293 1410 1351 1459 Q.
1375 1410 1570 1466 Opimius
1619 1411 1766 1452 consul

376 1469 675 1525 Transalpinos
701 1468 891 1524 Ligures,
921 1468 995 1524 qui
1028 1467 1357 1509 Massiliensium
1389 1467 1556 1524 oppida,
1581 1467 1688 1509 Anti
1720 1483 1766 1509 o-

374 1526 449 1567 lim
471 1535 513 1568 et
534 1526 753 1575 Nicaeam,
755 1502 1002 1574 vastabant,
1024 1525 1200 1580 subegit.
1262 1524 1486 1565 Praeterea
1509 1539 1575 1566 res
1598 1524 1644 1565 in
1665 1483 1766 1566 liis-

375 1584 501 1639 pania
521 1599 545 1624 a
565 1582 849 1639 compluribus
868 1597 1017 1638 parum
1033 1596 1229 1637 prospere
1246 1589 1382 1638 gestas
1398 1581 1598 1623 continet.
1649 1581 1767 1624 Con-

375 1641 485 1682 sules
505 1656 616 1681 anno
638 1639 975 1696 quingentesimo
1002 1639 1273 1703 nonagesimo
1301 1647 1446 1680 octavo
1467 1640 1519 1680 ab
1540 1639 1643 1680 urbe
1665 1654 1767 1680 con-

375 1698 463 1739 dita
502 1697 802 1761 magistratum,
838 1696 1017 1752 peractis
1052 1696 1244 1745 comitiis,
1280 1696 1625 1761 insequentisque
1665 1696 1766 1738 anni

375 1755 616 1796 consulibus
636 1754 798 1803 creatis,
816 1753 920 1794 inire
942 1761 1184 1809 coeperunt.
1233 1752 1434 1794 Mutandi
1454 1753 1624 1794 comitia
1643 1768 1768 1796 causa

373 1812 465 1862 fuit,
489 1812 605 1867 quod
627 1811 809 1867 Hispani
839 1810 1106 1852 rebellabant.
1170 1810 1332 1866 Legati,
1362 1810 1415 1851 ad
1442 1809 1766 1875 disceptandum

373 1870 484 1910 inter
505 1869 772 1910 Masinissam
793 1876 835 1909 et
859 1867 1229 1923 Carthaginienses
1257 1867 1382 1917 missi,
1404 1868 1764 1918 renuntiaverunt,

374 1927 458 1966 vim
479 1925 636 1967 navalis
652 1925 849 1966 materiae
866 1939 908 1964 se
929 1923 1184 1980 Carthagine
1202 1924 1538 1980 deprehendisse.
1587 1923 1767 1980 Aliquot

374 1992 599 2038 praetores,
632 1997 656 2022 a
684 1981 908 2039 provinciis
939 1981 1133 2022 avaritiae
1165 1982 1335 2022 nomine
1361 1981 1556 2031 accusati,
1578 1980 1766 2023 damnati

375 2049 483 2080 sunt.

967 2267 1176 2309 XLVIII.

376 2381 681 2423 LUSTRUM
707 2396 730 2422 a
758 2381 997 2422 censoribus
1028 2382 1247 2423 conditum
1275 2390 1348 2423 est.
1414 2380 1554 2423 Censa
1579 2389 1678 2423 sunt
1706 2381 1766 2423 ci-

373 2439 489 2480 vium
530 2439 667 2494 capita
709 2447 893 2479 trecenta
932 2439 1081 2494 viginti
1121 2447 1321 2495 quattuor
1369 2438 1509 2480 millia.
1595 2438 1766 2480 Semina

374 2496 487 2537 tertii
516 2496 616 2537 belli
648 2496 800 2537 Punici
832 2496 1081 2537 referuntur.
1148 2495 1293 2544 Quum
1326 2496 1371 2537 in
1401 2496 1555 2537 finibus
1587 2496 1765 2537 Cartha-

374 2553 627 2608 giniensium
661 2553 808 2609 ingens
843 2552 1129 2594 Numidarum
1166 2553 1388 2603 exercitus,
1422 2553 1529 2595 duce
1563 2553 1765 2595 Ariobar-

375 2625 490 2659 zane,
531 2610 732 2667 Syphacis
768 2619 934 2666 nepote,
968 2610 1178 2651 diceretur
1212 2625 1314 2659 esse,
1352 2609 1415 2651 M.
1441 2610 1616 2652 Porcius
1654 2609 1764 2652 Cato

373 2667 513 2716 suasit,
545 2677 593 2708 ut
628 2667 1056 2723 Carthaginiensibus,
1086 2682 1218 2723 quum
1250 2667 1592 2717 Ariobarzanem,
1624 2667 1763 2722 specie

374 2733 520 2766 contra
552 2723 818 2765 Masinissam
853 2739 1008 2780 regem,
1042 2724 1116 2765 sed
1147 2739 1191 2765 re
1223 2739 1321 2765 vera
1355 2732 1501 2765 contra
1532 2723 1762 2774 Romanos,

373 2781 553 2823 accitum
579 2781 624 2821 in
644 2781 798 2822 finibus
827 2781 1042 2831 haberent,
1066 2780 1222 2822 bellum
1249 2780 1516 2822 indiceretur.
1582 2779 1764 2822 Contra-

373 2838 540 2884 dicente
571 2838 619 2879 P.
642 2837 841 2879 Cornelio
871 2837 1038 2888 Nasica,
1060 2838 1230 2894 placuit,
1256 2837 1414 2893 legatos
1444 2837 1554 2879 mitti
1585 2836 1764 2880 Cartha-

373 2896 528 2952 ginem,
551 2895 625 2951 qui
645 2895 972 2951 specularentur,
995 2895 1099 2951 quid
1120 2903 1321 2952 ageretur.
1378 2893 1594 2951 Castigato
1614 2903 1763 2937 senatu
