1888 3194
340 158 392 197 10
847 154 993 197 ΤΙΤΙ
1032 154 1210 197 LIVII

130 256 175 287 U.
192 256 229 288 C.
253 262 324 296 574·
336 246 523 288 delectus
543 255 661 288 extra
680 247 884 297 ordinem,
901 262 987 288 non
1008 246 1052 287 in
1072 247 1174 288 urbe
1191 254 1365 296 tantum,
1383 245 1456 287 sed
1479 253 1564 287 tota
1583 243 1717 294 Italia,

131 299 169 330 A·
193 300 230 331 C.
257 300 324 339 178.
336 303 495 346 indicti.
557 305 679 346 Duae
715 304 901 361 legiones
935 305 1089 346 civium
1131 304 1417 345 Romanorum
1448 303 1717 368 conscriptae,

337 370 380 403 et
407 362 554 403 decem
584 362 714 403 millia
742 362 933 427 peditum
964 377 1058 403 cum
1090 362 1300 417 equitibus
1329 362 1569 417 quingentis
1599 360 1719 402 sociis

336 420 518 461 nominis
558 420 701 461 Latini
741 420 952 476 imperata.
1015 419 1076 460 M.
1101 419 1246 460 Iunius
1286 418 1430 460 consul
1466 418 1638 459 transire
1674 417 1719 457 in

341 477 535 527 Galliam,
558 487 600 519 et
627 478 678 518 ab
706 477 941 518 civitatibus
969 477 1205 533 provinciae
1233 476 1334 525 eius,
1359 485 1562 532 quantum
1591 489 1720 532 quae-

338 550 420 590 que
451 543 600 590 posset,
634 535 811 575 militum
844 535 1010 590 exigere
1042 549 1184 575 iussus.
1250 534 1383 575 Simul
1412 533 1641 582 decretum,
1672 540 1720 573 ut

339 592 404 633 Ti.
428 592 630 633 Claudius
659 602 823 657 praetor
853 592 1052 633 militibus
1082 591 1257 647 legionis
1288 600 1471 647 quartae,
1494 600 1536 631 et
1561 590 1752 632 socium4

339 649 481 691 Latini
510 650 690 691 nominis
719 650 906 705 quinque
933 626 1148 698 millibus?
1150 649 1359 705 equitibus
1385 648 1576 689 ducentis
1597 647 1720 704 quin-

339 707 552 763 quaginta,
583 707 699 748 Pisas
727 716 773 747 ut
798 707 1081 756 convenirent,
1111 706 1316 755 ediceiet3
1349 721 1524 761 eamque
1552 720 1721 761 provln-

338 765 458 814 ciam,
500 765 600 806 dum
641 764 784 805 consul
824 764 923 805 inde
964 738 1136 813 abess'et,
1179 771 1405 804 tutaretur·
1454 762 1516 803 M.
1536 762 1721 803 Titinius

337 831 503 878 praetor
523 822 731 878 legionem
759 822 948 877 primam,
971 836 1114 877 parem
1134 835 1356 861 numerum
1378 819 1583 861 sociorum
1603 819 1722 875 pedi-

338 889 427 920 tum
449 880 737 935 equitumque,
762 879 1002 920 Ariminum
1032 878 1254 919 convenire
1276 878 1448 918 iuberet.
1512 876 1629 918 Nero
1649 891 1723 933 pa-

336 937 504 978 ludatus
543 937 660 977 Pisas
694 936 739 976 in
770 936 1027 991 provinciam
1061 944 1123 977 est
1153 935 1374 992 profectus.
1437 934 1634 984 Titinius,
1670 934 1719 976 C.

340 993 484 1036 Cassio
515 994 682 1035 tribuno
714 993 893 1035 militum
925 993 1179 1042 Ariminum,
1211 1008 1284 1048 qul
1314 1000 1521 1048 praeesset
1551 991 1720 1048 legioni,

336 1052 474 1102 misso,
497 1051 706 1093 delectum
733 1051 893 1092 Romae
918 1051 1075 1092 habuit.
1139 1049 1199 1091 M.
1220 1049 1367 1091 Iunius
1395 1049 1551 1099 consul,
1574 1064 1627 1090 ex
1648 1049 1723 1090 Li-

336 1110 530 1166 guribus
521 1125 561 1150 in
580 1109 834 1166 provinciam
852 1108 1034 1150 Galliam
1050 1117 1337 1164 transgressus,
1352 1107 1516 1149 auxiliis
1532 1107 1722 1163 protinus

337 1182 412 1223 per
431 1167 619 1208 civitates
643 1166 804 1208 Galliae
833 1166 1118 1223 militibusque
1145 1165 1317 1207 coloniis
1337 1165 1562 1222 imperatis,
1586 1164 1723 1221 Aqui-

336 1225 460 1266 leiam
491 1224 691 1290 pervenit.
754 1224 818 1265 Ibi
849 1224 1001 1265 certior
1029 1224 1174 1273 factus,
1206 1223 1437 1264 exercitum
1467 1222 1722 1264 incolumem

337 1298 447 1348 esse,
471 1282 632 1338 scriptis
661 1282 791 1323 1110115
824 1282 1016 1332 Romam,
1046 1297 1099 1322 ne
1132 1280 1496 1330 tumultuarentur,
1526 1280 1627 1336 ipse,
1657 1295 1723 1321 re-

337 1340 470 1381 missis
500 1340 677 1389 auxiliis,
710 1355 816 1395 quae
852 1339 983 1380 Gallis
1018 1340 1305 1396 imperaverat,
1338 1338 1391 1379 ad
1426 1338 1627 1393 collegam
1660 1346 1723 1379 est

337 1398 558 1453 profectus.
623 1397 782 1439 Romae
812 1412 963 1453 magna
984 1412 1036 1438 ex
1061 1397 1310 1462 necopinato
1338 1395 1496 1437 laetitia
1514 1395 1615 1437 fuit.
1649 1393 1721 1436 de·

336 1455 469 1496 lectus
497 1455 670 1496 omissus
698 1464 784 1496 est:
819 1455 1087 1504 exauctorati,
1118 1455 1191 1510 qui
1218 1462 1475 1495 sacramento
1503 1452 1720 1494 dixerant:

337 1521 381 1553 et
407 1513 626 1562 exercitus,
649 1513 722 1569 qui
750 1513 934 1554 Arimini
959 1512 1197 1569 pestilentia
1223 1512 1394 1552 affectus
1421 1520 1521 1561 erat,
1550 1510 1724 1552 domum

337 1570 541 1612 dimissus.
603 1570 711 1619 Istri,
744 1570 904 1626 magnis
939 1585 1069 1626 copus
1105 1584 1236 1626 quum
1268 1577 1399 1610 castra
1429 1568 1544 1609 haud
1578 1567 1725 1624 procul

338 1628 518 1669 consulis
540 1629 681 1669 castris
705 1628 920 1677 haberent,
943 1636 1163 1684 postquam
1191 1626 1367 1668 alterum
1392 1625 1606 1667 consulem
1627 1640 1724 1666 cum

339 1686 528 1727 exercitu
574 1701 682 1726 novo
729 1685 943 1726 advenisse
985 1685 1220 1734 audierunt,
1262 1684 1414 1740 passim
1453 1684 1497 1724 in
1537 1683 1724 1725 civitates

339 1743 488 1799 dilapsi
519 1752 637 1784 sunt:
672 1742 862 1784 consules
894 1742 1136 1799 Aquileiam
1165 1742 1209 1783 in
1240 1741 1416 1783 hiberna
1444 1741 1630 1798 legiones
1659 1756 1726 1782 re-

338 1801 561 1842 duxerunt.

209 1863 246 1903 6.
400 1858 553 1900 Sedato
570 1858 741 1899 tandem
762 1857 909 1898 Istrico
930 1856 1125 1906 tumultu,
1144 1855 1547 1897 senatusconsultum
1566 1855 1725 1897 factum

340 1927 414 1965 est,
431 1925 475 1956 ut
493 1915 682 1956 consules
699 1915 808 1955 inter
828 1929 870 1955 se
892 1922 1193 1969 compararent,
1208 1922 1301 1953 uter
1316 1928 1460 1954 eorum
1482 1912 1535 1953 ad
1557 1913 1726 1954 comitia

339 1972 532 2014 habenda
560 1972 741 2012 Romam
770 1971 935 2012 rediret.
1001 1971 1146 2019 Quum
1174 1971 1387 2011 absentem
1416 1969 1627 2011 Manlium
1652 1971 1726 2011 tri-

339 2030 442 2071 buni
472 2029 616 2085 plebis,
646 2030 699 2069 A.
720 2028 909 2070 Licinius
938 2028 1080 2069 Nerva
1107 2037 1149 2069 et
1177 2027 1226 2069 C.
1247 2027 1439 2084 PapIrius
1467 2027 1650 2078 Turdus,
1679 2028 1725 2069 in

340 2087 611 2129 concionibus
652 2086 892 2136 lacerarent,
930 2086 1272 2142 rogttionemque
1307 2084 1633 2141 promulgarent,
1669 2100 1723 2127 ne

343 2144 530 2185 Manlius
550 2152 644 2200 post
671 2143 772 2184 Idus
801 2143 973 2184 Martias
995 2144 1255 2207 (prorogatae
1283 2157 1465 2207 namque
1487 2143 1725 2184 consulibus

341 2203 424 2243 iam
454 2202 499 2242 in
533 2216 690 2242 annum
726 2201 961 2256 piovinciae
997 2201 1135 2255 erant)
1165 2215 1386 2256 imperium
1418 2200 1630 2250 retineret,
1662 2201 1726 2242 uti

342 2274 507 2301 causam
535 2258 747 2324 extemplo
775 2259 927 2308 dicere,
951 2273 1083 2314 quum
1108 2258 1258 2299 abisset
1283 2258 1537 2323 magistratu,
1560 2267 1723 2314 posset3

341 2317 440 2358 huic
457 2316 658 2372 rogationi
687 2316 739 2364 Q.
758 2316 905 2357 Aelius
926 2316 1084 2372 collega
1103 2315 1346 2365 intercessit,
1364 2315 1608 2372 magnisque
1626 2331 1726 2358 con-

343 2374 598 2416 tentionibus
620 2373 813 2420 obtinuit,
836 2389 889 2414 ne
910 2373 1171 2430 peifeiretur.

401 2432 484 2473 Per
511 2446 581 2473 eos
608 2431 696 2472 (1105
725 2431 776 2471 Γ
766 2446 790 2471 1
814 2430 1081 2487 Sempronius
1106 2429 1322 2471 Gracchus
1349 2438 1392 2472 et
1418 2430 1466 2472 L.
1486 2430 1726 2472 Postumius

388 2610 407 2638 4
433 2601 479 2630 Ti.
497 2600 652 2630 Claudius
679 2598 825 2639 praetor]
868 2599 921 2629 Ex
951 2598 1012 2628 hoc
1057 2597 1139 2628 disse
1163 2597 1352 2637 Sempronio
1379 2602 1410 2628 et
1438 2597 1616 2636 Postumio,
1640 2599 1726 2638 quod

345 2643 417 2673 loco
430 2646 514 2672 recte
530 2642 651 2681 colligit
668 2642 799 2681 Pighius
815 2642 900 2672 hunc
917 2645 948 2671 et
965 2642 1012 2671 M.
1057 2650 1173 2670 munus
1189 2644 1235 2670 est
1252 2640 1405 2679 praetoris
1415 2640 1526 2670 urbani
1542 2641 1726 2672 absentibus

346 2685 516 2722 Titinium,
532 2685 585 2723 qui
600 2685 682 2714 infra
698 2684 890 2721 nominatur,
906 2683 965 2713 iuri
981 2683 1013 2713 in
1059 2683 1252 2720 consulibus,
1263 2683 1415 2713 iudicavit
1431 2683 1515 2713 idem
1533 2684 1665 2723 Pighius
1676 2695 1726 2714 ur-

346 2729 424 2757 urbe
437 2727 576 2758 dicundo
590 2727 770 2767 praefuisse.
809 2726 916 2757 Ceteri
929 2726 1013 2756 enim
1058 2726 1174 2755 hanam
1210 2725 1461 2756 iurisdictionem
1493 2725 1614 2756 Titinio
1645 2727 1723 2756 obti-

348 2774 508 2810 praetores
528 2774 605 2800 tunc
626 2771 659 2800 in
679 2769 857 2809 provincias
881 2768 1015 2808 profecti
1058 2768 1149 2808 gisse,
1172 2768 1309 2799 Claudio
1334 2768 1457 2799 Neroni
1481 2768 1563 2799 inter
1586 2769 1672 2800 cives
1695 2773 1726 2800 et

348 2823 415 2843 esse
445 2813 613 2842 debebant.
661 2814 774 2848 Quum
804 2816 913 2842 autem
945 2821 1016 2850 cap.
1061 2810 1251 2851 peregrinos.
1274 2811 1381 2843 CREv.

347 2865 412 2895 seq.
430 2856 477 2887 M.
490 2855 630 2886 Titinius
649 2855 774 2886 dicatur
795 2858 941 2885 senatum
964 2854 1016 2884 de-
