1888 3194
551 147 676 188 LIB.
710 146 873 187 XLIV.
917 147 1064 188 CAP.
1099 153 1165 190 31.
1479 155 1559 194 149

165 238 389 280 Genusum
416 250 638 292 regressus,
661 235 715 276 ad
737 234 1048 276 Bassanitarum
1071 236 1275 278 auxilium
1306 241 1555 295 properavit.
1577 251 1619 283 U.
1635 251 1675 283 C.
1697 252 1770 290 584.

165 295 267 337 Non
288 293 486 336 sustinuit
505 292 657 333 famam
680 292 945 333 adventantis
966 293 1167 348 praetoris
1187 292 1382 344 Gentius,
1405 296 1560 338 soluta·
1572 294 1612 325 A.
1636 294 1675 325 C.
1702 292 1771 324 ¹⁶8·

163 367 247 408 que
268 350 485 393 obsidione
511 349 710 391 Scodram
742 364 785 390 se
811 349 992 391 contulit
1012 359 1097 390 tam
1120 350 1284 406 trepida
1304 351 1415 407 fuga,
1438 361 1485 393 ut
1505 368 1559 394 ne

164 417 298 450 totum
331 406 502 463 quidem
535 406 769 448 exercitum
800 407 1038 448 abduceret.
1102 406 1263 463 Magna
1295 423 1389 464 pars
1420 410 1561 465 copia-

162 480 269 514 rum,
301 479 423 520 quae,
455 464 488 504 si
524 463 612 504 dux
647 478 843 519 praesens
877 463 1163 506 confirmasset
1195 465 1371 515 animos,
1409 467 1560 507 morari

164 521 380 564 Romanos
407 529 615 577 poterant,
648 519 811 576 amo]to
839 536 903 570 eo,
934 521 1198 563 tradiderunt
1226 537 1281 563 se,
1345 522 1561 579 Deinceps
1636 529 1704 566 31.

163 587 206 620 et
226 579 351 620 urbes
371 578 553 634 regionis
574 577 665 619 eius
686 577 799 618 idem
821 577 1043 628 faciebant,
1066 579 1292 621 adiuvante
1323 579 1561 622 inclinatio-

163 651 263 677 nem
303 635 540 676 animorum
573 635 798 676 clementia
830 636 874 675 in
905 650 1051 677 omnes
1082 645 1125 677 et
1161 637 1319 678 iustitia
1358 638 1561 693 praetoris

165 691 361 734 Romani.
425 692 498 733 Ad
522 691 721 734 Scodram
749 692 848 733 inde
870 702 1041 733 ventum
1065 703 1140 743 est,
1163 694 1279 749 quod
1307 694 1406 735 belli
1435 705 1562 751 caput

163 759 277 799 erat3
311 765 399 791 non
426 765 476 791 eo
502 749 651 799 solum,
674 750 788 806 quod
813 749 997 791 Gentius
1028 766 1119 792 eam
1151 751 1229 792 sibi
1258 761 1426 808 ceperat
1446 752 1562 794 velut

164 807 285 864 regni
316 807 443 848 totius
475 822 626 856 arcem,
649 807 723 848 sed
745 808 870 848 etiam
894 807 1009 863 quod
1031 808 1284 850 Labeatium
1310 810 1449 865 gentis
1469 824 1561 851 mu-

164 864 370 906 nitissima
400 864 525 920 longe
563 874 626 905 est
658 873 701 905 et
733 863 913 905 difficilis
941 865 1070 906 aditu.
1135 865 1236 907 Duo
1265 866 1441 922 cingunt
1468 882 1561 908 eam

164 921 353 971 flumina,
395 921 593 963 Clausala
632 921 760 962 latere
798 922 924 971 urbis,
957 923 1073 978 quod
1109 923 1153 964 in
1190 924 1394 964 orientem
1431 933 1560 980 patet,

164 979 414 1035 praefluens,
445 978 670 1020 Barbanna
700 979 751 1020 ab
782 979 953 1034 regione
985 980 1226 1030 occidentis,
1250 996 1303 1021 ex
1330 980 1562 1023 Labeatide

164 1035 318 1092 palude
350 1036 500 1076 oriens.
564 1034 625 1076 Hi
656 1035 740 1076 duo
772 1050 916 1076 amnes
948 1037 1209 1078 confluentes
1236 1038 1433 1079 incidunt
1465 1038 1564 1080 Ori-

164 1092 270 1134 undi
300 1092 490 1141 fiumini3
525 1091 655 1148 quod,
691 1103 830 1133 ortum
863 1107 917 1133 ex
949 1103 1092 1134 monte
1133 1093 1304 1143 Scordo,
1342 1095 1484 1136 multis
1520 1104 1564 1137 et

164 1149 255 1191 aliis
285 1158 455 1190 auctum
483 1148 615 1204 aquis,
639 1149 742 1190 mari
766 1148 1015 1191 Hadriatico
1036 1150 1224 1192 infertur.
1287 1151 1417 1193 Mons
1441 1153 1563 1193 Scor-

164 1206 257 1256 dus,
278 1206 404 1263 longe
435 1205 658 1248 altissimus
688 1206 872 1261 regionis
900 1207 1003 1256 eius,
1032 1207 1084 1248 ab
1115 1208 1276 1250 oriente
1300 1208 1563 1250 Dardaniam

164 1264 396 1306 subiectam
426 1263 567 1313 habet,
594 1279 618 1304 a
648 1263 823 1304 meridie
846 1263 1157 1314 Macedoniam,
1180 1266 1232 1307 ab
1254 1281 1403 1307 occasu
1424 1265 1564 1323 Illyri-

165 1336 274 1363 cum.
340 1320 596 1377 Quanquam
634 1321 846 1361 munitum
885 1321 968 1362 situ
1004 1322 1186 1363 naturali
1221 1323 1423 1379 oppidum
1460 1333 1562 1374 erat,

163 1393 352 1435 gensque
388 1377 434 1418 id
470 1388 556 1419 tota
592 1377 831 1435 Illyriorum
868 1387 910 1420 et
944 1393 1019 1420 rex
1052 1379 1140 1436 ipse
1178 1382 1386 1431 tuebatur,
1422 1390 1563 1422 tamen

164 1445 332 1492 praetor
354 1435 585 1485 Romanus,
609 1435 707 1492 quia
737 1435 873 1492 prima
893 1447 1178 1478 successerant
1198 1453 1409 1495 prospere,
1431 1438 1564 1480 fortu-

165 1508 263 1534 nam
295 1493 422 1534 totius
453 1493 513 1534 rei
543 1493 750 1549 principia
780 1502 1017 1534 secuturam
1047 1509 1135 1536 esse
1167 1505 1293 1545 ratus,
1316 1504 1358 1537 et
1379 1496 1564 1552 repenti-

166 1565 269 1591 num
291 1549 515 1591 valiturum
539 1560 753 1600 terrorem,
772 1550 976 1592 instructo
998 1552 1187 1593 exercitu
1208 1553 1262 1593 ad
1283 1554 1450 1595 moenia
1469 1568 1564 1594 suc-

166 1607 291 1649 cedit.
357 1607 486 1655 Quod
511 1607 543 1648 si
569 1607 718 1648 clausis
748 1608 880 1663 portis
911 1623 1051 1650 muros
1081 1619 1381 1666 portarumque
1414 1620 1562 1660 turreS,

166 1664 377 1721 dispositis
407 1664 586 1713 armatis,
613 1664 913 1714 defendissent,
935 1681 1044 1706 vano
1075 1681 1171 1707 cum
1202 1667 1371 1723 incepto
1402 1668 1564 1709 moeni-

167 1722 245 1764 bus
275 1721 535 1778 pepulissent
567 1721 792 1763 Romanos.
856 1721 998 1772 Nunc,
1021 1731 1142 1778 porta
1166 1725 1332 1780 egressi,
1355 1725 1564 1780 proelium

168 1779 260 1821 loco
282 1794 418 1835 aequo
440 1779 595 1820 maiore
617 1779 758 1819 animo
780 1780 1092 1830 commiserunt,
1111 1796 1238 1836 quam
1260 1782 1560 1823 sustinuerunt.

168 1836 285 1878 Pulsi
316 1836 429 1877 enim
458 1845 500 1877 et
532 1836 631 1891 fuga
658 1836 909 1892 conglobati,
943 1853 1075 1893 quum
1106 1838 1279 1879 ducenti
1310 1839 1488 1895 amplius
1519 1840 1563 1880 in

168 1893 269 1950 ipsis
292 1893 481 1934 faucibus
512 1902 655 1949 portae
687 1893 949 1943 cecidissent,
973 1904 1136 1936 tantum
1168 1895 1404 1937 intulerunt
1435 1906 1565 1938 terro-

167 1965 270 2000 rem,
294 1959 340 1991 ut
364 1960 546 1991 oratores
574 1950 788 2006 extemplo
819 1950 872 1991 ad
902 1961 1137 2006 praetorem
1171 1953 1356 1994 mitteret
1380 1954 1564 1995 Gentius

169 2007 396 2049 Teuticum
428 2017 470 2048 et
502 2006 682 2057 Bellum,
712 2008 923 2064 principes
957 2009 1108 2064 gentis,
1138 2024 1213 2065 per
1241 2026 1346 2066 quos
1381 2011 1565 2052 indutias

168 2074 342 2122 peteret,
366 2074 412 2106 ut
432 2064 662 2106 deliberare
684 2064 737 2106 dc
759 2074 869 2106 statu
891 2081 1030 2106 rerum
1059 2082 1227 2107 suarum
1256 2077 1405 2123 posset.
1469 2068 1509 2109 T
1512 2069 1566 2108 ri-

167 2122 253 2164 duo
284 2122 327 2163 in
358 2122 438 2163 hoc
469 2122 582 2172 dato,
609 2137 740 2178 quum
772 2132 906 2164 castra
938 2123 1131 2165 Romana
1151 2125 1406 2181 quingentos
1435 2125 1564 2167 ferme

199 2195 312 2221 assus
332 2180 384 2221 ab
405 2180 507 2221 urbe
529 2179 734 2229 abessent,
757 2195 906 2221 navem
928 2181 1187 2232 conscendit,
1206 2192 1249 2223 et
1268 2182 1443 2224 flumine
1462 2182 1566 2223 Bar-

199 2252 309 2278 anna
333 2237 501 2293 navigat
533 2237 577 2277 in
611 2236 746 2278 lacum
770 2237 1018 2288 Labeatum,
1041 2238 1156 2280 velut
1185 2249 1394 2281 secretum
1426 2239 1565 2281 locum

169 2304 318 2350 petens
346 2293 399 2334 ad
430 2294 779 2343 consultandum3
815 2295 902 2344 sed,
927 2306 972 2337 ut
994 2297 1200 2352 apparuit,
1223 2296 1323 2338 falsa
1350 2312 1423 2353 spe
1452 2298 1567 2339 exci-

143 2361 249 2400 1tus,
278 2351 578 2393 Caravantium
609 2351 791 2401 fratrem,
825 2352 966 2393 multis
1000 2353 1183 2394 millibus
1212 2365 1465 2395 armatorum
1497 2371 1567 2396 co-

142 2409 272 2450 zactis
296 2424 350 2449 ex
375 2424 425 2450 ca
450 2409 634 2463 regione,
658 2409 699 2449 in
723 2424 849 2464 quam
882 2410 1029 2451 missus
1051 2421 1151 2460 erat,
1174 2411 1411 2453 adventare.
1478 2413 1565 2460 Qui

168 2475 392 2522 postquam
424 2466 593 2506 evanuit
630 2480 783 2515 rumor,
816 2467 938 2508 tertio
972 2477 1063 2524 post
1101 2468 1169 2510 dic
1205 2484 1352 2510 navem
1387 2469 1566 2510 eandem

170 2523 357 2565 secundo
378 2523 490 2564 amni
516 2522 716 2564 Scodram
745 2523 936 2566 demisit:
970 2526 1290 2582 praemissisque
1318 2527 1490 2576 nuntiis,
1522 2536 1567 2568 ut

228 2646 236 2666 1
274 2637 426 2666 ΛΙῘΙΙίΙιιωΙ
470 2641 667 2666 armatorum
711 2637 843 2674 conclis]
895 2636 1090 2675 Designatur
1110 2638 1216 2678 potius
1233 2639 1337 2669 muira
1354 2639 1463 2679 aliqua
1481 2640 1566 2670 Gen-

172 2679 297 2709 Coactis
313 2689 330 2708 c
347 2689 443 2708 manu
458 2679 602 2708 Gronov.
615 2684 674 2714 est,
687 2679 740 2709 scd
755 2681 846 2716 ‹nt-tias,
892 2679 926 2709 tii
963 2680 1060 2719 regin,
1093 2681 1123 2710 in
1159 2692 1256 2720 quam
1293 2683 1518 2716 Carauantius,
1548 2693 1567 2711 n

172 2721 257 2760 quod
277 2721 370 2759 vulgo
386 2726 503 2757 exstat,
523 2721 660 2752 Bekkcr.
677 2726 794 2751 tuetur.
893 2722 1001 2752 (flaviis
1037 2724 1084 2753 vel
1121 2734 1274 2759 reversus,
1306 2725 1353 2754 vel
1391 2731 1567 2756 revocatus.

216 2772 233 2793 ἰ
258 2765 312 2794 1⁴11
334 2774 372 2793 ea
396 2765 535 2802 rcyimw,
553 2765 586 2793 ιἰι
610 2775 705 2804 qmnn
733 2765 845 2794 misens
891 2765 1005 2794 miss-‘un
1030 2772 1111 2795 esset
1136 2777 1153 2795 n
1179 2767 1286 2801 fratre,
1309 2772 1341 2796 ut
1363 2767 1472 2806 copias
1493 2778 1565 2795 eun>

171 2806 260 2843 emt]
287 2805 378 2836 llaec
396 2816 457 2835 non
474 2805 621 2836 videntur
637 2806 845 2843 intelligendu
892 2807 1041 2837 traheret.
1090 2809 1125 2838 ld
1150 2809 1282 2839 sortasse
1306 2810 1423 2839 elutius
1446 2819 1563 2838 memo<

175 2857 241 2877 enne
257 2848 296 2877 dc
312 2848 518 2887 expeditione
535 2849 720 2879 Cnmvuntii
738 2849 768 2879 in
783 2851 843 2878 (“;ι-
890 2855 1013 2880 faverat
1042 2850 1151 2881 Livius
1174 2851 1205 2881 in
1231 2851 1267 2881 iis
1291 2862 1373 2890 quac
1396 2850 1563 2883 intercido-

177 2888 256 2925 vims,
277 2889 316 2919 de
339 2900 402 2928 qua
427 2892 699 2930 eap.1=rnec.cgit
724 2891 843 2922 Lixiw„
891 2897 972 2924 runt.
998 2894 1105 2925 Cum.
