1888 3194
370 173 456 210 240
886 168 1258 211 EPITOMAE

1008 364 1129 406 LXI.

376 481 427 523 C.
455 479 717 522 SEXTIUS
753 480 988 536 proconsul,
1020 481 1130 522 victa
1168 480 1446 522 Salluviorum
1482 486 1622 535 gente,
1655 477 1768 519 colo-

371 539 486 580 niam
509 538 656 594 Aquas
681 537 844 578 Sextias
865 537 1068 587 condidit,
1092 538 1145 579 ob
1167 552 1372 593 aquarum
1393 537 1556 593 copiam
1577 551 1600 577 e
1622 533 1768 576 calidis

368 595 617 652 frigidisque
654 594 853 643 fontibus,
890 602 1016 650 atque
1053 609 1077 635 a
1111 595 1282 635 nomine
1323 609 1398 635 suo
1434 594 1492 635 ita
1526 591 1766 649 appellatas.

376 652 458 693 Cn.
477 652 692 693 Domitius
722 650 945 706 proconsul
975 650 1170 691 adversus
1199 650 1449 706 Allobrogas
1479 650 1533 691 ad
1563 648 1769 705 oppidum
1812 672 1817 677 ·

374 708 622 749 Vindalium
657 707 835 748 feliciter
874 707 1087 762 pugnavit.
1155 707 1321 755 Quibus
1359 707 1518 748 bellum
1558 704 1767 747 inferendi

373 780 498 807 causa
536 765 628 813 fuit,
665 763 781 819 quod
822 763 1149 813 Teutomalium,
1195 763 1473 804 Salluviorum
1512 778 1668 818 regem,
1703 762 1770 803 fu-

373 823 560 878 gientem
602 820 870 875 recepissent,
914 828 957 860 et
1002 820 1117 861 omni
1163 835 1241 876 ope
1288 820 1516 868 iuvissent3
1569 819 1769 874 quodque

378 878 630 919 Aeduorum
675 891 807 933 agros,
849 877 1057 918 sociorum
1101 877 1247 933 populi
1288 877 1485 926 Romani,
1526 883 1768 917 vastassent.

378 935 428 976 C.
456 934 686 983 Gracchus,
721 934 918 975 seditioso
952 934 1168 975 tribunatu
1201 942 1308 984 acto,
1341 948 1474 990 quum
1506 932 1771 974 Aventinum

376 1007 548 1048 quoque
579 998 738 1032 armata
767 990 1037 1032 multitudine
1069 999 1325 1047 occupasset,
1351 1006 1375 1032 a
1396 990 1446 1032 L.
1468 989 1641 1047 Opimio
1670 1004 1772 1030 con-

376 1049 479 1098 sule,
505 1064 558 1090 ex
586 1047 948 1089 senatusconsulto
970 1057 1116 1089 vocato
1143 1049 1197 1089 ad
1225 1063 1339 1089 arma
1365 1047 1535 1104 populo,
1557 1046 1703 1103 pulsus
1729 1053 1772 1088 et

377 1107 539 1148 occisus
570 1114 659 1154 est3
692 1114 736 1146 et
766 1120 862 1146 cum
893 1120 944 1147 eo
972 1105 1144 1146 Fulvius
1173 1105 1347 1147 Flaccus
1374 1104 1614 1154 consularis,
1636 1103 1772 1145 socius

379 1163 569 1205 eiusdem
590 1162 749 1204 furoris.
806 1162 858 1210 Q.
876 1162 1029 1204 Fabius
1050 1162 1265 1204 Maximus
1286 1161 1446 1212 consul,
1468 1161 1606 1203 Paulli
1626 1175 1771 1217 nepos,

377 1221 583 1261 adversus·
615 1219 866 1275 Allobrogas
916 1228 958 1261 et
1009 1219 1233 1269 Bituitum,
1278 1219 1569 1261 Arvernorum
1611 1232 1770 1274 regem,

376 1277 554 1319 feliciter
585 1277 798 1333 pugnavit.
878 1276 946 1317 Ex
979 1277 1131 1318 Bituiti
1162 1277 1351 1318 exercitu
1383 1292 1503 1318 caesa
1534 1275 1664 1316 millia
1695 1274 1773 1316 ho·-

376 1335 540 1375 minum
581 1342 752 1375 centum
794 1333 954 1389 viginti.
1017 1333 1126 1389 Ipse,
1164 1349 1296 1389 quum
1337 1333 1391 1375 ad
1433 1332 1772 1374 satisfaciendum

376 1391 540 1433 senatui
561 1391 741 1432 Romam
764 1391 973 1446 profectus
998 1400 1117 1441 esset,
1142 1391 1297 1432 Albam
1322 1390 1624 1432 custodiendus
1649 1389 1773 1430 datus

377 1457 452 1498 est,
475 1448 575 1504 quia
605 1456 751 1488 contra
780 1463 926 1504 pacem
955 1447 1188 1497 videbatur,
1219 1456 1267 1488 ut
1297 1447 1342 1488 in
1373 1446 1555 1488 Galliam
1585 1446 1773 1488 remitte-

376 1514 502 1547 retur.
565 1505 797 1546 Decretum
819 1520 989 1561 quoque
1016 1514 1090 1554 est,
1113 1515 1161 1546 ut
1185 1504 1506 1560 Congentiatus,
1528 1503 1639 1544 filius
1667 1502 1771 1552 eius,

377 1562 703 1618 comprehensus
746 1561 928 1602 Romam
968 1562 1215 1603 mitteretur.
1279 1560 1529 1616 Allobroges
1568 1560 1614 1601 in
1654 1559 1774 1601 dedi-

378 1620 537 1660 tionem
571 1619 743 1674 accepti.
807 1618 856 1659 L.
879 1618 1088 1674 Opimius,
1118 1627 1336 1660 accusatus
1367 1618 1481 1674 apud
1512 1616 1717 1674 populum
1750 1631 1776 1658 a

382 1676 434 1724 Q.
453 1676 588 1717 Decio
606 1675 774 1716 tribuno
790 1675 935 1731 plebis,
955 1675 1071 1732 quod
1090 1676 1358 1718 indemnatos
1375 1676 1487 1717 cives
1503 1675 1549 1716 in
1564 1687 1774 1716 carcerem

379 1733 636 1783 coniecisset,
659 1732 871 1774 absolutus
892 1741 966 1775 est.
1574 1732 1575 1735 ¹

1003 1898 1147 1940 LXII.

385 2011 438 2059 Q.
459 2009 749 2051 MARCIUS
778 2009 924 2050 consul
958 2009 1148 2059 Stoenos,
1174 2018 1346 2065 gentem
1368 2009 1584 2066 Alpinam,
1613 2024 1776 2066 expug-

382 2068 509 2108 navit.
574 2066 767 2122 Micipsa,
793 2066 1076 2107 Numidarum
1105 2081 1192 2115 reX,
1215 2076 1404 2107 mortuus
1434 2081 1612 2122 regnum
1642 2066 1777 2108 tribus

381 2124 477 2164 filiis
509 2123 692 2178 reliquit,
721 2122 967 2173 Adherbali,
1003 2122 1252 2179 Hiempsali,
1287 2132 1329 2164 et
1362 2123 1606 2179 Iugurthae,
1638 2123 1777 2164 fratris

381 2180 481 2230 filio,
508 2195 635 2235 quem
664 2179 944 2235 adoptaverat.
1008 2179 1058 2220 L.
1083 2179 1294 2221 Caecilius
1327 2179 1530 2221 Metellus
1558 2179 1777 2221 Dalmatas

382 2237 558 2292 subegit.
622 2235 827 2292 Iugurtha
853 2236 1141 2292 Hiempsalem
1161 2237 1332 2278 fratrem
1356 2237 1466 2279 bello
1490 2237 1626 2294 petiit,
1648 2251 1776 2293 quem

381 2295 541 2335 victum
575 2293 754 2334 occidit:
797 2293 1084 2334 Adherbalem
1117 2309 1247 2350 regno
1280 2294 1469 2350 expulit:
1509 2295 1545 2335 is
1575 2309 1600 2336 a
1629 2301 1775 2335 senatu

381 2351 596 2392 restitutus
626 2359 699 2391 est.
762 2349 811 2391 L.
834 2349 1044 2392 Caecilius
1073 2350 1288 2401 Metellus,
1321 2351 1401 2393 Cn.
1421 2351 1637 2393 Domitius
1657 2350 1776 2392 Ahe-

382 2408 604 2456 nobarbus,
647 2422 852 2457 censores,
894 2408 1000 2449 duos
1046 2416 1089 2449 et
1137 2408 1306 2464 triginta
1347 2416 1496 2450 senatu
1539 2415 1774 2450 moverunt.

383 2464 609 2506 Praeterea
629 2473 766 2506 motus
790 2464 934 2521 Syriae
956 2480 1104 2521 regum
1126 2465 1326 2507 continet.

996 2639 1164 2681 LXIII.

387 2754 558 2797 CATO
600 2754 874 2798 PORCIUS
924 2758 1069 2800 consul
1118 2758 1163 2799 in
1206 2757 1388 2799 Thracia
1428 2757 1536 2798 male
1579 2756 1777 2798 adversus

387 2812 625 2854 Scordiscos
646 2814 859 2868 pugnavit.
923 2814 1125 2857 Lustrum
1147 2830 1172 2856 a
1191 2815 1432 2856 censoribus
1457 2813 1676 2856 conditum
1700 2821 1772 2854 est.

387 2869 528 2911 Censa
567 2878 666 2910 sunt
704 2870 859 2911 civium
899 2872 1037 2927 capita
1082 2880 1270 2914 trecenta
1310 2872 1540 2929 nonaginta
1579 2878 1778 2928 quattuor
