1888 3194
639 184 1072 228 KREYSSIGII.
1475 190 1556 230 387

155 296 199 335 in
238 295 408 334 mediam
447 306 584 332 aream
623 304 700 346 pro
740 292 782 331 in
823 291 994 331 mediam
1034 305 1214 339 arenam,
1251 305 1340 346 cap.
1380 295 1447 333 33.
1490 295 1560 334 secl

156 363 290 402 maria
324 361 490 401 traiciat
521 358 608 399 sive
645 360 827 398 traiiciat
856 372 933 414 pro
967 361 1099 399 maria
1133 360 1323 407 traiieiat,
1363 373 1452 414 cap.
1489 364 1556 401 34.

142 431 322 484 juerant
350 441 427 483 pro
450 428 611 482 fuerat,
645 441 734 482 cap.
771 428 839 467 36.
879 427 942 467 M.
971 427 1131 467 Acilius
1169 427 1340 468 Glabrio
1370 441 1447 483 pro
1480 430 1559 469 M.’

139 496 326 552 „Acilius
354 509 444 550 cap.
474 495 541 536 37.
571 494 797 535 Marcellus
829 509 904 536 cos.
938 493 1023 535 sive
1055 496 1195 535 consul
1221 509 1298 550 pro
1320 496 1559 546 Marcellus,

154 577 243 619 cap.
270 565 339 604 41.
367 564 621 618 praeveniret
651 564 693 602 in
714 562 944 617 Aeqyptum
974 576 1051 617 pro
1075 565 1303 617 perveniret
1333 565 1375 603 in
1396 563 1561 619 Aeyyp-

154 638 252 681 tum,
274 629 374 672 ibld.
404 631 550 671 adorta
577 644 654 686 pro
685 630 834 679 oborta,
866 643 955 685 cap.
986 632 1054 669 43.
1090 630 1138 670 T.
1163 630 1397 685 Sempronio
1418 631 1560 686 Longo

153 713 230 756 pro
256 699 490 754 Sempronio
511 699 664 754 Lonyo,
687 713 776 754 cap.
799 701 869 739 44.
894 701 1045 739 instare
1072 713 1149 754 pro
1178 705 1341 749 restare,
1371 714 1460 756 cap.
1487 702 1556 741 45.

155 783 234 809 non
261 769 319 808 ita
347 770 485 823 mayni
516 770 701 808 momenti
731 781 807 823 pro
839 782 916 807 non
950 774 1032 807 tam
1065 770 1205 822 maqnz'
1234 771 1431 818 momenti,
1457 768 1558 810 ibid.

155 839 227 877 otii
256 838 335 877 situ
367 850 444 892 pro
475 838 552 876 otio
582 838 750 891 situque,
781 850 870 891 cap.
900 838 969 876 46.
999 843 1037 876 et
1058 839 1293 891 principum
1321 839 1559 892 quibusdam

155 919 232 961 pro
253 906 487 960 principum
509 905 759 959 quibusdam,
789 919 878 960 cap.
902 907 971 945 48.
1002 920 1078 960 quo
1106 907 1147 945 in
1177 906 1258 945 loeo
1285 908 1458 946 iusserat
1484 921 1561 962 pro

155 988 233 1029 quo
253 975 294 1013 in
317 973 398 1013 loeo
419 975 519 1013 iussi
537 979 664 1021 erant,
688 972 788 1013 ibid.
822 973 985 1023 Quanto
1010 989 1071 1026 res
1096 981 1133 1013 et
1156 981 1309 1029 tempus
1328 976 1563 1029 patiebatur

156 1047 362 1096 apparatu
413 1041 631 1081 celebratae
680 1044 763 1081 eius
808 1042 887 1081 diez·
935 1042 1075 1096 epulae
1124 1050 1220 1082 sunt
1268 1057 1344 1098 pro
1389 1042 1560 1098 vulgato

164 1108 374 1159 Quantum
395 1124 457 1149 res
481 1115 519 1149 et
542 1115 695 1163 tenpus
716 1110 990 1163 patiebantur,
1015 1117 1243 1164 apparatae
1271 1111 1563 1166 celebrataeque

155 1178 239 1217 eius
265 1177 345 1216 diez·
363 1177 503 1230 epulae
527 1184 632 1225 sunt,
657 1191 681 1216 a
701 1191 786 1231 quo
809 1175 1029 1217 Bekkerus
1058 1191 1144 1217 non
1172 1177 1252 1217 nisi
1281 1177 1340 1218 ita
1359 1177 1561 1228 discessit,

156 1254 204 1286 ut
223 1243 327 1285 mihi
351 1243 475 1285 tacite
505 1244 730 1285 obsecutus
750 1245 1016 1299 patiebantur
1044 1244 1088 1284 in
1112 1246 1346 1299 patiebatur
1366 1255 1561 1295 mutaret,

155 1311 256 1354 ibid.
280 1313 337 1353 ad
361 1313 407 1352 id
430 1313 537 1368 quod
555 1327 685 1353 serum
708 1319 797 1352 erat
815 1327 891 1368 pro
913 1313 958 1352 id
976 1314 1083 1367 quod
1101 1328 1231 1353 serum
1255 1320 1353 1363 erat,
1377 1328 1467 1369 cap.
1491 1317 1560 1355 49.

149 1383 376 1438 prefectum
393 1384 474 1422 iam
492 1397 617 1436 ressem
636 1384 677 1422 in
694 1382 796 1422 Asia
815 1381 900 1422 sive
922 1381 1062 1436 potius
1076 1382 1219 1422 Asiam
1242 1397 1318 1438 pro
1334 1384 1562 1437 prefectum

156 1452 239 1491 iam
259 1465 402 1506 reyem,
421 1449 514 1491 Lib.
534 1449 756 1491 XXXIV.
773 1451 840 1490 35.
861 1464 907 1489 ne
923 1450 1030 1504 quorl
1044 1451 1246 1504 oppidum,
1264 1466 1336 1491 neu
1355 1452 1463 1506 quod
1476 1468 1564 1492 cas-

158 1520 305 1569 tellam,
322 1533 399 1575 pro
416 1534 462 1560 ne
477 1519 584 1574 quod
597 1519 799 1573 oppidum,
818 1533 865 1558 ne
880 1519 987 1572 quod
1007 1519 1223 1567 castellum,
1244 1518 1337 1560 Lib.
1359 1519 1561 1562 XXXV.

163 1591 197 1629 1.
221 1588 450 1643 opulentum
474 1587 632 1641 praeda
659 1587 870 1626 exereitum
898 1600 974 1641 pro
1000 1587 1226 1640 opulentum
1250 1588 1431 1641 praedae
1455 1603 1564 1628 exer-

160 1658 294 1704 citum,
324 1669 412 1711 cap.
438 1657 504 1695 20.
535 1655 756 1709 quindecim
787 1654 897 1693 milia
920 1655 1115 1708 peditum,
1146 1669 1222 1710 pro
1250 1657 1424 1710 quinque
1451 1657 1562 1696 milia

154 1726 348 1780 pedae‘tum,
393 1722 486 1764 Lib.
533 1722 622 1763 XX
647 1722 757 1762 xYI.
801 1725 868 1761 30.
912 1723 1083 1762 escendit
1122 1737 1197 1778 pro
1239 1724 1445 1763 adscendit
1477 1723 1563 1764 Sive

160 1793 350 1841 ascendit,
386 1790 479 1832 Lib.
522 1790 767 1831 XXXVII.
808 1793 875 1831 32.
908 1797 1141 1845 potestatem
1179 1793 1227 1830 iis
1259 1792 1354 1831 (lari
1387 1806 1464 1847 pro
1490 1808 1565 1847 po-

162 1868 338 1901 testatem
375 1862 425 1899 iis
461 1860 570 1906 dare,
608 1872 696 1913 cap.
737 1861 804 1898 52.
843 1874 888 1898 ez
925 1859 1066 1913 templo
1102 1862 1274 1908 aveas-sit,
1311 1874 1387 1915 pro
1424 1861 1566 1916 templo

161 1930 333 1977 excessit,
368 1942 456 1982 cap.
494 1929 560 1968 55.
597 1942 642 1965 ea
681 1932 723 1965 ut
759 1928 933 1966 cir-itatis
967 1928 1216 1967 Rhodiorum
1253 1935 1378 1968 essent
1409 1943 1485 1984 pro
1519 1945 1566 1969 ea

161 1999 335 2037 cz'vv'tatc's
368 1997 616 2036 Rhodiorum
651 2002 788 2043 essent,
822 2004 863 2035 ct
894 1994 987 2035 Lib.
1020 1995 1290 2036 XXXVIII.
1324 1999 1390 2037 20.
1421 2013 1447 2036 a
1479 2013 1566 2052 sep-

163 2067 353 2106 tentrione
373 2079 448 2120 pro
469 2064 526 2103 ad
544 2065 843 2117 septentrionem
865 2062 1083 2119 reperitur.
1144 2062 1386 2104 Bekkerum
1409 2073 1563 2115 autern,

163 2148 295 2190 quum
336 2131 506 2181 nullius,
541 2131 704 2187 opinor,
739 2130 923 2171 hominis
966 2138 1082 2171 tanta
1121 2130 1175 2171 sit
1210 2132 1470 2186 perversitas,
1505 2142 1565 2183 ut,

163 2200 345 2242 inventis
374 2199 576 2256 frugibus,
609 2198 762 2255 glande
793 2198 903 2240 vesci
937 2198 1066 2248 malit,
1092 2197 1349 2249 Bekkerum,
1377 2200 1565 2257 inquam,

163 2268 263 2310 artis
297 2268 464 2310 criticae
502 2267 626 2323 longe
665 2266 963 2323 peritissimum
1002 2266 1076 2306 has
1113 2265 1316 2307 lectiones
1351 2267 1441 2309 sine
1483 2269 1569 2310 ulla

163 2336 427 2378 dubitatione
449 2334 723 2391 recipiendas,
747 2335 778 2374 si
803 2343 900 2375 ante
924 2350 999 2375 nos
1029 2334 1071 2374 in
1094 2334 1240 2376 codice
1265 2334 1566 2394 Bambergensi

164 2404 405 2454 invenisset,
428 2403 639 2445 fastidiose
662 2412 981 2459 aspernaturuni
1004 2402 1142 2452 fuisse,
1167 2404 1274 2459 quis,
1297 2419 1467 2460 quaeso,
1490 2406 1567 2447 sibi

164 2472 406 2530 persuaderi
428 2471 641 2528 patiatur?

223 2540 443 2582 Postremo
477 2556 564 2582 rem
599 2548 727 2581 totam
762 2540 931 2581 conficit
966 2540 1096 2596 ipsius
1132 2540 1316 2581 Bekkeri
1350 2541 1567 2591 confessio,

165 2623 251 2651 non
284 2609 324 2650 vi
356 2624 563 2665 expressa,
598 2608 673 2650 sed
707 2617 856 2665 sponte
895 2608 1016 2657 facta,
1048 2623 1176 2663 quam
1210 2608 1384 2649 maximi
1418 2609 1472 2650 ad
1506 2625 1568 2651 re-

168 2675 396 2718 fellendum
425 2685 468 2717 et
494 2675 807 2732 coarguendum
837 2675 927 2716 eius
956 2675 1224 2718 mendacium
1252 2677 1453 2718 momenti
1481 2693 1569 2718 esse

169 2743 396 2800 unicuique
429 2744 549 2786 facile
583 2754 767 2801 apparet.
832 2743 1052 2785 Bekkerus
1084 2744 1198 2785 enim
1231 2753 1432 2801 quattuor
1462 2745 1570 2785 viro-

171 2824 262 2851 rum
295 2810 513 2853 doctorum
548 2813 824 2862 coniecturas,
857 2813 1010 2869 quibus
1044 2813 1132 2869 ipse
1167 2813 1360 2869 quintam
1392 2813 1570 2861 addidit,

171 2886 340 2919 secutus
363 2879 588 2935 quinquies
619 2895 644 2922 a
670 2880 838 2935 vulgata
867 2880 1053 2923 locorum
1084 2880 1137 2922 de
1170 2880 1326 2921 mendo
1357 2889 1571 2936 suspecto-

1221 2961 1245 2988 c
1269 2962 1291 2987 c
1314 2950 1338 2988 2
