1888 3194
650 201 943 241 INDEX.

98 274 300 317 Nymphius,
335 277 485 317 princeps
520 275 708 316 Palaepolis
741 276 772 315 8,

143 327 193 359 25.
216 321 329 352 urbem
345 319 443 351 tradit
459 318 618 351 Romanis
635 317 686 350 26.

416 447 456 479 O.

99 532 281 571 anneum,
294 533 465 564 Penestiae
481 533 638 574 oppidum
655 542 708 573 43,
724 542 771 575 19.

101 574 253 607 Obrimas
269 576 374 607 fontes
389 577 440 616 38,
460 586 507 616 15.

100 617 289 650 obsecratio
310 619 343 650 in
359 630 461 650 unum
481 619 566 650 diem
588 619 710 660 populo
726 618 772 649 in-

142 660 230 695 dieta
245 670 276 701 3,
291 661 342 701 63.
368 661 418 699 26,
431 671 479 702 23.
503 673 521 693 a
539 663 660 703 populo
676 662 774 700 facta,

141 705 371 743 praeeuntibus
391 705 569 736 duumviris
589 717 619 744 4,
643 715 692 736 21.
720 706 773 735 ob-

141 747 276 819 gecratio
293 748 378 779 circa
393 748 501 780 omnia
522 748 704 788 pulvinaria
719 757 772 787 31,

164 812 174 827 ‚
211 814 218 821 .

100 799 250 872 obsides,
272 833 346 865 fidei
369 833 484 874 pignus
505 843 557 872 42,
574 843 623 875 39.
647 832 773 864 obsides

142 875 242 907 totius
269 876 450 917 Hispaniae
477 877 612 917 Sagunti
638 876 670 907 in
701 886 774 907 arce

143 919 294 950 custoditi
317 929 368 957 22,
387 929 434 951 22.
459 930 513 951 eos
531 920 629 951 tradit
653 920 773 950 Roma-

141 961 192 992 nis
213 962 352 999 Abelox,
371 963 448 994 ibid.
477 962 739 1000 Tarentinorum,
757 972 775 993 e

141 1004 220 1045 fuga
245 1005 386 1043 retracti,
410 1005 503 1046 virgis
530 1006 720 1042 caeduntur,
743 1008 776 1035 et

143 1047 184 1078 de
209 1058 286 1079 saxo
311 1048 505 1079 deiiciuntur
532 1057 584 1088 25,
605 1056 631 1087 7.
667 1047 775 1078 civita-

142 1093 212 1121 tum
242 1091 422 1131 Hispaniae
446 1095 517 1131 post
543 1095 672 1131 captam
696 1091 773 1122 Car-

142 1132 307 1174 thaginem
332 1134 462 1164 Novam
489 1133 594 1165 reddit
617 1133 681 1164 suis
707 1133 773 1164 Sci-

100 1194 106 1198 ·
142 1175 198 1216 pio
226 1174 276 1213 26,
301 1186 351 1218 49.
390 1177 495 1207 exacti
526 1186 546 1207 a
573 1175 775 1216 Carthagini-

142 1218 283 1256 ensibus,
315 1229 358 1250 ne
392 1219 531 1250 minores
566 1219 774 1258 quattuorde-

142 1261 206 1292 cim
221 1261 324 1300 annis,
343 1272 407 1293 neu
423 1262 554 1302 triginta
569 1261 706 1292 maiores
722 1270 774 1300 3ο,

143 1312 194 1345 37.
232 1305 411 1336 redduntur
439 1304 478 1336 iis
502 1309 633 1336 centum
665 1313 717 1343 32,
745 1313 774 1334 2.

141 1347 260 1378 iterum
286 1351 416 1379 centum
445 1358 497 1387 40,
524 1357 574 1388 34.
602 1347 708 1379 exacti
735 1347 776 1377 ab

100 1417 103 1419 .
144 1390 318 1429 Antiocho,
334 1401 374 1422 ne
394 1390 534 1422 minores
553 1389 705 1422 octonum
721 1390 775 1421 de-

143 1431 221 1464 num
235 1444 404 1472 annorum,
413 1444 477 1465 neu
493 1433 629 1465 maiores
641 1431 776 1473 quinum

145 1475 397 1517 quadragenum,
413 1480 446 1508 et
468 1476 606 1508 triennio
627 1475 776 1507 mutandi

146 1519 199 1558 38,
231 1519 280 1559 38.
316 1519 643 1560 Carthaginiensium,
669 1518 777 1550 Setiae

146 1562 298 1593 custoditi
323 1571 375 1601 32,
404 1561 451 1594 26.
482 1563 521 1594 iis
544 1562 578 1593 in
607 1561 776 1602 publicum

146 1605 326 1645 prodeundi
363 1605 500 1636 facultas
536 1609 664 1646 negata,
700 1604 778 1636 ibid.

147 1648 273 1679 obsides
287 1647 320 1678 in
341 1648 513 1689 triumphis
531 1648 620 1679 ducti
639 1658 689 1688 34,
706 1656 755 1686 52.

102 1690 257 1723 Oceanus
294 1692 404 1722 orbem
435 1696 590 1722 terrarum
623 1691 779 1731 amplexu

146 1733 218 1765 finit
235 1732 286 1774 36,
306 1742 353 1774 17.

104 1776 211 1808 Ocrea
227 1777 389 1808 sinistrum
406 1788 477 1808 crus
493 1781 615 1808 tectum
632 1787 664 1819 9,
680 1784 731 1815 40.

104 1819 296 1852 Ocriculum
316 1830 366 1856 22,
385 1830 432 1852 11.

106 1862 294 1895 Ocriculani
326 1863 498 1904 sponsione
534 1864 566 1895 in
603 1862 780 1894 amicitiam

150 1906 372 1937 Romanorum
389 1906 515 1947 accepti
531 1917 562 1949 9,
579 1916 629 1946 41.

107 1948 264 1980 Octavius
280 1949 402 1980 Metius
421 1959 469 1985 10,
486 1960 536 1989 41.

106 1992 169 2024 Cn.
187 1991 342 2023 Octavius
367 1993 482 2023 aedilis
512 1992 627 2033 plebis,
655 1995 782 2032 praetor

149 2040 286 2073 creatur,
311 2040 342 2065 et
366 2035 497 2066 sortitur
522 2035 702 2067 Sardiniam
731 2034 782 2071 28,

150 2077 200 2117 38.
227 2078 267 2108 ad
289 2078 453 2119 octoginta
475 2078 635 2109 onerarias
658 2078 781 2108 Poeno-

149 2130 220 2151 rum
243 2131 340 2152 naves
360 2121 446 2162 capit
472 2120 521 2160 46.
546 2122 575 2152 ei
596 2124 783 2161 prorogatur

154 2163 326 2204 imperium
349 2174 400 2206 29,
421 2173 466 2203 13.
491 2173 543 2203 3ο,
561 2174 587 2195 2.
612 2163 784 2195 infeliciter

150 2216 191 2238 ex
222 2206 333 2238 Sicilia
362 2207 480 2238 traiicit
506 2207 538 2238 in
564 2206 706 2238 Africam
733 2216 783 2244 24.

152 2249 277 2290 legatus
291 2249 325 2281 in
342 2250 485 2282 Africam
506 2249 646 2281 mittitur
664 2258 716 2288 31,
736 2258 783 2280 11.

152 2296 279 2324 creatur
293 2293 440 2324 triumvir
461 2293 608 2324 coloniae
624 2293 783 2324 deducen-

153 2335 214 2366 dae
237 2344 290 2374 34,
316 2343 367 2375 45.
398 2337 522 2376 legatus
548 2336 581 2367 in
612 2335 784 2367 Graeciam

154 2386 207 2417 35,
230 2387 279 2417 23.
303 2389 322 2409 a
342 2378 499 2415 Quinctio
521 2379 646 2415 missus,
668 2377 785 2419 praesi-

153 2421 243 2452 dium
255 2425 288 2452 et
300 2432 419 2461 paucas
431 2432 528 2453 naves
538 2421 657 2462 accipit
672 2420 723 2460 36,
740 2430 785 2452 12.

111 2464 172 2498 Cn.
196 2464 353 2495 Octavius
387 2465 511 2505 legatus
544 2465 577 2495 in
613 2464 783 2496 Graeciam

154 2507 295 2539 mittitur
324 2517 377 2547 43,
411 2517 458 2549 19·
493 2512 620 2548 praetor
649 2510 785 2544 creatus,

154 2550 285 2582 sortitur
308 2551 442 2582 classem
468 2562 520 2589 44,
547 2558 592 2590 17.
625 2549 787 2581 decemvir

155 2603 318 2624 sacrorum
354 2594 399 2625 18.
438 2604 512 2624 cum
544 2594 644 2625 classe
676 2593 786 2624 Samo-

156 2636 301 2667 thracam
322 2637 500 2678 appellitur
522 2645 573 2675 45,
596 2645 624 2675 5.
660 2635 689 2667 ei
713 2646 787 2667 cum

157 2678 225 2710 filio
247 2679 403 2720 Philippo
423 2690 457 2711 se
481 2679 579 2710 tradit
601 2680 737 2711 Perseus
758 2678 788 2710 6.

159 2722 314 2761 praedam
357 2723 602 2754 Macedonicam
647 2723 788 2753 Romam

158 2764 221 2795 sert
237 2773 287 2803 33.
311 2764 380 2797 eius
402 2765 586 2806 triumphus
605 2765 730 2797 navalis
750 2766 790 2796 de

163 2807 280 2838 Perseo
297 2817 346 2845 42.

119 2849 337 2883 Odomantica
348 2854 443 2890 terra,
455 2851 546 2882 cuius
560 2852 602 2884 ad
618 2852 729 2883 urbem
747 2852 793 2885 Si-

163 2903 213 2924 ras
231 2893 367 2924 Paullus
382 2894 542 2926 Aemilius
563 2895 675 2927 consul
692 2900 796 2927 castra

166 2935 275 2973 habet,
291 2944 343 2976 45,
361 2947 389 2975 4.

819 277 975 317 Odrysae,
999 278 1111 319 populi
1130 277 1290 309 Thraciae
1310 287 1361 319 39,
1377 286 1427 319 53.
1451 277 1490 310 iis

858 319 962 359 parcit
978 321 1122 352 Licinius
1132 321 1276 358 Crassus,
1284 320 1360 352 ibid.
1386 322 1489 362 Odry-

857 372 964 393 sarum
979 363 1141 402 equitatus
1157 375 1208 402 44,
1223 372 1275 401 42.

816 404 995 443 Oeniadae,
1007 406 1164 445 oppidum
1182 403 1233 442 26,
1250 414 1299 443 24.
1324 405 1490 437 Oeniadae

859 447 1080 478 attribuuntur
1095 447 1318 478 Acarnanibus
1335 448 1386 487 38,
1405 457 1418 478 1
1429 458 1453 480 1.

819 490 940 528 Genus,
955 490 988 521 fl.
1006 499 1058 529 34,
1075 491 1124 521 28.

818 533 980 571 Oesalces,
1002 533 1100 564 frater
1128 532 1234 563 Galae
1260 531 1342 573 regis
1372 531 1490 563 Numi-

860 577 986 614 darum,
999 576 1088 607 fratri
1104 575 1249 606 succedit
1266 584 1317 616 29,
1334 584 1383 617 29.

818 619 914 657 Oeta,
939 629 1032 650 mons
1058 617 1109 658 36,
1139 626 1187 658 15.
1222 617 1337 649 Oetaei
1364 620 1491 648 montes

860 672 912 701 41,
930 670 978 702 27.

820 705 937 737 Ofilius
979 704 1142 742 Calavius,
1180 703 1379 743 Campanus,
1418 701 1493 735 Ovii

858 748 955 785 filius,
971 749 1076 779 clarus
1090 757 1205 788 genere
1221 746 1377 785 factisque
1392 755 1424 787 9,
1444 743 1492 777 16.

860 791 928 822 eius
949 791 1103 822 iudicium
1120 791 1160 821 de
1176 789 1303 821 silentio
1326 789 1490 820 Romano-

859 844 930 864 rum
960 837 1034 874 post
1057 833 1240 866 Caudinam
1270 831 1492 872 ignominiam,

861 876 936 907 ibid.

820 919 958 951 Officina
979 919 1132 950 Monetae
1148 917 1179 956 6,
1196 928 1245 950 20.
1270 917 1416 949 officinae
1434 927 1493 958 pu·

862 962 966 993 blicae
981 963 1148 993 institutae
1165 961 1216 999 26,
1233 970 1282 1000 50.

820 1005 881 1037 Cn.
896 1005 1066 1045 Ogulnius,
1087 1005 1159 1036 trib.
1181 1005 1224 1044 pl.
1247 1005 1351 1044 legem
1370 1003 1432 1034 fert
1452 1003 1493 1034 de

863 1048 1046 1079 sacerdotiis
1077 1058 1151 1079 cum
1185 1047 1280 1087 plebe
1315 1045 1493 1077 communi-

861 1091 972 1122 candis
996 1101 1044 1129 10,
1063 1089 1092 1121 6.
1116 1090 1230 1122 aedilis
1253 1089 1382 1127 curulis,
1404 1090 1494 1120 dam-

860 1133 944 1164 natis
986 1133 1111 1173 aliquot
1148 1132 1413 1171 foeneratoribus,
1452 1142 1493 1163 ex

861 1176 1043 1207 multaticia
1067 1175 1206 1216 pecunia
1235 1175 1319 1206 varia
1349 1176 1435 1206 dona
1461 1178 1494 1206 et

862 1229 960 1259 opera
989 1219 1022 1249 in
1049 1229 1154 1250 sacros
1181 1218 1393 1259 publicosque
1418 1227 1495 1248 usus

861 1262 939 1293 facit
957 1271 1006 1301 23.

820 1304 867 1336 Μ.
882 1305 1053 1344 Ogulnius,
1069 1305 1110 1335 ad
1131 1304 1331 1335 frumentum
1347 1303 1381 1334 in
1397 1303 1494 1334 Etru-

864 1347 909 1378 ria
925 1347 1138 1378 coemendum
1154 1346 1268 1378 missus
1284 1356 1335 1386 27,
1353 1356 1381 1386 3.

821 1390 868 1422 M.
886 1390 1058 1430 Ogulnius,
1080 1390 1152 1421 trib.
1177 1389 1272 1420 milit.
1302 1389 1342 1420 de
1370 1387 1495 1429 legione

862 1434 1015 1471 secunda,
1030 1433 1117 1465 cadit
1129 1432 1162 1464 in
1178 1431 1302 1473 proelio
1315 1442 1389 1463 cum
1407 1431 1498 1463 Boiis

821 1519 870 1550 M.
884 1519 1045 1559 Ogulnius
1068 1519 1197 1557 Gallus,
1220 1521 1348 1559 praetor
1371 1527 1423 1560 39,
1447 1515 1498 1556 56.

863 1562 994 1593 sortitur
1005 1561 1259 1593 iurisdictionem
1275 1562 1431 1592 urbanam
1444 1570 1497 1600 40,

869 1614 894 1636 1.

824 1648 868 1684 Q.
887 1647 1057 1689 Ogulnius,
1079 1647 1152 1679 tn'b.
1176 1648 1221 1688 pl.
1245 1647 1305 1678 fert
1329 1647 1433 1687 legem
1456 1647 1498 1678 de

866 1691 1052 1722 sacerdotiis
1064 1701 1138 1722 cum
1149 1691 1245 1731 plebe
1257 1690 1498 1730 communican-

867 1734 915 1765 dis
935 1744 983 1773 10,
999 1733 1028 1765 6.

826 1777 988 1809 Olbiensis
1008 1787 1083 1817 ager
1105 1780 1248 1807 vastatur
1267 1788 1287 1809 a
1307 1777 1408 1808 classe
1434 1776 1498 1808 Pu-

867 1820 940 1851 nica
958 1828 1009 1860 27,
1024 1819 1054 1851 6.

827 1862 967 1895 Olcades
988 1872 1039 1901 21,
1056 1871 1084 1901 5.
1111 1862 1288 1894 Olcadibus
1307 1862 1431 1894 bellum
1452 1861 1499 1893 in-

868 1906 929 1936 fert
973 1906 1154 1943 Hannibal,
1195 1905 1272 1938 ibid.
1318 1905 1501 1944 vincuntur,

868 1948 946 1980 ibid.

827 1992 1005 2029 Olcinium,
1021 1991 1178 2032 oppidum
1198 1991 1321 2032 Illyrici
1337 2000 1389 2032 45,
1408 1990 1457 2023 26.

827 2035 999 2066 Olciniatis
1014 2035 1202 2065 immunitas
1216 2036 1293 2066 data
1308 2043 1360 2075 45,
1379 2033 1427 2065 26.

828 2078 902 2109 Olei
918 2078 1021 2118 congii
1044 2078 1076 2109 in
1094 2078 1179 2108 vicos
1200 2079 1342 2118 singulos
1360 2077 1427 2109 dati
1451 2085 1502 2118 25,

871 2130 899 2152 2.

829 2162 976 2203 Olocrus,
992 2174 1084 2195 mons
1099 2161 1151 2203 44,
1167 2176 1217 2204 44.

829 2207 998 2245 Olonicus,
1024 2207 1090 2238 sive
1115 2206 1318 2246 Salondicus,
1344 2207 1501 2238 rebellan-

871 2251 953 2281 tium
971 2251 1211 2282 Celtiberorum
1233 2251 1299 2281 dux
1316 2260 1370 2290 43,
1382 2249 1412 2282 6.
1435 2250 1504 2282 eius

872 2294 1048 2331 temeritas,
1064 2293 1140 2325 ibid.

830 2335 997 2377 Olympia,
1013 2337 1088 2367 urbs
1105 2335 1157 2374 26,
1174 2346 1224 2375 24.
1249 2345 1301 2376 45,
1318 2336 1367 2367 28.

831 2379 1059 2420 Olympiorum
1087 2380 1232 2411 sollenne
1263 2379 1422 2411 ludicrum
1453 2387 1505 2419 27,

875 2432 924 2463 35.
950 2428 1064 2463 parant
1081 2422 1154 2454 Elei
1172 2423 1223 2461 28,
1241 2431 1270 2462 7.

829 2465 1011 2506 Olympias,
1027 2470 1131 2497 mater
1146 2466 1324 2497 Alexandri
1342 2466 1390 2497 M.
1407 2465 1439 2502 8,
1455 2474 1505 2504 24.

829 2509 1012 2550 Olympias,
1022 2509 1108 2546 urbs,
1118 2509 1194 2540 olim
1208 2508 1506 2548 Gonnocondylum

875 2561 927 2593 39,
945 2561 972 2583 ²-

833 2594 1002 2635 Olympio,
1028 2596 1153 2636 legatus
1180 2595 1292 2626 Gentii
1319 2595 1360 2625 ad
1390 2594 1507 2625 Persea

876 2649 928 2676 44⁹
953 2647 1001 2676 ²3·

835 2680 1039 2721 Olympium,
1057 2681 1145 2712 Iovis
1159 2681 1319 2720 ternplum
1335 2691 1433 2721 prope
1450 2680 1507 2720 Sy-

878 2734 1006 2754 racusas
1019 2734 1070 2762 24,
1086 2733 1136 2762 33.

836 2766 970 2840 Olym}
995 2767 1114 2798 montis
1139 2767 1171 2798 in
1195 2766 1365 2798 Thessalia
1388 2765 1509 2796 radices

880 2820 933 2849 44,
971 2833 978 2841 ·

839 2853 1012 2893 Olympus,
1028 2863 1120 2884 mons
1136 2853 1167 2883 in
1186 2852 1317 2883 Galatia
1335 2852 1385 2891 38,
1406 2851 1452 2880 18.
1476 2850 1507 2880 in

883 2905 956 2927 curn
978 2895 1103 2935 fugiunt
1124 2894 1314 2927 Tolistoboii
1342 2903 1387 2934 19.
1411 2904 1449 2923 cx
1472 2903 1510 2923 eo

884 2938 1093 2979 depelluntur
1107 2949 1126 2969 a
1145 2936 1302 2969 Romanis
1318 2946 1354 2968 20
1369 2940 1400 2966 et
1419 2945 1467 2969 21.

1212 2979 1282 3018 ‘G
