1888 3194
355 177 438 215 418
680 173 1044 216 SYLLABUS
1092 171 1431 216 CODICUM

357 265 504 321 primo.
580 264 739 306 Eorum
774 265 889 320 prius
925 265 1154 321 incipiebat
1189 279 1213 304 a
1248 279 1335 320 cap.
1375 261 1455 303 III.
1496 263 1527 317 ξ.
1565 266 1605 303 4.
1647 277 1749 304 voce

359 329 596 372 creverant,
615 331 658 363 et
673 321 890 363 desinebat
910 323 954 363 in
976 337 1064 377 cap.
1080 320 1180 362 VII.
1201 322 1232 375 ξ.
1251 321 1749 375 4.{vocefacinorisque:

359 379 566 436 posterIus
596 395 620 420 a
649 394 738 435 cap.
763 379 937 420 XXXI.
967 381 997 433 ξ.
1030 383 1064 420 1.
1094 394 1195 420 voce
1227 394 1354 427 mons,
1384 386 1426 418 et
1457 377 1676 418 desinebat
1705 376 1750 416 in

360 452 449 493 cap.
479 436 704 478 XXXIII.
733 438 764 490 ξ.
796 441 830 478 1.
859 453 960 478 voce
989 437 1198 478 traduaee't.
1260 435 1362 476 Tria
1392 435 1666 476 occurrebant
1696 447 1750 473 ex

360 495 466 535 libro
488 494 685 535 secundo.
738 494 928 535 Primum
950 493 1178 548 incipiebat
1199 507 1223 532 a
1243 507 1332 547 cap.
1357 491 1503 533 XXV.
1530 493 1560 545 ξ.
1586 495 1623 532 3.
1647 505 1749 532 voce

361 567 527 600 caussa,
550 560 593 592 et
612 551 831 592 desinebat
850 552 895 591 in
915 552 1000 591 fine
1022 565 1109 605 cap.
1135 548 1332 590 XXXII.
1356 549 1589 590 secundum
1614 564 1639 590 a
1658 563 1747 603 cap.

359 608 456 649 XL.
482 610 513 662 ξ.
542 613 604 649 12.
638 623 739 649 voce
771 609 979 656 muliebri,
1012 606 1208 647 desinens
1239 606 1282 646 in
1313 621 1401 661 cap.
1430 605 1618 647 XLVII.
1653 607 1684 659 ξ.
1710 608 1748 646 6.

358 681 459 707 voce
486 673 670 721 portas:
704 664 873 705 tertium
904 679 928 704 a
958 679 1046 718 cap.
1074 662 1166 702 LV.
1199 664 1231 716 ξ.
1263 667 1296 703 1.
1329 679 1431 704 voce
1465 665 1654 705 delectus
1684 663 1751 702 in-

359 723 519 778 cipiens
551 737 645 762 cum
680 721 771 776 ipso
804 720 909 761 libro
942 719 1170 760 desinebat.
1237 719 1469 774 Sequentes
1500 729 1594 761 octo
1623 720 1750 761 libros

359 780 428 820 hic
461 779 595 820 codex
629 778 813 833 integros
846 777 1099 825 exhibebat3
1133 776 1213 816 nisi
1244 776 1360 832 quod.
1392 775 1436 816 in
1465 776 1572 817 libro
1601 777 1750 832 quinto

360 851 490 877 unum
525 835 591 876 vel
627 834 805 875 alterum
841 834 987 875 folium
1020 833 1328 874 desideraretur
1360 848 1384 873 a
1415 848 1502 888 cap.
1531 836 1594 874 11.
1624 835 1655 887 ξ.
1683 837 1747 874 12.

358 908 459 934 voce
492 908 703 947 usmpare
738 906 870 946 usque
907 891 960 931 ad
1001 906 1089 946 cap.
1129 890 1185 931 X.
1221 891 1252 944 ξ.
1285 894 1324 931 4.
1362 905 1508 931 vocem
1543 892 1751 932 militum:

358 950 557 1006 quodque
580 949 624 989 in
645 948 751 990 libro
773 949 937 989 decimo
958 958 1052 1004 post
1073 963 1161 1003 cap.
1185 947 1289 988 XX.
1315 949 1345 1001 ξ.
1371 951 1408 989 9.
1431 962 1578 988 vocem
1599 963 1752 1003 agmen

357 1007 521 1063 reliqua
560 1006 702 1047 omnia
741 1005 945 1046 deessent.
1025 1005 1121 1046 Hoc
1161 1005 1443 1061 fragmentum
1484 1019 1612 1045 manu
1653 1005 1751 1046 satis

357 1064 532 1120 antiqua
566 1072 782 1105 exaratum
814 1063 993 1112 videtur,
1026 1072 1081 1112 et,
1113 1071 1207 1118 post
1239 1062 1427 1103 codicem
1459 1061 1750 1103 Florentinum

357 1137 404 1163 ac
450 1121 705 1162 Leidensem
755 1120 950 1175 primum,
995 1120 1180 1161 bonitate
1226 1119 1398 1175 reliquis
1447 1119 1572 1160 huius
1620 1120 1750 1175 partis

356 1188 548 1235 praestat.

416 1236 494 1277 HI.
532 1235 920 1276 GAERTNERIANUS
965 1242 1026 1275 est
1072 1233 1206 1274 codex
1250 1233 1491 1274 chartaceus
1533 1233 1578 1274 in
1617 1233 1750 1274 forma

357 1293 516 1342 maiori,
539 1293 613 1348 qui
641 1292 788 1333 eadem
820 1307 948 1332 manu
979 1291 1110 1332 tribus
1137 1291 1419 1331 voluminibus
1451 1299 1644 1332 exaratus
1675 1306 1749 1332 ex-

356 1351 473 1391 hibet
498 1350 698 1390 librorum
721 1348 831 1389 Livii
853 1348 1031 1389 decadas
1059 1348 1250 1404 primam,
1275 1348 1452 1397 tertiam,
1474 1363 1521 1388 ac
1543 1356 1745 1403 quartam.

358 1407 487 1448 Hunc
510 1423 533 1448 a
556 1406 827 1447 Nobilissimo
849 1421 896 1447 ac
921 1405 1207 1446 Celeberrimo
1229 1405 1316 1446 viro
1342 1405 1437 1445 Car.
1460 1404 1574 1446 Guil.
1597 1405 1749 1446 Gaert-

356 1480 470 1514 nero,
501 1464 609 1505 Iuris
639 1464 683 1503 in
710 1463 943 1504 Academia
973 1462 1184 1517 Lipsiensi
1210 1461 1504 1511 Antecessore,
1537 1462 1641 1502 mihi
1670 1462 1749 1503 im-

355 1522 534 1578 petravit
552 1520 818 1561 Clarissimus
832 1519 1005 1560 Paullus
1020 1518 1176 1560 Daniel
1191 1518 1434 1575 Longolius.
1482 1518 1749 1561 Referendus

356 1587 418 1620 est
437 1580 548 1619 inter
568 1578 734 1619 codices
754 1578 1018 1618 recentiores.

413 1635 488 1676 IV.
523 1635 822 1676 HARLEIANUS
848 1634 1020 1674 PRIMUS
1050 1633 1185 1674 codex
1217 1642 1279 1674 est
1307 1633 1633 1675 Honoratissimi
1663 1633 1750 1676 Co-

355 1693 467 1734 mitis
506 1692 774 1742 Oxoniensis,
812 1691 1173 1747 septingentorum
1209 1690 1275 1732 vel
1311 1691 1664 1746 octingentorum,
1701 1699 1749 1733 ut

355 1751 550 1800 ereditur,
583 1764 803 1799 annorum,
835 1758 930 1789 octo
962 1756 1126 1789 tantum
1158 1748 1316 1803 priores
1347 1748 1459 1789 Livii
1489 1748 1615 1789 libros
1647 1764 1748 1790 con-

355 1809 506 1857 tinens,
539 1816 582 1848 et
612 1807 722 1847 inter
753 1805 943 1847 meliores
975 1805 1100 1846 huius
1130 1806 1257 1861 partis
1292 1805 1589 1856 numerandus,
1619 1821 1748 1862 quem

354 1864 593 1922 saepissime
616 1864 784 1919 optimis
801 1863 1037 1905 consentire
1058 1862 1332 1918 deprehendi.
1396 1862 1526 1904 Hunc
1543 1863 1745 1914 codicem,

353 1937 407 1964 ex
443 1921 696 1963 bibliotheca
737 1936 811 1961 sua
846 1921 1156 1986 depromptum,
1193 1920 1444 1975 deprecante
1478 1920 1583 1961 Viro
1621 1920 1748 1961 Cele-

354 1980 535 2020 berrimo
571 1978 653 2019 Iac.
689 1978 887 2033 Philippo
925 1976 1174 2025 D’Orvillio‚
1209 1977 1262 2017 de
1297 1977 1420 2017 Livio
1457 1991 1550 2017 meo
1587 1977 1745 2032 optime

354 2037 518 2085 merito,
541 2036 585 2076 in
607 2050 728 2076 usum
749 2035 873 2075 huius
894 2034 1091 2075 editionis
1116 2048 1212 2074 cum
1234 2033 1411 2089 vulgatis
1432 2033 1546 2074 libris
1567 2033 1747 2075 conferri

354 2094 509 2149 insigni
545 2092 804 2147 benignitate
840 2091 1054 2133 concessit.
1118 2089 1170 2130 In
1206 2090 1451 2146 colligendis
1487 2099 1627 2131 autem
1662 2091 1747 2132 lec-

356 2151 518 2191 tionum
550 2149 817 2190 varietatibus
850 2163 1018 2204 operam
1049 2162 1096 2187 ac
1128 2161 1299 2187 manum
1330 2147 1434 2187 mihi
1465 2148 1746 2190 commodavit

356 2206 673 2247 Eruditissimus
704 2205 906 2254 Casleius,
939 2204 1214 2245 bibliothecae
1248 2204 1379 2260 Regis
1411 2204 1473 2245 M.
1498 2204 1744 2247 Britanniae

357 2264 524 2312 Custos,
547 2264 592 2303 in
613 2263 690 2303 hac
719 2277 761 2303 re
791 2261 1169 2310 exercitatissimus,
1194 2262 1419 2317 multisque
1442 2263 1746 2319 experimentis

354 2322 563 2377 probatus.

412 2378 464 2419 V.
500 2377 797 2418 HARLEIANUS
817 2375 1050 2417 SECUNDUS
1071 2375 1174 2416 alter
1191 2387 1251 2416 est
1268 2376 1455 2418 eiusdem
1473 2376 1746 2418 Illustrissimi

357 2434 537 2477 Comitis
572 2434 826 2475 Oxoniensis
859 2433 1005 2482 codex,
1038 2433 1112 2474 sed
1144 2433 1271 2488 prlori
1304 2434 1428 2490 longe
1463 2435 1672 2475 recentior
1701 2444 1744 2476 et

353 2493 540 2534 bonitate
574 2491 739 2540 cedens,
773 2506 899 2546 quem
932 2505 1042 2531 anno
1072 2489 1478 2533 CIOCCCCLIV.
1511 2501 1742 2542 exaratum,

355 2550 529 2605 eiusque
552 2549 626 2589 fini
655 2548 757 2589 haec
778 2548 904 2589 verba
925 2548 1103 2603 ascripta
1124 2563 1211 2588 esse
1234 2547 1512 2589 Doctissimus
1537 2548 1741 2599 Casleius,

353 2607 427 2663 qui
448 2616 490 2648 et
510 2606 623 2647 hunc
645 2605 748 2646 mihi
770 2605 957 2646 codicem
980 2605 1200 2660 excerpsit,
1223 2613 1422 2645 testatur:

757 2722 768 2740 ‘
786 2716 956 2757 Nomen
978 2731 1119 2757 meum
1140 2731 1226 2756 non
1247 2731 1371 2771 pono,

759 2774 872 2822 Quia
891 2773 1051 2814 laudari
1072 2788 1158 2813 non
1179 2772 1283 2814 volo.

757 2831 800 2872 Si
822 2839 963 2871 tamen
984 2831 1044 2871 vis
1065 2830 1182 2879 scire,

755 2888 881 2928 Palus
902 2896 1074 2928 vocatur
1094 2887 1196 2929 istc?
