1888 3194
364 158 447 195 432
683 154 1057 197 SYLLABUS
1106 154 1444 195 CODICUM

368 259 494 300 quem
515 243 727 285 Hearnius
744 245 796 286 ad
817 244 886 286 lib.
908 245 1060 286 XXII,
1080 260 1166 299 cap.
1190 245 1361 286 XVIII.
1382 249 1414 298 ξ.
1435 248 1472 285 5.
1493 259 1544 285 ex
1567 244 1762 285 Laudino

367 301 504 357 primo
538 302 726 358 protulit,
759 311 801 343 et
837 301 1084 343 Dodwellus
1123 301 1441 351 Dissertatione,
1483 301 1533 357 [t.
1563 301 1664 342 VII.
1693 302 1759 343 cd.

369 358 500 400 Drak.
517 374 558 415 p.
578 361 694 415 182.)
719 360 885 408 inserta,
907 359 1137 400 illustravit.
1188 358 1331 407 Quum
1355 367 1493 400 auten]
1518 359 1559 399 in
1582 358 1692 400 notis
1709 358 1763 399 ad

366 431 462 457 eum
485 416 622 457 locum
645 432 731 457 uno
747 417 873 457 verbo
891 416 1139 465 monuerim,
1161 416 1495 457 Rccanatianum
1520 417 1562 456 in
1579 416 1723 471 paucis
1739 431 1764 456 a

369 473 566 514 Laudino
583 474 718 529 primo
735 473 968 522 dissentire,
987 473 1191 528 integram
1210 473 1339 513 nostri
1361 473 1517 514 codicis
1537 473 1763 515 lectionem

369 530 437 571 hic
470 531 673 571 ascribere
703 531 746 570 in
774 546 863 571 rem
888 530 974 570 fore
1005 530 1136 569 visum
1167 538 1241 570 est.
1306 529 1370 570 Ita
1400 530 1528 585 igitur
1554 530 1760 586 praefert:

368 593 380 611 ‘
398 587 454 628 Et
474 587 707 643 reparando
729 588 970 642 subgressus
991 586 1105 626 haud
1127 586 1257 641 magis
1284 586 1419 627 Alifae
1442 588 1610 628 moenia
1630 602 1763 643 quum

369 650 380 668 ‘
396 644 540 700 palans
576 644 824 699 perveniens
860 658 914 683 ex
950 643 1106 698 oppido
1143 642 1282 682 bellua
1317 647 1461 684 consta
1499 660 1523 685 a
1561 644 1764 685 Romanis

367 707 379 725 ‘
396 701 546 756 erupit,
569 715 695 755 quam
725 699 871 740 consul
892 700 929 739 vi
962 708 1139 754 captam,
1164 699 1392 748 trucidatis,
1417 701 1490 755 qui
1518 702 1561 740 in
1588 717 1638 742 ea
1663 717 1764 742 cou-v

367 764 378 781 ‘
395 758 598 806 stiterant,
621 765 822 797 resservat
842 756 896 797 ad
916 771 1116 811 pugnam.
1183 755 1267 796 Sed
1284 756 1497 811 oppidani,
1521 757 1628 798 sicut
1644 759 1764 813 queis

368 821 378 838 ‘
395 829 518 855 curae
547 813 745 869 pusillum
773 814 908 853 inerat
935 813 977 853 in
1000 813 1113 853 diem
1142 812 1268 854 altam
1302 813 1556 854 umbonibus
1587 815 1764 856 beluatis

368 878 550 927 ‘paucos
586 871 755 925 fugaces
791 870 1010 919 invadunt,
1053 869 1408 926 elephantemque
1446 871 1661 912 meliorem
1699 887 1764 913 re-

367 934 379 952 ‘
395 936 575 984 ceptant.
625 927 682 968 Et
704 927 838 968 Alifas
860 927 1059 968 Rufrium
1082 927 1297 983 quondam
1318 928 1520 968 vocitatas
1541 929 1592 969 ab
1614 928 1764 970 dextro

370 992 381 1009 ‘
398 994 601 1041 sequente
624 984 923 1025 sinisteriorum
948 986 1123 1040 augurio
1152 999 1304 1025 nomen
1329 984 1555 1040 imponunt
1575 986 1766 1027 accolae.'

428 1044 555 1084 XIV.
589 1042 838 1083 VossrANus
889 1050 951 1083 est
1001 1042 1135 1083 codex
1182 1042 1359 1097 scriptus
1404 1042 1448 1082 in
1498 1043 1763 1093 membranis,

364 1100 498 1141 forma
531 1099 689 1148 maiori,
723 1100 937 1140 coniectus
971 1099 1014 1139 in
1048 1099 1161 1139 idem
1194 1099 1404 1148 volumen,
1435 1100 1479 1139 in
1513 1100 1628 1155 quod
1656 1099 1765 1141 Vos-

368 1158 508 1198 sianus
528 1157 700 1213 primus,
724 1156 870 1197 decem
892 1156 1049 1212 priores
1071 1156 1182 1196 Livii
1205 1156 1330 1196 libros
1351 1157 1584 1206 continens,
1603 1157 1656 1198 de
1678 1172 1763 1213 quo

367 1229 492 1270 supra
527 1214 607 1269 egi,
643 1213 820 1263 codices,
856 1213 929 1269 qui
966 1213 1069 1253 mihi
1106 1213 1159 1254 ad
1195 1213 1370 1268 primam
1407 1213 1566 1255 decada
1599 1224 1764 1269 praesto

367 1271 548 1320 fuerunt,
572 1286 793 1311 recensens
822 1286 936 1311 num.
963 1271 1089 1311 XVI.
1155 1270 1230 1310 Est
1252 1285 1350 1311 vero
1380 1270 1527 1312 ultima
1553 1272 1617 1312 sui
1645 1281 1762 1327 parte

368 1337 595 1376 truncatus,
614 1338 668 1377 et,
687 1328 837 1368 amisso
860 1328 984 1368 unico
1005 1327 1116 1376 folio,
1141 1327 1294 1368 desinit
1315 1327 1357 1367 in
1380 1327 1474 1368 libri
1499 1329 1651 1370 XXX.
1671 1344 1759 1385 cap.

367 1385 527 1441 penult.
552 1388 585 1441 ξ.
611 1388 647 1426 6.
671 1385 715 1425 in
737 1385 908 1425 vocibus
929 1386 1060 1426 risum
1082 1400 1184 1425 esse.

479 1758 550 1799 Aa!
568 1758 740 1798 Deeada
761 1764 949 1812 quartam
971 1772 1079 1811 opem
1102 1758 1279 1797 tulerunt
1298 1758 1341 1797 ln·
1361 1758 1508 1797 codices
1530 1758 1646 1798 Mstz‘.

489 1900 1002 1942 AERTNERIANUS.
1067 1900 1135 1941 De
1178 1900 1258 1941 hoc
1305 1899 1449 1940 codice
1495 1915 1619 1955 supra
1660 1899 1762 1949 dixi,

527 1974 658 2014 quum
700 1958 792 1999 illos
835 1958 1013 2007 codices,
1052 1958 1204 2012 quibus
1246 1957 1289 1997 in
1332 1957 1590 1997 recensenda
1630 1957 1765 2012 prIma

368 2015 570 2056 librorum
592 2015 703 2056 Livii
725 2015 882 2056 decade
906 2029 1003 2055 usus
1025 2029 1129 2062 sum,
1153 2014 1432 2054 describerem
1454 2028 1570 2054 num.
1595 2014 1676 2054 III.

428 2073 484 2113 II.
531 2072 830 2113 HARLEIANUS
887 2080 949 2112 est
1006 2071 1140 2112 codex
1201 2070 1524 2110 Honoratissimi
1585 2069 1765 2111 Comitis

374 2128 641 2178 Oxoniensis,
665 2130 773 2170 hanc
802 2129 930 2169 solam
960 2128 1159 2168 librorum
1182 2127 1341 2167 decada
1368 2127 1612 2176 continens;
1646 2128 1765 2168 cuius

371 2201 466 2227 cum
488 2186 666 2241 vulgatis
694 2186 949 2226 editionibus
977 2184 1247 2240 comparandi
1275 2193 1526 2239 potestatem
1555 2184 1658 2225 mihi
1686 2184 1765 2225 im-

369 2243 548 2299 petravit
570 2243 648 2283 Vir
679 2242 989 2283 Celeberrimus
1018 2241 1194 2282 Iacobus
1222 2241 1444 2296 Philippus
1473 2241 1734 2283 D'Orvillius
1750 2257 1761 2291 3

370 2301 488 2341 cuius
513 2299 659 2340 itidem
682 2299 827 2339 officiis
852 2313 1071 2353 nunquam
1099 2299 1196 2339 satis
1223 2298 1515 2354 praedicandis
1543 2307 1764 2355 acceptum

370 2357 516 2406 refero,
540 2356 655 2412 quod
676 2355 825 2396 Virum
850 2355 1169 2396 Nobilissimum
1194 2356 1460 2411 permoverit,
1483 2364 1530 2397 ut
1550 2356 1677 2396 etiam
1698 2371 1764 2397 re-

370 2415 579 2471 liquorum
608 2412 885 2455 bibliothecae
918 2428 1014 2454 suae
1047 2413 1240 2454 codicum
1271 2421 1469 2468 excerpta
1497 2412 1600 2453 mihi
1627 2413 1763 2468 parari

370 2471 653 2513 liberalissime
682 2471 944 2511 concesserit.
1008 2470 1176 2511 Dicitur
1206 2479 1344 2511 autem
1377 2478 1658 2510 trecentorum
1690 2470 1764 2511 ad-

372 2530 543 2571 modum
566 2543 771 2569 annorum
793 2527 928 2568 fuisse.

430 2587 509 2629 III.
543 2585 834 2626 LoVEmANus
852 2585 1031 2625 PRIMUS.
1082 2584 1148 2624 De
1170 2584 1250 2624 hoc
1268 2582 1410 2624 codice
1429 2597 1553 2638 supra
1569 2583 1761 2633 vidimus,

372 2659 503 2700 quum
524 2642 709 2684 subsidia
729 2657 978 2691 enarrarem,
1001 2642 1153 2697 quibus
1181 2641 1224 2680 in
1247 2641 1393 2681 decem
1423 2639 1628 2695 prioribus
1651 2640 1762 2681 Livii

371 2701 486 2743 libris
508 2715 606 2741 usus
627 2715 731 2749 sum,
754 2714 869 2739 num.
896 2699 972 2739 IV.

429 2759 507 2800 IV.
542 2757 834 2798 LovssmANUS
878 2755 1120 2797 SECUNDUS.
1200 2754 1267 2795 De
1314 2754 1393 2795 hoc
1439 2754 1565 2794 etiam
1616 2754 1762 2796 codice

372 2815 528 2857 ibidem
550 2814 780 2856 videndum
803 2822 864 2854 est
885 2828 998 2854 num.
1023 2812 1075 2853 V.
1142 2811 1213 2852 Ad
1235 2811 1361 2852 finem
1381 2821 1521 2851 autem
1542 2811 1637 2852 libri
1661 2812 1760 2853 XL.

377 2873 501 2922 Livii,
523 2872 596 2929 qui
619 2871 850 2920 desinebat,
873 2880 920 2912 ut
947 2885 1033 2911 uno
1062 2878 1240 2924 excepto
1268 2869 1418 2924 reliqui
1441 2883 1599 2917 omnes,
1622 2868 1666 2908 in
1689 2868 1759 2910 lib.

1868 3038 1877 3082 .--
1872 2988 1873 2995 ⁴
