1888 3194
376 195 460 235 354
865 195 1279 239 PRAEFATIO

380 300 486 358 Cap.
515 305 584 344 46.
619 303 764 358 Itaque
799 318 888 344 cum
915 311 1081 359 praeter
1115 319 1222 359 spem
1255 310 1408 358 tempus
1439 303 1494 342 ibi
1523 302 1766 350 traheretur,

370 371 542 427 plusque
577 374 618 413 in
653 373 848 413 obsidione
881 380 919 412 et
952 375 993 413 in
1025 375 1218 428 operibus,
1253 388 1374 428 quam
1405 374 1447 412 in
1479 372 1771 426 oppuynatione

377 440 494 479 celeri
511 442 596 494 spei
613 447 718 481 esset.
731 464 785 471 —-
797 439 902 496 Cap.
919 444 988 482 49.
1012 442 1105 481 bina
1121 443 1259 496 iuyera
1276 443 1378 495 ayri.
1390 438 1548 480 -Lib.
1565 436 1767 480 XXXII.

380 504 484 563 Cap.
522 510 586 548 11.
625 515 847 549 armentum
876 524 1039 563 pascere
1070 510 1241 558 solitum,
1275 511 1344 549 ait.
1364 533 1419 540 -—
1435 506 1542 548 Ibid.
1575 509 1612 546 si
1639 520 1770 547 secum

377 576 532 631 aliquos
552 577 690 617 consul
708 579 859 616 mittere
878 577 980 616 velit.
997 601 1056 606 —
1071 575 1178 617 Ibid.
1202 577 1320 617 Haec
1345 577 1413 617 ubi
1439 576 1576 616 consul
1600 575 1769 622 audivit,

370 650 677 697 percunctatum
707 645 764 683 ad
797 644 1027 698 Charopum
1057 645 1189 692 mittit,
1215 646 1363 684 satisne
1392 645 1627 684 credendum
1651 655 1772 696 super

378 717 493 754 tanta
525 726 568 751 re
593 713 744 766 ayresti
776 715 980 751 censeret?
997 734 1052 741 -—-
1072 710 1177 766 Cap.
1216 714 1280 751 14.
1317 726 1405 751 cum
1440 714 1522 751 iam
1554 712 1686 751 scalas
1716 710 1774 750 ad

377 781 530 819 moenia
558 780 751 818 erexisset.
767 801 823 808 -—
842 777 947 833 Cap.
972 781 1041 819 21.
1074 780 1302 818 maritimae
1332 785 1416 818 tum
1447 779 1572 818 urbes.
1588 801 1644 808 —
1659 776 1767 818 Ibid.

378 847 571 900 compulsi
600 852 639 885 et
671 847 863 899 deprensi.
883 844 1056 901 —Cap.
1093 848 1160 886 30.
1208 846 1371 900 Oppida
1410 845 1637 894 Gallorum,
1670 859 1772 899 quae

377 914 593 954 Insubrum
621 914 872 965 defectionem
900 920 1034 953 secuta
1061 919 1187 954 erant.
1203 935 1258 942 —
1274 912 1380 969 Cap.
1405 909 1472 953 31.
1495 913 1660 953 Literae
1680 927 1773 953 con-

377 983 508 1022 sulum
525 982 730 1021 amborum
751 982 798 1021 de
819 982 933 1021 rebus
954 983 995 1024 in
1018 981 1161 1022 Gallia
1178 983 1300 1036 qestis
1314 997 1505 1036 prospere
1525 980 1610 1022 sive
1631 980 1771 1037 potius

370 1065 562 1105 prospere
577 1051 709 1104 yestis.
729 1075 781 1081 —
798 1048 892 1089 Lib.
917 1049 1144 1090 XXXIII.
1172 1047 1276 1105 Cap.
1297 1051 1361 1091 17.
1381 1050 1520 1104 lorzyae
1539 1050 1615 1090 liae
1620 1050 1773 1102 fauces

377 1124 502 1158 erant.
521 1116 698 1158 —Ibid.
751 1118 857 1157 Tum
886 1132 990 1171 pars
1025 1119 1067 1157 in
1100 1118 1225 1157 medio
1260 1120 1376 1159 caesi.
1395 1142 1447 1149 —
1466 1115 1572 1173 Cap.
1610 1120 1676 1158 18.
1717 1117 1776 1157 ad

376 1187 608 1228 Alabanda.
627 1184 797 1225 ——Ibid.
826 1187 934 1225 tenui
958 1191 1042 1224 tum
1069 1199 1190 1239 aqua.
1207 1183 1381 1226 —Ibid.
1406 1185 1609 1226 Inclinato
1635 1185 1773 1226 deinde

378 1255 487 1295 laevo
507 1268 643 1303 cornu,
665 1255 707 1293 in
731 1254 911 1293 dextrum
941 1267 1071 1292 omnes
1099 1254 1259 1293 connisi.
1278 1274 1332 1281 —-
1350 1251 1455 1308 Cap.
1483 1255 1547 1294 19.
1571 1268 1618 1293 e.z·
1636 1252 1772 1293 Ptole-

377 1324 481 1363 maei
506 1322 662 1362 ditione.
681 1344 734 1350 —
749 1319 857 1361 Ibid.
890 1320 1069 1370 Ciliciae,
1091 1321 1320 1376 Lyciaeque
1347 1328 1385 1361 et
1415 1321 1573 1362 Cariae.
1591 1345 1645 1351 —
1663 1319 1769 1377 Cap.

378 1393 445 1431 20.
475 1405 564 1430 cum
596 1389 752 1443 reyibus
779 1387 1203 1429 Persarum—Ibid.
1234 1403 1276 1429 co
1291 1387 1585 1441 sina—Ibid.
1619 1396 1692 1430 aut
1723 1391 1773 1430 iis

376 1465 451 1499 aut
468 1460 583 1498 sociis
603 1472 747 1497 eorum.
763 1479 817 1484 —
833 1455 937 1511 Cap.
962 1459 1028 1496 21.
1052 1457 1102 1496 ab
1133 1457 1289 1497 leebis.
1305 1478 1358 1484 ·—
1372 1455 1482 1498 Ibid.
1505 1459 1547 1497 in
1567 1459 1774 1498 maritima

377 1541 450 1568 ora
480 1527 723 1575 Malacinos,
754 1526 1055 1580 Sexetanosque,
1077 1525 1298 1565 Etruriam
1328 1539 1492 1573 omnem,
1521 1524 1595 1565 ubi
1615 1525 1773 1565 Baetu-

376 1597 482 1636 riam
511 1608 587 1650 pro
608 1594 827 1633 Etruriam
852 1591 1111 1648 ponendum.
1127 1612 1182 1620 —
1198 1590 1302 1648 Cap.
1330 1595 1399 1634 22.
1429 1599 1468 1632 et
1498 1592 1542 1633 C.
1569 1592 1774 1634 Cornelius

377 1663 576 1703 adiiceret.
594 1675 648 1689 -—·
664 1659 771 1701 Ibid.
825 1661 1009 1701 honorem
1060 1662 1310 1701 immeritum.
1329 1681 1381 1688 —
1401 1658 1506 1716 Cap.
1550 1663 1618 1701 23.
1653 1661 1775 1702 Aeris

378 1731 471 1771 tulit
508 1731 550 1770 in
586 1730 801 1783 triumpho,
835 1728 1038 1770 vocabulo
1074 1731 1179 1770 aeris
1219 1738 1314 1786 post
1348 1732 1581 1785 quinyentos
1615 1730 1701 1771 Sive
1737 1737 1777 1771 et

378 1800 608 1853 quinyentos
637 1796 799 1838 omisso.
819 1819 872 1824 —
891 1795 997 1853 Cap.
1022 1800 1089 1838 24.
1120 1804 1158 1838 et
1184 1799 1234 1838 ab
1262 1813 1351 1854 reye
1370 1798 1574 1853 Philippo.
1592 1824 1640 1830 ——
1660 1797 1771 1840 Ibid.

377 1867 446 1908 Ibi
463 1867 577 1907 haud
594 1866 721 1906 multa
741 1867 858 1906 verba
867 1867 1005 1920 facta.
1020 1888 1073 1893 —
1090 1864 1194 1922 Cap.
1214 1869 1280 1908 25.
1304 1867 1447 1906 multos
1462 1867 1635 1907 illustres
1654 1869 1770 1908 viros.

377 1955 430 1962 —
446 1932 554 1975 Ibid.
593 1935 696 1974 duas
735 1935 925 1975 urbanas.
941 1956 994 1962 —
1013 1932 1118 1989 Cap.
1156 1935 1223 1976 27.
1263 1934 1475 1974 Restitutis
1514 1936 1574 1974 iis.
1592 1933 1770 1975 —Ibid.

379 2004 526 2057 leyatos
541 2004 701 2057 qratias
717 2009 874 2056 ayentes
894 2004 940 2042 ei.
958 2022 1011 2028 ·-
1030 2000 1135 2057 Cap.
1160 2005 1226 2042 28.
1251 2004 1287 2042 si
1305 2003 1381 2042 sibi
1398 2004 1576 2042 conscius
1595 2009 1701 2043 esset.
1722 2027 1774 2035 —

378 2070 486 2112 Ibid.
510 2073 785 2110 mentionemve
805 2072 887 2110 eius
908 2071 1049 2110 caedis.
1068 2092 1120 2099 —-
1136 2069 1244 2110 Ibid.
1269 2085 1357 2109 cum
1385 2071 1532 2110 scirent
1557 2072 1637 2124 ipsi
1659 2071 1769 2110 nihil.

379 2161 432 2167 —-
446 2137 555 2193 ¹Ibid.
578 2153 620 2178 eo
640 2140 724 2192 ipso
745 2140 883 2178 timore
903 2153 984 2178 rem
1013 2138 1070 2177 ad
1094 2138 1285 2177 iudicium
1308 2139 1523 2191 protraxit.
1539 2136 1714 2179 —Ibid.
1737 2145 1776 2178 et

379 2207 436 2246 ad
468 2207 729 2260 mayistratus
763 2205 954 2245 indicium
988 2205 1126 2258 defert.
1142 2226 1194 2233 -
1210 2203 1315 2260 Cap.
1347 2207 1414 2246 29.
1453 2205 1664 2255 credentes,
1695 2220 1773 2246 non

379 2276 461 2314 sine
482 2273 642 2313 consilio
662 2274 912 2327 imperatoris
933 2273 1120 2313 Romani.
1139 2294 1192 2300 —
1207 2270 1315 2312 Ibid.
1339 2273 1390 2312 ab
1411 2273 1703 2314 insidiantibus.
1721 2297 1774 2306 —

379 2339 486 2382 Ibid.
511 2341 560 2380 ab
581 2338 844 2380 odia—Ibid.
869 2342 950 2394 ipse
971 2355 1059 2381 cum
1074 2347 1196 2395 parte
1224 2340 1439 2381 Coroneam
1462 2342 1775 2383 circumsidit.—

383 2407 487 2464 Cap.
513 2410 578 2448 30.
610 2423 834 2462 vacuasque
859 2409 1033 2448 traderet
1052 2408 1248 2448 Romanis
1275 2415 1366 2448 ante
1385 2408 1648 2449 Isthmiorum
1677 2415 1773 2449 tem-

375 2491 469 2531 pus.
487 2502 539 2508 —
555 2474 662 2516 Ibid.
687 2478 728 2516 in
749 2476 876 2516 decem
898 2490 1023 2516 annos
1044 2477 1270 2530 impositum
1286 2477 1372 2530 reyi
1390 2477 1543 2516 tradit:
1578 2475 1773 2517 Claudius

381 2546 423 2585 in
449 2558 575 2584 annos
599 2546 779 2598 triqinta.
797 2565 850 2572 —
869 2543 974 2599 Cap.
999 2546 1065 2584 31.
1091 2559 1137 2584 ne
1158 2545 1384 2584 nominatae
1403 2545 1571 2598 quidem.
1591 2566 1644 2573 —-
1659 2542 1770 2586 Ibid.

381 2613 506 2653 Asiae
526 2612 652 2653 urbes.
668 2633 721 2638 —
734 2610 840 2652 Ibid.
852 2613 997 2665 facere
1017 2627 1066 2652 ac
1093 2618 1275 2652 statuere.
1292 2635 1344 2640 —
1357 2609 1465 2652 Ibid.
1489 2625 1578 2650 cum
1595 2613 1773 2665 primum

382 2684 418 2722 ei
436 2683 538 2722 vires
557 2695 653 2720 suae
671 2682 770 2720 satis
783 2680 1041 2734 placuissent.
1057 2702 1110 2708 -
1123 2677 1231 2719 Ibid.
1248 2679 1456 2733 profectus
1481 2679 1704 2733 Quinctius.
1717 2705 1774 2712 —-

381 2747 490 2790 Ibid.
526 2748 595 2790 Ibi
625 2747 788 2788 consilia
818 2748 866 2786 de
900 2747 1076 2787 libertate
1112 2746 1309 2787 Graeciae
1338 2746 1420 2785 dies
1448 2760 1573 2800 prope
1603 2752 1701 2786 totos
1729 2748 1773 2787 in

383 2816 544 2857 concilio
573 2816 702 2855 decem
730 2815 947 2869 leyatorum
978 2811 1462 2854 tractabantur.—-Ibid.
1486 2815 1693 2854 caritatem
1723 2829 1773 2854 ac

382 2882 826 2938 maiestatem—Cap.
851 2885 919 2924 32.
944 2898 1020 2937 per
1050 2883 1127 2922 duo
1157 2883 1313 2923 diversa
1344 2883 1477 2922 maria
1507 2883 1681 2923 omnium
1710 2897 1773 2922 re-
