1888 3194
913 194 1203 232 INDEX.

411 277 463 307 32,
485 278 511 301 1.
541 268 638 308 legati
660 269 700 299 ab
723 268 831 299 Ardea
853 272 1037 308 queruntur,

410 311 469 341 sibi
485 311 608 342 Latinis
619 321 684 341 non
695 311 804 341 datam
815 322 881 342 esse
893 322 1035 343 carnem:

410 354 486 384 inde
506 353 703 384 instauratae
731 354 878 393 Latinae,
900 354 975 386 ibid.
1006 358 1038 385 et

412 403 464 435 372
480 405 508 435 3-

368 439 579 477 Carnuntem,
603 438 762 470 munitam
792 439 916 478 urbem,
945 449 1037 470 occu-

412 492 487 521 pare
502 482 649 512 nituntur
665 482 805 512 Romani
822 491 873 520 43,
894 492 919 513 1.

370 524 538 561 Carnutes,
554 524 667 564 populi
683 525 812 555 Galliae
829 532 859 564 5,
876 533 925 562 34.

370 567 570 606 Carpentum
606 578 662 607 per
696 567 794 607 patris
825 577 939 606 corpus
973 567 1037 606 egit

413 610 523 640 Tullia
556 620 583 647 1,
613 610 665 648 48.
703 609 863 648 carpentis
891 612 928 638 ut
957 609 1037 639 festo

412 653 614 691 profestoque
643 651 690 681 uti
720 655 860 690 possent,
885 652 1039 682 matronis

412 705 597 724 concessum
615 701 643 732 5,
661 701 710 732 25.
727 694 765 724 cf.
782 697 813 724 et
830 702 880 732 34,
900 702 913 722 1
932 697 963 723 et
980 703 1007 732 3.

370 737 525 776 Carpesii,
549 736 671 775 populi,
686 737 728 765 ad
748 746 828 774 quos
851 736 1038 766 Hasdrubal

413 779 578 809 contendit
600 787 650 816 23,
667 777 715 808 26.
740 778 885 818 Carpesii
900 781 973 808 sunt
988 789 1037 809 su-

412 821 562 861 periores,
577 820 652 850 ibid.

370 863 565 903 Carpetania
587 863 768 902 Hispaniae
789 872 840 905 39,
856 873 906 903 3ο.
930 873 982 902 40,
999 873 1038 904 3ο

412 910 444 936 et
461 915 510 945 33.

369 949 555 988 Carpetani,
566 948 689 989 populi,
697 959 770 979 cum
781 948 949 986 Vaccaeis,
956 949 1038 979 aliis-

412 1002 475 1031 que
498 993 637 1032 populis,
657 992 826 1022 vincuntur
848 993 889 1022 ab
911 992 1038 1022 Hanni-

410 1035 484 1064 bale
501 1045 552 1072 21,
569 1043 599 1073 5.
619 1044 664 1065 11.
689 1044 740 1073 41.
757 1043 785 1073 3.

368 1077 475 1108 Carris
505 1078 685 1116 essedisque
709 1080 925 1116 superstantes
950 1077 1039 1108 Galli

411 1124 555 1159 pugnant
571 1120 603 1150 in
621 1121 786 1150 Romanos
805 1130 853 1157 10,
871 1121 918 1151 28.

367 1162 522 1200 Carseoli,
552 1163 678 1193 colonia
720 1173 767 1200 10,
798 1171 828 1201 3,
862 1172 907 1201 13.
944 1166 1039 1202 negat

411 1205 595 1236 consulibus
615 1205 733 1235 milites
748 1209 779 1236 et
795 1205 965 1244 pecuniam
988 1215 1038 1244 27,

410 1257 440 1289 9.
472 1249 512 1279 de
535 1259 573 1279 ea
595 1258 628 1278 re
651 1248 964 1278 senatusconsultum
989 1257 1038 1289 29,

415 1300 427 1320 1
455 1315 462 1321 .

369 1297 511 1371 Car{eia,
526 1333 591 1364 sive
608 1333 715 1372 potius
731 1333 861 1371 Althea,
873 1334 947 1363 urbs
962 1344 1037 1373 opu-

410 1377 509 1413 lenta,
533 1380 628 1415 capta
651 1380 683 1406 et
704 1376 830 1415 direpta
849 1377 889 1406 ab
914 1376 1038 1406 Hanni-

410 1419 483 1449 bale
500 1428 550 1456 21,
569 1427 596 1457 5.

368 1461 497 1492 Carteia
520 1461 552 1491 in
580 1472 634 1491 ora
665 1460 775 1491 oceani
806 1461 856 1497 28,
885 1471 933 1500 3ο.
966 1471 1038 1491 cum

411 1508 516 1542 portu,
532 1504 606 1534 ibid.
632 1503 758 1533 colonia
774 1512 825 1541 43,
841 1512 870 1541 3.

368 1547 540 1585 Carthago,
553 1547 621 1576 eius
637 1545 798 1576 excidium
815 1545 922 1575 animo
938 1546 1038 1585 agitat

409 1589 517 1628 Scipio
541 1598 590 1629 29,
616 1598 645 1618 1.
673 1588 876 1627 Carthaginis
896 1588 1038 1618 iudicum

408 1631 527 1661 ordinis
550 1635 691 1670 potestas
717 1640 767 1669 33,
792 1629 841 1669 46.
872 1631 1037 1671 Carthagi-

408 1684 481 1704 nem
512 1677 699 1713 oppugnant
730 1673 875 1703 consules
906 1683 958 1712 41,
988 1684 1037 1712 42.

407 1721 593 1756 erumpunt,
604 1717 659 1747 sed
674 1727 693 1746 a
709 1715 860 1755 Scipione
876 1717 1037 1755 repellun—

407 1763 460 1789 tur
477 1767 526 1798 45.

365 1802 526 1841 Carthago
564 1802 683 1839 Nova3
720 1812 758 1832 eo
792 1802 969 1833 exercitum
1005 1802 1038 1833 in

408 1845 540 1875 hiberna
570 1845 699 1875 deducit
730 1845 898 1876 Hannibal
927 1855 977 1883 21,
1009 1853 1037 1883 5.

406 1887 476 1918 eius
499 1887 576 1918 situs
597 1892 627 1918 et
650 1891 760 1927 portus
783 1887 832 1926 26,
856 1898 906 1926 42.
937 1898 1037 1928 oppu-

406 1934 522 1970 gnatur
537 1941 556 1960 a
569 1931 608 1961 P.
621 1930 772 1961 Cornelio
789 1931 949 1970 Scipione,
962 1930 1037 1962 ibid.

407 1973 534 2012 capitur
549 1972 600 2011 46.
624 1974 743 2012 praeda
758 1973 869 2012 ingens
885 1978 991 2013 capta,
1007 1978 1038 2004 et

408 2015 532 2046 obsides
551 2016 650 2046 totius
674 2016 853 2054 Hispaniae
876 2024 928 2055 47.
948 2016 986 2047 cf.
1007 2020 1038 2046 et

408 2068 448 2098 49
464 2061 496 2088 et
512 2066 560 2097 50.
586 2058 790 2098 Carthaginis
806 2062 920 2098 captae
935 2069 1038 2089 annus

408 2101 524 2131 dubius
542 2108 591 2139 27,
610 2109 637 2140 7.

365 2143 645 2182 Carthaginienses
672 2143 848 2174 exereitum
874 2143 1038 2174 traiiciunt

407 2185 441 2215 in
469 2185 611 2216 Siciliam
635 2197 665 2224 4,
690 2196 738 2227 29.
769 2196 842 2216 curn
865 2186 903 2216 iis
926 2187 1039 2216 foedus

407 2227 507 2257 ictum
532 2235 560 2266 7,
583 2235 632 2266 27.
656 2229 778 2267 legatos
801 2229 943 2259 Romam
965 2228 1037 2258 mit-

407 2273 480 2299 tunt
495 2271 691 2309 gratulatum
716 2281 789 2300 cum
806 2280 922 2300 corona
942 2281 1038 2300 aurea

408 2312 460 2350 38.
492 2322 563 2342 eum
589 2312 627 2342 iis
653 2312 765 2342 foedus
791 2316 979 2342 renovatum
1006 2322 1037 2353 9,

408 2362 458 2392 43.
489 2354 620 2384 secundi
648 2354 733 2384 inter
759 2354 1038 2393 Carthaginienses

408 2401 441 2426 et
457 2397 622 2427 Romanos
634 2396 711 2426 belli
723 2397 909 2435 magnitudo
921 2400 952 2427 et
963 2408 1036 2427 cau-

408 2449 462 2469 sae
480 2448 530 2476 21,
544 2448 568 2469 1.
592 2438 686 2468 huius
698 2439 775 2468 belli
793 2443 907 2469 eventa
922 2439 1035 2470 descri-

407 2482 527 2512 buntur
551 2482 662 2511 decem
687 2480 773 2511 libris
792 2482 831 2511 ab
852 2492 901 2512 21.
920 2482 961 2512 ad
986 2491 1035 2521 3ο.

408 2524 446 2554 iis
461 2524 583 2554 bellum
599 2523 744 2553 indicunt
762 2524 902 2554 Romani
919 2534 969 2562 21,
990 2525 1035 2556 18.

410 2577 521 2597 eorum
543 2565 651 2596 classis
681 2566 875 2597 Heracleam
900 2567 1036 2606 appellit

410 2619 462 2647 24,
487 2616 538 2647 35.
573 2608 733 2648 Hispania
757 2609 921 2648 pelluntur
943 2610 1036 2640 tertio

409 2651 535 2681 decimo
565 2661 649 2681 anno
679 2654 751 2690 post
774 2652 895 2682 bellum
919 2652 1035 2682 initum

410 2694 461 2731 28,
501 2692 546 2724 16.
585 2703 694 2724 eorum
731 2700 829 2724 terror
858 2696 898 2724 ob
929 2695 1037 2725 classis

409 2736 508 2767 Rom.
525 2737 698 2775 appulsum
718 2735 751 2766 in
775 2737 916 2767 Africam
939 2747 989 2778 29,
1006 2747 1035 2776 3.

409 2789 484 2809 curn
515 2779 662 2818 Syphace
691 2779 803 2809 foedus
833 2779 954 2809 faciunt
987 2789 1035 2818 23.

409 2831 519 2851 eorum
545 2821 706 2860 equitatus
732 2821 869 2851 vincitur
891 2832 911 2852 a
938 2823 1035 2853 Rom.

410 2864 554 2903 equitatu
580 2873 628 2904 29.
652 2863 821 2894 vincuntur
846 2875 865 2894 a
887 2864 1036 2904 Scipione

410 2916 462 2946 3ο,
477 2908 507 2937 8.
531 2906 678 2937 reficiunt
693 2917 800 2938 muros
822 2917 894 2938 suos
911 2911 940 2937 et
966 2918 1035 2948 pro-

1125 268 1314 309 pugnaculis
1320 272 1445 300 armant
1455 279 1484 311 9.
1496 273 1647 301 revocant
1657 269 1749 300 Han-

1123 312 1276 350 nibalem,
1305 312 1381 343 ibid.
1419 313 1551 343 classem
1582 313 1678 344 Rom.
1707 312 1750 343 ad

1125 354 1257 385 Uticam
1267 355 1434 393 invadunt,
1446 359 1478 386 et
1490 365 1586 386 naves
1595 355 1750 395 quasdam

1123 398 1311 428 abstrahunt
1340 407 1386 429 10.
1417 401 1532 438 petunt
1558 407 1672 437 pacem
1702 395 1750 429 16.

1124 449 1233 470 eorum
1252 441 1348 480 legati
1370 444 1517 471 vetantur
1539 440 1660 480 ingredi
1683 439 1750 471 Ro-

1123 492 1209 512 mam
1232 492 1282 512 21.
1304 494 1384 523 pace
1404 483 1524 514 infecta
1545 482 1752 513 dimittuntur

1124 534 1141 554 2
1146 533 1173 562 3.
1195 526 1338 555 nondum
1349 526 1445 556 finitis
1457 525 1588 556 indutiis
1597 524 1751 564 diripiunt

1124 567 1256 597 classem
1274 568 1373 598 Rom.
1391 578 1441 606 24.
1464 578 1573 599 eorum
1594 567 1752 598 exercitus

1124 609 1267 640 caeditur
1281 620 1300 639 a
1315 609 1465 650 Scipione
1484 620 1534 650 34,
1551 619 1568 649 3
1573 618 1601 649 5.
1624 610 1663 641 iis
1678 620 1751 641 con-

1123 650 1258 682 ditiones
1292 652 1380 691 pacis
1401 653 1456 682 dat
1486 653 1594 692 Scipio
1626 663 1676 692 3ο,
1701 659 1751 692 37.

1124 693 1317 733 quingentae
1328 705 1425 724 naves
1441 695 1751 734 Carthaginiensium

1123 735 1270 766 incensae
1288 746 1336 775 43.
1360 737 1499 776 primum
1520 737 1676 768 tributum
1691 738 1751 768 sol-

1124 782 1202 808 vunt
1228 779 1383 810 Romanis
1407 788 1458 818 32,
1484 788 1512 811 2.
1541 780 1663 819 legatos
1686 780 1753 810 Ro-

1124 831 1211 851 mam
1239 822 1373 852 mittunt
1399 822 1589 861 pollicentes
1613 822 1753 852 frumen-

1124 866 1194 893 tum
1211 868 1242 894 et
1264 864 1419 895 hordeum
1446 863 1495 904 36,
1511 875 1540 903 4.
1565 874 1639 895 cum
1654 864 1753 896 Masi-

1124 906 1209 937 nissa
1233 908 1432 937 contendunt
1458 907 1498 937 de
1527 917 1602 947 agro
1626 917 1677 946 40,
1705 914 1753 947 17.

1124 948 1162 979 iis
1177 960 1196 979 a
1212 949 1369 980 Romanis
1390 953 1519 980 centum
1540 949 1665 980 obsides
1683 950 1752 981 red-

1125 991 1195 1029 diti,
1207 996 1238 1022 et
1254 1003 1317 1032 pax
1329 1003 1402 1023 cum
1419 992 1588 1023 Masinissa
1604 993 1690 1023 facta
1702 1001 1752 1031 34.

1124 1038 1222 1065 noctu
1243 1035 1275 1065 in
1296 1035 1375 1066 aede
1400 1035 1586 1076 Aesculapii
1608 1038 1753 1066 senatum

1126 1077 1203 1107 dant
1224 1078 1335 1117 legatis
1357 1078 1464 1109 Persei
1487 1088 1538 1116 41,
1560 1084 1611 1117 27.
1634 1078 1755 1118 legatos

1126 1120 1267 1151 Romam
1287 1121 1421 1151 mittunt
1436 1124 1583 1160 questum
1600 1121 1640 1151 de
1655 1120 1754 1151 Masi—

1126 1162 1209 1193 nissa
1224 1173 1276 1202 42,
1291 1172 1340 1202 23.
1365 1163 1643 1203 Carthaginienses
1659 1173 1752 1194 cruce

1124 1206 1265 1236 multant
1292 1206 1424 1236 consilio
1452 1216 1550 1245 pravo
1575 1209 1674 1246 gesta,
1696 1205 1752 1236 eti-

1124 1248 1203 1278 amsi
1219 1258 1369 1288 prospere
1385 1248 1548 1279 evenerint
1566 1249 1616 1288 38,
1633 1249 1685 1287 48.

1084 1290 1238 1322 Carthalo
1263 1301 1421 1321 summam
1447 1290 1573 1331 imperii
1599 1290 1753 1330 equestris

1125 1333 1159 1363 in
1179 1334 1320 1364 exercitu
1343 1333 1538 1364 Hannibalis
1559 1333 1683 1364 obtinet
1702 1343 1753 1372 22,

1129 1384 1175 1415 15.
1199 1376 1315 1406 nobilis
1328 1376 1597 1415 Carthaginiensis
1612 1376 1754 1406 Romam

1126 1428 1198 1448 cum
1216 1418 1350 1457 captivis
1361 1418 1572 1458 proficiscitur
1587 1418 1636 1456 58.
1660 1419 1690 1449 ei
1699 1419 1753 1449 ob-

1126 1460 1209 1491 viam
1233 1461 1326 1491 lictor
1344 1461 1494 1498 mittitur,
1514 1460 1569 1500 qui
1588 1471 1663 1491 eum
1685 1461 1753 1492 fini-

1124 1503 1183 1533 bus
1200 1503 1356 1534 Romanis
1371 1503 1525 1534 excedere
1539 1503 1639 1541 iubet,
1654 1503 1732 1535 ibid.

1084 1545 1250 1583 Carthalo,
1268 1545 1382 1576 Punici
1398 1545 1547 1586 praesidii
1563 1546 1753 1586 praefectus,

1124 1588 1157 1618 in
1179 1588 1310 1619 Tarenti
1330 1588 1567 1629 expugnatione
1586 1589 1753 1620 obtrunca-

1124 1635 1177 1661 tur
1194 1640 1244 1671 27,
1264 1630 1310 1662 16.

1084 1673 1287 1705 Carventana
1309 1685 1365 1705 arx
1388 1685 1418 1713 4,
1442 1681 1491 1714 53.
1528 1685 1549 1705 a
1571 1674 1608 1706 C.
1622 1673 1753 1706 Valerio

1124 1717 1288 1756 recipitur,
1314 1716 1390 1748 ibid.
1422 1718 1462 1747 ab
1489 1717 1611 1756 Aequis
1637 1717 1753 1748 iterum

1125 1763 1220 1799 capta
1237 1768 1285 1798 55.
1309 1760 1424 1790 frustra
1438 1770 1457 1790 a
1474 1759 1632 1791 Romanis
1650 1763 1752 1791 tenta-

1125 1805 1188 1839 tur,
1203 1802 1279 1833 ibid.

1083 1844 1120 1875 C.
1135 1844 1294 1876 Carvilius
1309 1845 1494 1884 Spoletinus
1509 1855 1561 1885 43,
1578 1854 1629 1883 20,
1647 1855 1696 1876 21.

1084 1888 1120 1918 L.
1135 1887 1310 1925 Carvilius,
1322 1888 1393 1918 trib.
1411 1889 1457 1927 pl.
1475 1895 1525 1927 25,
1542 1898 1570 1927 3.

1084 1930 1139 1969 Sp.
1157 1931 1316 1961 Carvilius
1337 1930 1374 1961 C.
1391 1930 1428 1962 F.
1446 1930 1622 1968 Maximus,
1640 1928 1754 1961 aedilis

1125 1973 1244 2003 curulis
1267 1983 1313 2010 10,
1334 1983 1364 2014 9.
1399 1973 1510 2003 consul
1530 1972 1564 2003 in
1585 1972 1753 2003 Samnium

1124 2016 1286 2054 profectus
1302 2015 1331 2046 vi
1345 2015 1431 2054 capit
1446 2014 1649 2046 Amiternum
1661 2015 1753 2054 oppi-

1124 2059 1201 2088 dum
1225 2067 1273 2099 39.
1298 2062 1330 2088 et
1355 2057 1540 2088 Cominium
1562 2066 1612 2096 43.
1636 2061 1668 2088 et
1688 2057 1753 2088 alia

1123 2100 1156 2130 in
1181 2100 1311 2131 Samnio
1332 2099 1453 2139 oppida
1476 2109 1517 2137 44
1531 2109 1599 2139 sqq.
1621 2099 1689 2130 eius
1703 2110 1753 2131 res

1124 2146 1232 2181 gestae
1256 2142 1289 2172 in
1321 2142 1449 2172 Etruria
1475 2140 1525 2180 46.
1563 2141 1752 2182 triumphat,

1124 2185 1202 2216 ibid.

1082 2227 1137 2266 Sp.
1152 2226 1320 2264 Carvilius,
1337 2237 1399 2258 cos.
1416 2227 1540 2265 suadet,
1555 2230 1592 2257 ut
1608 2237 1648 2258 ex
1665 2227 1752 2258 Lati-

1123 2269 1172 2300 nis
1193 2269 1322 2309 populis
1345 2273 1473 2300 senatus
1489 2270 1680 2310 suppleatur
1701 2280 1752 2311 23,

1125 2321 1173 2342 22.
1197 2312 1331 2342 moritur
1345 2322 1447 2352 augur
1464 2311 1514 2350 26,
1532 2321 1583 2351 23.

1082 2353 1137 2392 Sp.
1154 2354 1323 2392 Carvilius,
1339 2354 1410 2386 trib.
1428 2355 1476 2394 pl.
1494 2362 1545 2393 25,
1561 2364 1591 2394 3.

1082 2396 1136 2435 Sp.
1148 2397 1308 2428 Carvilius
1319 2408 1338 2428 a
1355 2396 1418 2427 Cn.
1432 2397 1551 2429 Sicinio
1561 2408 1602 2428 ex
1615 2396 1752 2429 Graecia

1124 2439 1264 2470 Romam
1280 2440 1430 2470 remissus
1445 2450 1496 2478 42,
1512 2439 1564 2479 36.

1081 2481 1205 2521 Caryae
1223 2492 1274 2522 34,
1292 2481 1341 2514 26.
1366 2490 1416 2522 35,
1435 2490 1483 2521 27.

1082 2523 1244 2564 Carystus,
1274 2526 1348 2555 urbs
1384 2525 1548 2562 Euboeae,
1577 2525 1704 2564 capitur
1730 2536 1751 2556 a

1123 2567 1282 2598 Romanis
1306 2576 1357 2606 32,
1384 2566 1431 2605 16,
1454 2574 1501 2606 17.
1525 2567 1704 2598 libertatem
1730 2579 1751 2599 a

1123 2609 1280 2640 Romanis
1294 2609 1412 2648 accipit
1428 2618 1479 2649 33,
1496 2619 1544 2647 24.

1080 2650 1243 2691 Carystus,
1259 2653 1333 2682 urbs
1353 2652 1387 2681 in
1413 2652 1568 2691 Ligurum
1588 2663 1663 2692 agro
1679 2653 1748 2684 Sta-

1121 2694 1237 2724 tiellati
1254 2704 1304 2732 42,
1324 2700 1350 2732 7.

1080 2736 1297 2776 Carystiorum
1312 2736 1346 2766 in
1363 2736 1497 2767 Euboea
1507 2737 1574 2778 agri
1586 2740 1750 2769 vastantur

1123 2789 1173 2819 31,
1190 2787 1238 2817 45·
1266 2789 1316 2818 3²³
1335 2777 1381 2809 16·

1080 2821 1244 2853 Casander
1258 2821 1402 2851 minister
1418 2821 1564 2862 Philippi
1579 2823 1748 2854 crudelita-

1122 2864 1162 2895 tis
1176 2864 1208 2894 in
1222 2864 1410 2902 Maronitas,
1423 2875 1546 2896 veneno
1558 2865 1697 2897 creditur
1707 2867 1748 2897 ab

1123 2918 1160 2938 eo
1177 2907 1320 2937 sublatus
1337 2916 1387 2948 39,
1405 2917 1453 2947 34.
