1888 3194
291 182 376 220 310
809 180 958 223 ΤΙΤΙ
1001 180 1181 224 LIVII

293 269 441 319 omnis,
463 285 538 311 sua
561 270 809 327 interposita
833 272 1094 322 auctoritate,
1116 271 1234 313 vanis
1254 267 1570 326 quaestionibus
1591 281 1691 309 ansa

294 326 618 383 praecideretur,
655 328 744 370 viro
779 330 894 370 omni
934 329 1106 371 laudum
1149 343 1303 385 genere
1344 325 1689 374 cumulatissimo,

296 384 456 426 Lazaro
480 385 627 441 Opitio
651 385 868 427 Cardinali
888 386 1176 437 Pallavicinio‚
1199 385 1397 442 primario
1428 383 1689 432 administro,

295 442 578 493 demandavit,
612 458 688 484 suo
720 452 768 485 ut
799 444 971 485 nomine
1003 445 1180 493 iuberet,
1211 442 1415 492 codicem,
1443 441 1488 482 in
1521 455 1606 496 quo
1635 439 1688 481 Τ.

295 499 408 540 Livii
437 500 718 556 fragmentum
751 511 964 557 repertum
996 517 1085 543 esse
1117 501 1243 557 vulgo
1275 500 1498 548 ferebatur,
1522 498 1576 539 ad
1608 496 1690 538 Pe-

295 557 446 598 trensis
468 557 803 614 Archiepiscopi,
827 558 1001 599 Xaverii
1031 559 1084 600 de
1115 558 1287 607 Zelada,
1309 557 1434 598 aedes
1464 554 1689 604 transferri,

294 614 439 670 ibique
467 630 492 655 a
521 613 615 655 CC.
636 613 732 655 VV.
756 614 884 656 Petro
910 615 1073 656 Aloisio
1101 614 1300 664 Galletto,
1322 613 1506 669 Iosepho
1527 611 1691 654 Aloisio

297 671 540 721 Amadesio,
562 672 669 712 serio
689 671 998 727 diligenterque
1028 671 1225 728 expendi,
1248 671 1323 726 qui
1349 685 1438 712 sese
1459 670 1614 711 deinde
1635 668 1690 710 de

297 738 384 770 tota
407 744 450 770 re
473 729 694 769 certiorem
714 728 911 770 facerent.
975 728 1096 770 Haec
1118 729 1342 769 Pontifex:
1376 727 1495 768 cuius
1516 727 1690 783 quidem

296 785 469 827 consilio
497 785 602 840 quid
632 785 862 840 sapientius
887 786 992 836 fieri,
1015 786 1120 842 quid
1152 785 1206 827 ad
1230 785 1451 826 veritatem
1480 783 1691 824 illustran-

295 843 393 883 dam
414 842 781 892 accommodatius,
805 842 909 898 quid
930 843 1056 884 etiam
1078 842 1132 884 ad
1156 842 1263 884 tanti
1284 840 1494 897 Principis
1513 840 1691 897 gloriam

296 899 635 956 amplificandam
667 899 986 951 conducentius,
1012 916 1099 942 non
1130 900 1306 957 reperio.
1369 898 1484 940 Nam
1516 898 1551 939 si
1580 897 1693 939 iudi-

295 972 393 998 cum
409 956 537 998 fidem
556 965 732 1013 specteS,
749 957 1009 1014 integerrimi
1025 966 1147 1007 sunt3
1170 958 1204 999 si
1221 956 1518 1006 eruditionem,
1536 954 1692 997 doctis-

295 1014 402 1064 simi,
425 1014 633 1070 editisque
666 1015 862 1071 operibus
894 1016 981 1057 orbi
1016 1015 1181 1057 literato
1214 1014 1446 1064 notissimi3
1478 1013 1513 1055 si
1541 1013 1692 1054 harum

294 1087 434 1113 rerum
468 1072 675 1128 peritiam,
709 1080 890 1114 aetatem
925 1073 955 1114 ii
987 1073 1161 1129 quidem
1195 1073 1240 1113 in
1274 1072 1388 1113 hisce
1424 1070 1574 1113 studiis
1604 1069 1691 1111 fere

296 1144 467 1171 omnem
502 1144 666 1171 summa
700 1145 797 1171 cum
832 1130 1016 1172 nominis
1051 1131 1115 1172 sui
1155 1130 1280 1171 laude
1321 1129 1690 1184 studiosorumque

296 1187 476 1228 utilitate
508 1187 798 1228 traduxerunt.
864 1187 983 1236 Quid
1010 1196 1151 1229 autem
1173 1188 1226 1229 de
1247 1187 1434 1228 Xaverio
1454 1186 1507 1227 de
1531 1184 1692 1227 Zelada

296 1244 447 1294 dicam,
470 1259 597 1300 quem
622 1244 839 1286 Romanae
867 1260 1076 1302 purpurae
1098 1245 1303 1301 dignitate
1331 1243 1595 1286 meritissime
1619 1257 1691 1284 co·-

296 1302 563 1343 honestatum
596 1311 723 1358 atque
753 1303 1015 1359 insignitum,
1042 1304 1232 1344 omnium
1263 1302 1473 1352 ordinum,
1498 1300 1690 1342 omnium

295 1359 516 1400 nationum
544 1358 757 1415 plausibus
785 1369 828 1402 et
852 1361 1193 1417 comprobatione
1219 1359 1459 1416 nuperrime
1483 1358 1563 1415 ipsi
1582 1357 1692 1399 vidi-

296 1431 390 1458 mus
422 1425 464 1457 et
499 1417 629 1473 gavisi
661 1419 837 1459 sumus?
901 1417 1048 1466 Quum
1081 1418 1115 1459 is
1147 1417 1297 1459 harum
1328 1431 1469 1458 rerum
1501 1415 1692 1456 scientis-

296 1474 437 1523 simus,
465 1483 671 1530 quantum
704 1476 902 1531 temporis
934 1490 959 1516 a
990 1475 1269 1516 maximarum
1301 1488 1443 1515 rerum
1474 1472 1690 1514 curatione

296 1532 375 1588 ipsi
415 1531 626 1588 reliquum
667 1540 742 1582 est,
780 1541 916 1574 totum
957 1532 1198 1574 evolvendis
1233 1540 1359 1588 atque
1400 1528 1692 1587 expendendis

297 1589 508 1630 veteribus
542 1589 757 1631 codicibus
789 1589 1020 1647 impendat,
1046 1604 1226 1646 quorum
1257 1589 1476 1645 ingentem
1506 1587 1693 1644 exquisi-

298 1656 468 1701 tamque
503 1646 809 1702 supellectilem
846 1662 1010 1688 summo
1046 1647 1187 1689 studio
1215 1646 1520 1703 diligentiaque
1555 1645 1692 1687 incre-

297 1703 416 1744 dibili
452 1713 734 1760 comparatam
770 1704 886 1746 domi
926 1705 1067 1755 habet,
1103 1713 1270 1761 praeter
1304 1703 1531 1760 omnigena
1564 1718 1693 1745 vene-

295 1761 451 1802 randae
501 1761 762 1817 antiquitatis
822 1771 1110 1813 monumenta,
1161 1777 1386 1818 rerumque
1437 1760 1692 1803 naturalium

297 1819 556 1860 exoticarum
583 1819 759 1875 copiam,
782 1835 867 1876 qua
897 1820 1071 1861 mirifice
1103 1820 1306 1862 instructa
1335 1827 1462 1875 atque
1491 1826 1694 1860 exornata

298 1882 309 1900 ‘
326 1877 429 1917 tota’
445 1876 535 1918 eius
561 1881 573 1900 ‘
586 1876 736 1918 domus
756 1878 1023 1934 gymnasium
1045 1878 1155 1919 est?'
1205 1877 1304 1926 Qua
1319 1877 1372 1918 de
1393 1891 1437 1918 re
1458 1891 1584 1918 nemo
1605 1885 1692 1918 tam

295 1933 514 1989 perfrictae
528 1934 677 1975 frontis
689 1935 861 1990 reperiri
878 1935 1083 1991 potuisset
1098 1935 1166 1991 (ut
1178 1942 1391 1991 repertum
1404 1934 1455 1974 iri
1471 1947 1692 1988 nunquam

295 1990 433 2046 puto),
456 1991 529 2046 qui
557 2000 651 2046 post
677 1991 981 2047 pensiculatam
1008 2007 1033 2033 a
1061 2000 1201 2033 tantae
1234 1990 1484 2047 integritatis
1514 2005 1563 2031 ac
1590 1989 1693 2031 doc·-

296 2048 429 2088 trinae
443 2047 541 2088 viris
553 2048 738 2089 veritatis
751 2049 1129 2104 investigationem,
1140 2063 1232 2090 eam
1245 2062 1440 2089 revocare
1454 2046 1633 2103 amplius
1645 2047 1691 2089 in

295 2105 473 2145 dubium
494 2104 678 2146 auderet.
745 2105 965 2154 Quantum
990 2121 1089 2147 vero
1116 2106 1161 2147 in
1188 2105 1268 2147 hoc
1295 2105 1562 2161 suscipiendo
1589 2119 1692 2146 con-

295 2161 387 2203 silio
407 2161 642 2203 Clementis
662 2162 785 2203 XIV.
805 2163 1021 2219 sapientia,
1039 2163 1305 2220 optimusque
1323 2163 1412 2203 eius
1433 2177 1532 2218 erga
1550 2162 1691 2204 literas

296 2219 460 2260 animus
493 2228 535 2260 et
566 2220 847 2275 patrocinium
879 2219 1055 2271 eluceat,
1088 2235 1186 2262 sane
1218 2228 1344 2276 patet.
1411 2219 1530 2268 Quid
1561 2219 1689 2270 enim,

295 2291 464 2332 quaeso,
488 2276 756 2332 Alphonsum
786 2276 1116 2334 Neapolitanum
1140 2293 1296 2334 regem,
1319 2277 1393 2334 qui
1418 2292 1468 2319 eo
1497 2292 1596 2333 erga
1615 2276 1692 2319 Li-

295 2334 410 2374 vium
427 2348 567 2374 amore
583 2334 780 2376 incensus
797 2343 898 2385 erat,
916 2343 963 2376 ut
979 2344 1144 2391 praeter
1159 2335 1273 2376 illam
1290 2335 1480 2377 omnium
1495 2334 1606 2376 fama
1621 2349 1692 2376 ce-

294 2390 497 2432 lebratam
514 2390 567 2432 ad
581 2390 805 2433 Patavinos
821 2391 1088 2448 legationem,
1105 2408 1192 2434 sese
1203 2392 1423 2434 Laurentii
1432 2391 1578 2433 Vallae
1591 2406 1689 2432 cum

296 2448 487 2489 Antonio
508 2447 764 2499 Panormita,
796 2449 986 2507 aliisque,
1009 2450 1061 2491 de
1088 2450 1298 2506 germanis
1322 2450 1412 2491 eius
1438 2448 1689 2490 lectionibus

295 2505 588 2561 quaestionum
596 2506 796 2548 arbitrum
806 2516 848 2548 et
856 2507 1039 2549 iudicem
1048 2508 1352 2564 interponeret;
1371 2505 1488 2562 quid,
1499 2506 1687 2561 inquam,

296 2560 474 2618 amplius
494 2563 703 2605 facturum
727 2564 841 2606 hunc
861 2564 986 2606 fuisse
1012 2565 1304 2613 iudicabimus,
1325 2564 1372 2613 si,
1395 2563 1484 2619 ipso
1505 2563 1687 2613 vivente,

295 2620 576 2675 fragmentum
608 2620 687 2662 hoc
719 2621 762 2662 in
794 2621 931 2662 lucem
952 2623 1166 2663 venisset?
1230 2620 1348 2669 Quid
1370 2619 1577 2677 Magnum
1599 2619 1688 2661 Lu-

296 2677 504 2726 dovicum,
528 2677 602 2733 qui
632 2678 934 2734 amplissimum
962 2694 1010 2721 ac
1035 2679 1158 2735 plane
1180 2678 1357 2734 regium,
1380 2677 1689 2733 quinquaginta

295 2749 518 2775 aureorum
558 2734 700 2785 millia,
737 2736 971 2791 praemium
1011 2735 1240 2792 proposuit,
1277 2735 1310 2776 si
1352 2735 1445 2790 quis
1485 2733 1688 2776 Livianae

294 2791 490 2833 historiae
512 2791 650 2842 libros,
672 2793 831 2833 iactura
850 2808 948 2834 sane
974 2793 1080 2834 tristi
1110 2801 1236 2848 atque
1264 2793 1413 2834 acerba
1433 2791 1687 2848 deperditos,

295 2849 372 2890 sibi
394 2849 593 2890 stitisset‘?
647 2849 764 2898 Quid
788 2850 975 2891 Leonem
1002 2850 1137 2906 ipsum
1163 2849 1234 2899 X„
1257 2849 1329 2905 qui
1352 2863 1568 2905 nunquam
1590 2849 1689 2890 satis

294 2905 505 2948 laudando
538 2907 711 2948 consilio
745 2908 1029 2957 constituerat,
1061 2917 1106 2949 ut
1137 2908 1181 2949 in
1213 2907 1425 2963 Capitolio
1456 2906 1571 2948 statis
1601 2905 1687 2948 diei
