1888 3194
361 224 442 262 222
871 219 1019 262 TITI
1061 220 1238 262 LIVII

155 323 198 355 U.
216 322 254 354 C.
277 322 348 362 585.
361 311 604 361 cedonibus,
627 311 860 352 invisitatae
889 320 985 352 ante
1015 310 1330 367 magnitudinis,
1353 312 1397 351 iu
1425 324 1574 366 campo
1597 308 1786 352 Martio9

151 366 192 397 A.
216 366 255 397 C.
281 364 590 410 167·3111)(1110130
613 376 722 409 sunt.
1744 383 1749 386 ·

213 437 283 475 43,
420 425 635 467 Η301·01110
672 425 823 475 3(111110,
860 441 947 466 11011
987 426 1028 466 111
1067 426 1216 467 animis
1253 425 1391 475 modo,
1429 424 1503 466 sed
1538 438 1672 480 paene
1708 423 1753 464 in

152 492 190 539 L²
209 492 314 522 Anicii
362 482 506 532 0011113,
540 483 741 524 memoria
774 482 1043 524 BIacedonici
1077 482 1291 538 triumphi,
1326 483 1375 523 L.
1397 482 1574 523 Anicius
1609 480 1783 529 Quiri-1

151 535 525 581 triumphus-nalibug
557 540 830 596 triumphavit
863 540 915 580 de
950 555 1046 595 rege
1083 539 1242 580 Gentio
1275 539 1525 596 Illyriisque.
1592 537 1754 580 Similia

361 597 503 638 omnia
524 597 654 653 magis
674 597 761 637 visa
784 596 1037 645 hominibus,
1061 611 1186 651 quam
1208 597 1334 651 paria.
1398 596 1544 636 Minor
1563 596 1652 651 ipse
1673 595 1753 635 im-

361 662 540 710 perator,
563 663 606 695 et
625 653 844 694 nobilitate
866 653 1045 693 Anicius
1067 668 1162 693 cum
1187 652 1384 701 Aemilio,
1414 660 1456 693 et
1476 652 1565 692 iure
1586 651 1752 707 imperii

392 720 528 752 raetor
558 725 652 751 cum
687 709 856 751 consule
890 709 1090 750 collatus:
1129 724 1215 750 non
1250 708 1432 749 Gentius
1463 709 1632 759 Perseo,
1664 723 1752 750 non

386 768 497 824 llyrii
528 766 846 815 Macedonibus,
879 781 964 807 non
997 766 1129 822 spolia
1163 765 1317 821 spoliis,
1349 781 1434 806 non
1467 766 1647 821 pecunia
1679 781 1752 821 pe-

361 824 523 873 cuniae,
546 839 632 864 non
660 824 772 864 dona.
799 823 920 863 donis
951 823 1182 879 comparari
1212 831 1407 879 poterant
1464 822 1615 878 Itaque
1645 823 1753 864 sicut

361 881 648 936 praefulgebat
675 880 775 921 huic
804 879 1042 935 triumphus
1071 895 1243 929 recens3
1277 880 1334 921 ita
1361 880 1588 936 apparebat
1613 880 1752 936 ipsum

361 952 437 993 per
457 953 499 978 se
525 937 786 978 intuentibus
810 952 1079 992 nequaquam
1104 952 1193 978 esse
1214 937 1584 978 contemnendum.
1648 937 1752 979 Per-

361 995 581 1036 domuerat
612 995 722 1035 intra
751 1009 906 1050 paucos
937 994 1038 1044 dics,
1065 1002 1173 1035 terra
1205 995 1393 1050 marique
1426 994 1621 1044 ferocem,
1649 994 1752 1035 locis

361 1052 717 1108 munimentisque
746 1052 906 1102 fretam,
932 1061 1102 1107 gentem
1124 1051 1389 1108 Illyriorum:
1423 1066 1565 1108 regem
1593 1051 1745 1107 regiae-

362 1125 444 1166 que
476 1125 620 1151 omnes
652 1109 790 1165 stirpis
822 1117 1014 1165 ceperat:
1054 1109 1266 1150 transtulit
1297 1109 1342 1149 in
1375 1109 1589 1165 triumpho
1620 1108 1752 1150 multa

361 1167 555 1208 militaria
595 1167 725 1222 signa,
763 1165 978 1222 spoliaque
1015 1165 1106 1215 alia,
1144 1174 1186 1207 et
1221 1166 1522 1222 supellectilem
1563 1166 1747 1221 regiam:

363 1225 453 1265 auri
488 1224 630 1280 pondo
664 1223 814 1279 viginti
850 1232 892 1264 et
926 1231 1100 1279 septem,
1137 1224 1299 1279 argenti
1334 1223 1481 1264 decem
1521 1231 1564 1264 et
1598 1238 1752 1264 novem

360 1282 529 1337 pondo:
563 1281 782 1322 denarium
811 1280 958 1321 decem
989 1289 1031 1321 ct
1062 1281 1140 1321 tria
1170 1280 1313 1330 11111113,
1336 1288 1378 1321 01
1405 1288 1577 1321 0011111111
1601 1279 1782 1336 vigintiz

362 1338 492 1379 millia
512 1337 644 1395 Illyrii
666 1338 839 1394 argenti.
888 1338 1004 1378 Ante
1026 1352 1193 1378 currum
1215 1337 1330 1378 ducti
1356 1337 1538 1378 Gentius
1558 1352 1631 1378 rex
1653 1351 1751 1378 cum

361 1396 539 1451 coniuge
573 1404 616 1436 et
647 1395 800 1444 liberis,
832 1403 875 1436 et
910 1394 1187 1435 Caravantius
1218 1394 1345 1436 frater
1376 1395 1486 1450 regis
1517 1402 1560 1436 01
1591 1394 1752 1451 aliquot

360 1453 522 1494 nobiles
553 1452 697 1509 Illyrii.
761 1452 828 1492 De
860 1452 1015 1507 praeda
1046 1451 1248 1492 militibus
1280 1452 1325 1491 in
1357 1451 1542 1507 singulos
1571 1451 1752 1507 quadra-

361 1525 491 1565 genos
523 1510 673 1565 quinos
705 1509 911 1558 denarios,
943 1508 1101 1564 duplex
1135 1508 1385 1558 centurioni,
1417 1508 1571 1564 triplex
1602 1508 1749 1563 equiti,

361 1567 483 1608 sociis
507 1567 689 1608 nominis
717 1565 860 1606 Latini
889 1575 1093 1621 quantum
1121 1565 1293 1614 civibus,
1316 1574 1359 1606 et
1389 1565 1510 1606 sociis
1536 1565 1751 1606 navalibus

361 1623 480 1665 dedit
514 1632 721 1680 quantum
755 1623 968 1663 militibus.
1032 1622 1203 1663 Laetior
1238 1622 1352 1663 hunc
1387 1621 1649 1678 triumphum
1688 1631 1752 1664 est

361 1688 528 1722 secutus
560 1680 691 1730 miles,
721 1680 947 1736 multisque
979 1679 1066 1720 dux
1097 1679 1185 1735 ipse
1219 1679 1472 1721 carminibus
1504 1679 1748 1722 celebratus.

363 1737 611 1779 Sestertium
638 1738 857 1778 ducenties
887 1752 941 1778 ex
972 1752 1022 1778 ea
1052 1736 1208 1793 praeda
1237 1737 1454 1778 redactum
1481 1752 1584 1787 0330,
1606 1745 1753 1778 auctor

361 1803 424 1836 est
445 1795 609 1845 Antias,
631 1803 798 1851 praeter
821 1809 969 1835 aurum
995 1803 1314 1850 argentumque,
1337 1794 1453 1850 quod
1476 1794 1522 1835 in
1547 1794 1750 1836 aerarium

360 1853 414 1893 sit
434 1852 591 1893 latum:
627 1852 742 1908 quod
763 1852 862 1908 quia
889 1851 1002 1892 unde
1030 1851 1162 1907 redigi
1188 1852 1383 1907 potuerit,
1406 1867 1491 1893 11011
1513 1852 1750 1908 apparebat,

154 1921 294 1952 Gentius
362 1919 574 1951 auctorem
614 1924 689 1965 pro
730 1924 773 1949 re
814 1909 945 1964 posuI.
1009 1908 1106 1949 Rex
1149 1908 1332 1949 Gentius
1377 1923 1474 1949 cum
1513 1908 1666 1957 liberis,
1708 1916 1752 1949 et

154 1973 227 1994 cum
244 1965 308 2012 suis
363 1967 555 2023 coniuge,
582 1975 624 2006 01
650 1965 774 2006 fratre
799 1965 1032 2020 Spoletium
1063 1965 1107 2004 in
1138 1965 1368 2005 custodiam
1400 1980 1453 2005 ex
1481 1973 1751 2006 senatuscon-

153 2006 336 2078 ISAEpSngmm
363 2023 473 2065 sulto
504 2023 668 2071 ductus,
695 2022 824 2062 ceteri
855 2021 1008 2076 captivi
1034 2021 1196 2062 Romae
1228 2021 1272 2061 in
1303 2036 1511 2062 carcerem
1542 2022 1748 2064 coniecti:

154 2094 224 2120 tum
242 2073 315 2131 Ig'u-
363 2080 734 2134 recusantibusque
765 2078 996 2119 custodiam
1025 2077 1265 2133 Spoletinis,
1293 2077 1489 2134 Iguvium
1519 2093 1638 2135 reges
1669 2087 1782 2121 tra-3

154 2132 252 2164 vium.
364 2137 492 2178 ducti.
556 2136 786 2191 Reliquum
837 2150 890 2176 ex
940 2134 1110 2191 Illyrico
1158 2134 1337 2190 praedae
1383 2135 1557 2177 ducenti
1601 2136 1751 2192 viginti

363 2193 491 2235 lembi
526 2201 670 2241 erant3
709 2192 761 2233 de
798 2191 956 2233 Gentio
991 2207 1088 2247 rege
1125 2200 1268 2248 captos
1303 2207 1373 2233 eos
1412 2192 1672 2249 Corcyraeis,
1709 2201 1753 2235 01

364 2250 717 2306 Apolloniatibus,
739 2258 781 2290 et
802 2248 1106 2306 Dyrrhachinis
1135 2248 1187 2297 Q„
1210 2248 1379 2290 Cassius
1404 2264 1457 2291 ex
1481 2259 1752 2292 senatuscon-

363 2308 473 2348 sulto
495 2307 650 2348 tribuit.

215 2371 284 2409 44.
424 2363 630 2405 Consules
651 2379 700 2406 eo
722 2379 844 2413 anno,
862 2378 961 2420 agro
979 2372 1140 2405 tantum
1159 2363 1365 2419 Ligurum
1386 2365 1599 2422 populato,
1618 2380 1751 2420 quum

362 2421 501 2463 hostes
528 2421 735 2462 exercitus
763 2436 979 2476 nunquam
1008 2421 1263 2471 eduxissent,
1287 2421 1402 2463 nulla
1425 2436 1469 2463 re
1491 2422 1750 2464 memorabili

359 2486 488 2535 gesta,
519 2478 699 2519 Romam
732 2477 784 2519 ad
817 2478 1080 2534 magistratus
1113 2478 1399 2535 subrogandos
1430 2479 1672 2529 redierunt3
1707 2489 1750 2520 et

408 2629 428 2660 9
456 2620 664 2656 Invisitatae]
716 2630 758 2650 sc.
786 2619 953 2650 Romanis.
990 2620 1031 2649 cf.
1072 2620 1179 2658 qemi]
1218 2619 1295 2649 Non
1311 2619 1368 2649 abs
1383 2629 1416 2649 re
1431 2619 1611 2659 suspicatur
1627 2618 1749 2649 Douia-

362 2671 448 2701 supr.
473 2672 502 2692 v.
526 2670 576 2700 35.
633 2662 726 2691 Haec
760 2672 822 2691 vox
857 2671 914 2701 pro
947 2662 1030 2701 vulg.
1076 2661 1139 2691 tius
1154 2661 1206 2690 hic
1223 2660 1379 2700 designari
1402 2662 1598 2698 Victoriatos‚
1614 2670 1694 2700 quos
1709 2670 1750 2690 ex

361 2705 538 2735 inusitatae
553 2714 572 2733 a
589 2703 753 2733 Gronovio
769 2703 895 2733 invecta
911 2707 967 2735 est.
1079 2702 1212 2743 Illyrico
1227 2702 1368 2742 primum
1384 2704 1535 2733 advectos
1546 2711 1614 2733 esse
1628 2712 1748 2733 memo-

408 2756 420 2776 1
448 2746 689 2784 Quirinalibus]
709 2745 914 2776 Sollennibus
929 2745 962 2776 in
977 2746 1032 2776 ho-
1077 2749 1126 2775 rat
1151 2744 1288 2782 Plinius,
1304 2744 1349 2775 H.
1367 2745 1414 2775 N.
1431 2744 1544 2775 xxxiii.
1569 2753 1597 2784 3.
1649 2745 1749 2776 Victo-

361 2798 472 2819 norem
503 2787 632 2824 Quirini
662 2787 728 2818 sive
758 2787 894 2818 Romuli
923 2798 1033 2818 mense
1077 2789 1182 2818 riatus
1203 2790 1313 2817 autem
1337 2790 1405 2817 erat
1420 2786 1594 2826 quinarius,
1614 2786 1680 2817 sive
1703 2786 1748 2817 di-

362 2830 536 2861 Februario
554 2830 592 2860 A.
610 2830 652 2861 D.
670 2839 748 2860 xm.
767 2830 844 2861 Kal.
862 2830 962 2861 Mart.
983 2840 1031 2860 ce—
1076 2829 1175 2860 midia
1191 2839 1263 2868 pars
1277 2828 1408 2860 denarii.
1432 2829 1539 2861 CREV.

362 2873 501 2904 lebratis.
542 2872 581 2903 cf.
603 2872 697 2903 Ovid.
725 2871 752 2902 F
753 2876 811 2903 ast.
839 2871 874 2902 ii.
902 2882 973 2912 513·
1000 2877 1033 2902 et
1119 2880 1136 2910 3
1160 2873 1263 2911 Reges
1293 2872 1451 2910 traducti]
1484 2869 1636 2911 Intellige
1660 2870 1748 2902 Gen-

362 2915 449 2946 Fest.
466 2915 498 2945 in
515 2924 602 2946 voce.
620 2915 817 2952 Quirinalia.
1077 2913 1158 2944 tium
1173 2924 1247 2945 cum
1259 2923 1359 2944 uxore
1371 2917 1403 2945 et
1416 2913 1504 2944 omni
1516 2912 1624 2953 stirpe.
1641 2913 1748 2945 ΟΜΝ.

406 2966 423 2988 2
449 2957 583 2989 Centum
604 2957 719 2997 viginti
741 2958 842 2988 millia
858 2958 965 2997 Illyrii
980 2968 1031 2987 ar-
