1888 3194
649 195 939 234 INDEX.

150 270 200 311 56.
232 270 361 302 ducitur
386 271 417 302 in
445 279 603 301 carcerem
631 278 681 310 57.
713 269 771 300 sibi

148 323 262 345 necem
277 312 442 345 consciscit
458 312 508 351 58.

107 355 171 397 Ap.
187 356 353 394 Claudius,
380 355 466 386 filius
492 354 675 393 decemviri,
701 354 772 386 trib.

148 400 243 431 milit.
271 409 302 438 4,
329 406 381 439 35.
415 408 435 429 a
460 398 590 438 collegis
620 397 774 438 linquitur

148 442 329 483 praefectus
343 441 430 472 urbis
445 440 494 481 36.

107 484 169 525 Ap.
186 485 354 523 Claudius,
376 495 478 525 nepos
503 483 687 522 decemviri,
709 485 772 515 avi-

148 531 218 558 tum
249 527 418 559 consilium
449 528 489 558 de
515 527 774 558 intercessoribus

147 571 298 611 parandis
323 571 419 602 refert
443 582 473 609 4,
498 571 548 608 48.
580 570 652 601 trib.
679 570 772 602 milit.

148 613 307 644 consulari
323 617 481 654 potestate
498 621 528 653 5,
545 623 569 644 1.
593 613 662 644 eius
673 612 773 643 oratio
859 614 927 645 eius
942 615 1042 646 oratio
1058 616 1099 646 ad
1113 616 1258 656 Appium
1271 617 1487 649 decemvirum

147 666 207 697 pro
221 656 436 687 hibernaculis
451 657 492 687 ad
508 656 609 686 Veios
625 664 641 694 3
659 659 691 686 et
706 665 772 695 sqq.
859 667 909 696 40.
942 662 1010 688 orat
1037 659 1196 698 populum
1221 669 1277 699 pro
1299 660 1407 700 Appio
1435 671 1488 692 reo

148 698 216 730 eius
237 699 397 731 sententia
420 700 460 731 de
482 699 602 740 praeda
618 698 773 729 Veiorum
861 699 910 738 58.
939 705 1047 732 censet
1061 711 1151 732 arma
1167 701 1324 742 capienda
1339 703 1400 734 adv
1403 713 1491 735 ersus

149 751 199 774 20.
858 743 1002 774 tribunos
1017 756 1047 782 4,
1062 743 1092 776 6.

107 784 170 825 Ap.
183 786 352 825 Claudius,
377 795 478 826 nepos
503 784 685 822 decemviri,
712 784 772 815 dis-
818 785 855 817 C.
867 786 1024 818 Claudius
1039 787 1164 825 Cicero,
1184 787 1256 819 trib.
1278 789 1323 828 pl.
1345 789 1489 821 Romilio

148 829 262 860 suadet
282 830 385 870 legem
402 829 442 859 de
458 829 626 859 consulatu
648 827 774 867 plebeio
861 829 984 860 consuli
1001 830 1086 860 diem
1103 831 1180 861 dicit
1197 839 1228 869 3,
1244 840 1294 869 31.

149 869 181 910 6,
197 882 246 910 40.
269 873 406 903 dictator
423 880 451 911 7,
467 870 496 902 6.
518 871 641 908 consul,
657 870 689 901 in
704 870 774 910 ipso
819 871 856 903 C.
870 872 1026 903 Claudius
1042 873 1246 912 Regillensis,
1262 874 1410 913 dictator,
1425 880 1457 906 et

148 920 308 955 apparatu
323 915 400 946 belli
415 914 549 945 moritur
565 924 580 944 2
586 923 613 953 5.
819 915 856 946 C.
868 915 1024 946 Claudius
1046 916 1213 954 Hortator,
1233 917 1382 957 magister
1403 919 1490 958 equi-

106 955 170 996 Ap.
184 958 352 996 Claudius,
373 967 483 989 censor
502 967 533 999 9,
556 967 604 998 29.
629 960 700 996 post
719 957 773 987 ab·
860 962 942 994 tum,
963 959 1040 989 vitio
1063 959 1171 997 creati,
1193 960 1345 991 abdicant
1367 971 1400 992 se
1423 971 1489 993 ma-

148 1000 343 1032 dicationem
356 1001 498 1040 collegae
509 1000 595 1030 solus
607 1009 771 1030 censuram
859 1001 992 1040 gistratu
1008 1002 1038 1039 8,
1058 1010 1104 1041 15.

147 1053 270 1083 gerens,
297 1043 380 1074 viam
405 1042 521 1080 munit,
544 1047 576 1073 et
601 1052 717 1081 aquam
741 1041 774 1072 in
819 1043 856 1074 C.
873 1044 1042 1081 Claudius,
1072 1045 1190 1075 flamen
1222 1045 1327 1077 Dialis
1358 1046 1409 1085 26,
1440 1057 1489 1087 23.

148 1087 260 1117 urbem
285 1086 385 1123 ducit,
401 1086 478 1116 ibid.
501 1095 539 1115 eo
560 1088 691 1115 auctore
713 1085 772 1114 Po-
861 1087 944 1125 quod
969 1090 1043 1117 exta
1065 1097 1232 1127 perperam
1251 1089 1394 1128 dederat,
1410 1090 1491 1121 abiit

861 1129 1015 1167 flaminio,
1030 1130 1106 1161 ibid.

819 1171 856 1202 C.
870 1171 1038 1208 Claudius,
1061 1176 1188 1212 praetor
1210 1183 1262 1211 40,
1281 1182 1331 1214 37.
1367 1176 1492 1215 legatus

861 1213 894 1244 in
910 1214 1139 1245 Macedoniam
1155 1224 1273 1255 45,17.
1299 1228 1400 1257 aug-ur
1422 1228 1488 1249 mo-

858 1256 938 1286 ritur
953 1267 1003 1295 44.

817 1298 855 1330 C.
868 1299 1026 1331 Claudius
1036 1300 1136 1340 Appii
1149 1301 1186 1332 F.
1197 1301 1336 1341 Centho,
1349 1302 1489 1335 interrex

859 1351 910 1379 22,
926 1351 976 1381 34.
999 1343 1137 1374 dictator
1153 1352 1204 1383 25,
1221 1353 1249 1375 2.

816 1384 854 1416 C.
868 1385 1026 1417 Claudius
1035 1386 1136 1424 Nero,
1147 1387 1284 1427 graviter
1298 1397 1318 1418 a
1330 1388 1489 1421 Marcello

859 280 909 310 33.
948 272 1073 312 legatus
1102 275 1144 305 ad
1170 274 1352 315 Thessalos,
1377 288 1488 310 eorum

858 314 1031 346 discordias
1053 317 1219 356 componit
1240 328 1292 356 42,
1311 321 1489 360 5.1egatus

858 357 900 387 ad
923 367 973 388 res
991 360 1182 398 repetendas
1202 359 1235 390 in
1260 361 1488 395 Macedoniam

858 399 984 437 missus,
995 401 1078 432 redit
1090 412 1142 451 42,
1156 410 1204 441 25.
1229 413 1249 433 a
1261 405 1391 435 consule
1404 405 1488 437 Hos-

859 441 929 474 tilio
951 443 1091 474 mittitur
1113 445 1146 475 in
1171 445 1341 485 Illyricum
1365 456 1416 486 43,
1441 458 1488 480 11.

860 486 1004 516 caeditur
1018 487 1058 516 ab
1077 487 1318 519 Uscanensibus
1336 498 1383 520 12.

818 527 855 559 C.
869 528 1025 560 Claudius
1041 528 1106 570 Ap.
1121 530 1158 561 F.
1176 541 1238 561 cos.
1256 540 1286 570 3,
1306 540 1351 570 15.
1376 535 1490 571 petens

859 571 1122 610 decemviratum,
1131 574 1293 613 repulsam
1306 574 1427 614 patitur
1437 584 1488 615 35.

147 1127 221 1159 titia
251 1139 329 1169 gens
361 1138 451 1159 sacra
480 1127 633 1158 Herculis
662 1128 774 1158 edocet

147 1180 254 1202 servos
263 1171 419 1211 publicos,
426 1174 456 1201 et
468 1169 689 1209 exstinguitur,
698 1169 774 1200 ibid.

148 1213 217 1245 eius
231 1213 424 1245 concertatio
438 1223 511 1244 cum
526 1213 562 1243 P.
574 1212 775 1252 Sempronio,

147 1256 276 1287 tribuno
292 1257 336 1297 pl.
353 1257 393 1287 de
409 1266 543 1287 censura
558 1265 597 1295 33
615 1259 646 1286 et
663 1265 712 1295 34.
736 1256 773 1285 fit

148 1300 260 1330 consul
272 1310 322 1338 42.
344 1299 505 1330 dissuadet
521 1299 625 1338 legem
641 1298 681 1329 de
694 1308 772 1337 pon—

147 1342 287 1374 tificibus
297 1346 330 1373 et
344 1341 517 1383 auguribus
532 1341 666 1382 plebeiis
682 1350 730 1378 10,
744 1348 771 1380 7.

146 1384 287 1417 interrex
306 1395 353 1417 11.
378 1388 502 1416 creatur
522 1385 632 1415 consul
655 1383 771 1414 iterum

151 1435 199 1467 15.
228 1429 315 1459 male
336 1438 403 1459 rem
425 1427 505 1467 gen't
531 1428 578 1458 18.
610 1427 643 1457 in
665 1426 772 1457 medio

148 1480 275 1510 pugnae
295 1470 477 1502 discrimine
496 1470 657 1510 templum
679 1474 773 1500 vovet

149 1513 308 1545 Bellonae
341 1523 388 1554 19.
423 1512 521 1544 vincit
551 1512 710 1544 Samnites
741 1516 773 1543 et

148 1555 283 1595 Tuscos,
305 1556 380 1588 ibid.
410 1559 536 1596 praetor
559 1565 607 1586 22.
635 1555 704 1586 eius
725 1565 774 1586 res

147 1603 256 1639 gestae
271 1600 422 1630 adversus
437 1597 598 1629 Samnites
615 1608 663 1637 31.

105 1639 171 1682 Ap.
184 1642 342 1674 Claudius
361 1641 511 1677 Pulcher,
526 1640 597 1672 trib.
614 1640 708 1672 milit.
725 1650 774 1678 22,

148 1692 199 1725 53.
227 1689 354 1725 praetor
369 1694 419 1723 23,
438 1694 485 1722 24.
520 1683 663 1715 Siciliam
685 1684 774 1714 sorti-

147 1731 200 1759 tur
216 1738 265 1769 30.
293 1728 414 1767 legatos
435 1727 534 1758 mittit
557 1727 596 1757 ad
616 1726 774 1766 Hierony-

146 1780 236 1802 mum
255 1781 306 1809 24,
321 1770 350 1802 6.
376 1771 515 1801 Romam
537 1771 577 1800 ad
600 1770 774 1809 petendum

147 1815 351 1845 consulatum
367 1813 506 1844 mittitur
519 1823 538 1843 a
555 1813 712 1844 Marcello
725 1822 774 1854 39.

147 1866 211 1888 cos.
230 1867 279 1897 25,
294 1867 310 1888 2
327 1861 359 1888 81
375 1865 403 1895 3.
428 1855 550 1887 obsidet
563 1856 711 1895 Capuam
727 1865 775 1887 22.

148 1901 333 1932 vulneratur
357 1898 407 1937 26,
428 1898 457 1930 6.
487 1898 619 1929 moritur
645 1899 702 1929 sub
723 1899 775 1929 de-

147 1942 300 1974 ditionem
318 1923 452 1983 Capuae
471 1941 517 1973 16.

105 1982 170 2025 Ap.
183 1986 351 2023 Claudius,
366 1985 437 2016 trib.
454 1985 546 2015 milit.
565 1994 615 2023 32,
631 1992 680 2023 35.
705 1984 776 2015 11111-

147 2029 226 2060 titur
241 2029 381 2060 Romam
399 2027 448 2067 36.
474 2038 546 2058 cum
565 2032 654 2067 parte
669 2027 775 2067 copia-

146 2082 217 2104 rum
242 2071 456 2111 Acraephiam
486 2070 625 2101 mittitur
650 2079 701 2109 33,
726 2079 776 2110 29.

146 2125 205 2156 per
218 2114 419 2147 Thessaliam
443 2118 540 2153 atque
562 2112 698 2153 Epirum
719 2113 776 2143 du·

147 2168 219 2190 cere
245 2157 377 2189 Oricum
408 2157 536 2187 iubetur
562 2165 613 2195 34,
641 2165 691 2194 5ο.
734 2156 775 2186 ad

147 2200 340 2242 praesidium
355 2199 499 2231 Larissae
514 2199 652 2230 mittitur
669 2198 719 2238 36,
730 2208 776 2229 10.

147 2244 216 2276 eius
233 2247 303 2275 arte
322 2244 363 2274 ab
381 2242 546 2273 obsidione
563 2241 707 2273 Larissae
723 2242 776 2272 de-

147 2290 282 2318 terretur
312 2285 504 2323 Antiochus,
532 2285 608 2316 ibid.
650 2288 774 2325 praeest

148 2328 231 2370 parti
247 2331 421 2360 castrorum
442 2328 475 2359 in
491 2327 655 2359 obsidione
673 2328 775 2358 Hera-

148 2372 238 2403 cleae
254 2381 304 2403 22.
330 2370 545 2411 praemittitur
559 2371 601 2402 ad
616 2381 775 2411 occupan-

147 2415 190 2446 da
208 2415 283 2454 iuga
298 2414 400 2446 Oetae
417 2423 466 2453 30.
499 2418 626 2453 praetor
646 2413 776 2444 sortitur

147 2457 325 2489 Tarentum
343 2457 395 2496 38,
411 2466 460 2495 42.
484 2466 547 2487 cos.
564 2465 615 2498 39,
632 2465 681 2494 23.
706 2466 774 2487 cae-

147 2500 195 2532 dit
219 2501 381 2541 Ingaunos
405 2499 537 2537 Ligures
553 2508 602 2538 3²·
633 2499 662 2529 vi
679 2499 775 2530 Clau·

147 2543 244 2575 diana
265 2544 394 2576 fratrem
417 2543 458 2573 ad
482 2542 683 2573 consulatum
705 2551 776 2572 eve-

147 2586 207 2624 hit,
236 2586 312 2618 ibid.
355 2585 505 2626 princcps
542 2584 708 2624 legationis
744 2583 776 2614 in

147 2629 318 2661 Graeciam
343 2637 477 2668 33—37.
515 2628 639 2667 legatus
664 2627 778 2658 missus

147 2672 188 2703 ad
206 2673 339 2703 Aetolos
354 2681 406 2710 41,
422 2680 472 2710 30.

107 2711 171 2755 Ap.
184 2714 342 2747 Claudius
366 2715 466 2751 Nero,
490 2717 627 2754 praetor,
649 2713 778 2744 sortitur

151 2757 345 2798 Hispaniam
372 2757 555 2788 ulteriorem
580 2766 631 2796 33,
652 2767 701 2795 4²·
726 2766 778 2796 34,

156 2808 201 2831 ¹0·
225 2799 348 2840 legatus
364 2808 416 2840 37,
431 2808 481 2839 ⁵5-

110 2840 171 2881 Δρ.
184 2841 341 2873 Claudius
360 2843 500 2881 Centho,
521 2842 634 2874 aedilis
659 2842 778 2873 curulis

153 2893 205 2921 4ο.
221 2892 270 2926 59.
298 2888 424 2925 praetor
439 2895 490 2923 41,
507 2894 555 2916 22.
583 2884 689 2916 caedit
705 2886 777 2917 Cel-

152 2926 269 2957 tiberos
285 2935 335 2965 31.
359 2937 457 2959 ovans
480 2927 652 2965 ingreditur
667 2929 776 2958 urbem

858 1428 990 1460 consule
1014 1428 1190 1469 increpitus
1213 1438 1335 1470 24,17.
1364 1437 1492 1471 praetor

860 1479 910 1510 25,
929 1481 956 1502 2.
985 1472 1183 1512 provinciam
1206 1473 1336 1504 sortitur
1359 1475 1490 1507 Suessu-

858 1514 880 1544 11
881 1524 925 1544 1111
939 1522 967 1552 3.
990 1515 1031 1545 ab
1042 1515 1193 1546 Suessula
1205 1515 1330 1547 excitur
1341 1517 1491 1558 Capuam

861 1566 910 1588 22.
934 1557 1074 1588 mittitur
1095 1557 1127 1588 in
1152 1558 1347 1598 Hispaniam
1373 1559 1490 1601 26,17.

860 1599 1025 1630 deluditur
1046 1601 1087 1631 ab
1110 1601 1329 1640 Hasdrubale,
1344 1603 1421 1635 ibid.
1448 1605 1492 1635 le-

860 1646 952 1681 gatus
970 1652 1019 1682 27,
1039 1653 1085 1681 14.
1110 1653 1172 1674 808.
1189 1652 1239 1682 34.
1271 1655 1343 1675 cum
1362 1646 1488 1677 Hanni—

861 1685 934 1716 bale
959 1695 1023 1716 non
1050 1687 1149 1716 semel
1173 1688 1376 1725 congreditur
1395 1699 1430 1727 41
1459 1693 1492 1721 et

861 1737 911 1766 42.
942 1728 1054 1759 relicto
1074 1729 1273 1765 Hannibale,
1288 1731 1328 1761 ad
1348 1731 1492 1763 Hasdru-

861 1771 967 1801 balem
985 1776 1134 1811 properat
1151 1781 1200 1811 43.
1233 1773 1273 1803 ad
1289 1774 1409 1805 milites
1424 1785 1492 1806 ora-

861 1813 981 1844 tionem
1006 1814 1101 1845 habet
1119 1823 1169 1853 45.
1202 1815 1328 1846 devicto
1348 1817 1492 1849 Hasdru-

862 1857 946 1893 bale,
960 1857 1001 1888 ad
1019 1857 1239 1888 Hannibalem
1259 1860 1426 1890 revertitur
1441 1870 1492 1899 50.

863 1904 961 1939 caput
992 1899 1206 1931 Hasdrubalis
1235 1905 1310 1932 ante
1340 1903 1494 1935 stationes

863 1942 1001 1973 hostium
1027 1943 1137 1982 proiici
1161 1943 1248 1974 iubet
1265 1953 1314 1982 51.
1346 1946 1428 1977 redit
1451 1948 1492 1977 ad

863 1986 973 2016 urbem
992 1986 1042 2022 28,
1058 1996 1087 2027 9.
1120 1996 1202 2026 equo
1225 1987 1402 2028 triumphat
1425 1989 1494 2021 sinc

862 2028 1029 2066 militibus,
1045 2029 1121 2060 ibid.
1153 2039 1264 2059 censor
1282 2040 1331 2071 29,
1348 2040 1397 2070 37.
1425 2032 1494 2063 eius

862 2071 1089 2112 intempestiva
1128 2072 1304 2103 severitatis
1349 2074 1492 2112 iactatio,

861 2113 937 2146 ibid.

821 2156 858 2189 C.
871 2157 1030 2188 Claudius
1050 2157 1150 2195 N'cro,
1173 2159 1297 2197 legatus
1317 2160 1359 2191 ad
1384 2160 1492 2192 Ptole-

863 2210 990 2231 maeum
1008 2210 1060 2239 31,
1078 2210 1105 2232 2.

821 2243 858 2274 C.
873 2243 1030 2274 Claudius
1047 2244 1176 2275 Centho
1199 2254 1272 2275 cum
1297 2245 1398 2285 copiis
1421 2245 1492 2277 mit-

862 2285 940 2316 titur
975 2287 1017 2317 ad
1052 2287 1209 2317 auxilium
1241 2287 1443 2319 Athenarum
1473 2299 1494 2320 a

862 2328 1097 2360 Macedonibus
1113 2330 1310 2360 obsessarum
1328 2339 1380 2369 31,
1401 2340 1447 2369 14.

820 2371 857 2404 C.
872 2371 1030 2403 Claudius
1047 2372 1145 2412 Appii
1163 2372 1200 2404 F.
1219 2373 1370 2411 Pulcher,
1393 2384 1494 2413 augur

860 2414 893 2445 in
918 2414 961 2451 Q.
979 2414 1071 2445 Fabii
1094 2415 1232 2446 Maximi
1258 2416 1364 2447 locum
1391 2417 1494 2448 lectus

862 2465 914 2496 33,
934 2468 984 2497 44.
1014 2462 1141 2498 praetor
1163 2466 1284 2498 40,.37.
1313 2469 1375 2491 888.
1393 2459 1425 2490 111
1447 2460 1492 2491 Is-

861 2500 955 2531 triam
974 2511 1127 2540 praeceps
1141 2501 1277 2532 discedit
1293 2511 1345 2541 41,
1360 2512 1492 2541 12-14.

862 2543 1038 2574 exercitum
1063 2544 1208 2581 offendit,
1229 2548 1260 2575 et
1282 2545 1422 2576 Romam
1447 2556 1492 2576 re-

863 2585 922 2623 dit,
932 2585 1008 2617 ibid.
1032 2587 1131 2617 redux
1149 2587 1273 2617 obsidet
1289 2588 1493 2625 Nesactium,

863 2631 895 2658 et
921 2629 1008 2668 capit
1036 2637 1082 2669 1.5
1126 2630 1252 2660 Istrum
1282 2635 1388 2670 pacat,
1416 2630 1492 2662 ibid.

863 2671 1004 2719 legiones
1027 2671 1059 2703 in
1083 2672 1216 2713 Ligures
1241 2673 1420 2704 transducit
1446 2672 1492 2704 16.

865 2714 962 2744 vincit
984 2714 1126 2755 Ligures,
1142 2715 1217 2747 ibid.
1247 2716 1433 2764 triumphat
1446 2724 1493 2755 17.

864 2756 892 2787 81
911 2757 942 2788 111
957 2767 1078 2788 annum
1102 2763 1303 2798 prorogatum
1322 2758 1491 2798 imperium

869 2800 914 2831 18.
949 2800 1062 2840 recipit
1089 2801 1251 2832 Mutinam
1278 2812 1298 2832 a
1324 2801 1493 2838 Liguribus

866 2851 916 2874 2ο.
939 2843 1123 2881 consularis,
1140 2844 1175 2874 111
1190 2844 1262 2875 trib.
1273 2843 1366 2874 milit.
1381 2852 1491 2882 42.-19.

865 2889 990 2916 creatur
1006 2897 1117 2917 censor
1132 2895 1184 2924 43,
1201 2885 1246 2917 16.
1270 2886 1411 2916 edictum
1424 2885 1494 2914 cius

865 2932 897 2958 et
922 2929 1063 2966 collegae
1087 2929 1127 2958 dc
1150 2929 1290 2961 delectu.
1312 2927 1387 2959 ibid.
1422 2936 1493 2957 rcus
