1888 3194
633 162 1062 206 KREYSSIGII.
1465 166 1548 206 359

149 271 224 314 sed
259 273 472 328 rediyenda
507 270 718 312 scriberet.
738 297 789 302 —
805 269 911 326 Cap.
946 273 1014 310 41.
1056 277 1102 310 ut
1141 270 1275 310 nullus
1310 271 1436 310 eritus
1475 273 1550 311 im-

142 347 361 396 poneretur
399 338 653 388 sermonibus,
695 337 827 392 effecit
868 351 945 393 pro
993 343 1039 378 ut
1077 336 1212 377 nullus
1256 338 1383 377 exitus
1425 339 1551 392 impo-

150 415 309 450 neretur
346 407 602 456 sermonibus,
650 404 716 446 Fr.
758 403 891 446 Gron.
914 427 969 433 —
993 403 1098 460 Cap.
1141 407 1210 445 42.
1259 411 1297 444 et
1335 405 1386 444 P.
1422 405 1551 446 Man-

150 477 239 526 lius,
275 481 314 516 et
345 475 396 515 P.
420 475 593 515 Porcius
628 475 766 514 Laeca
795 488 872 530 pro
909 481 946 514 et
980 474 1031 514 P.
1055 474 1228 514 Porcius
1263 474 1415 524 Laeca,
1449 474 1548 516 Alb.

151 543 335 592 Ruben.,
358 542 511 584 omisso
540 551 682 584 tamen
709 550 748 582 et
772 542 925 598 priore,
949 542 1065 598 quod
1094 557 1148 584 ex
1170 541 1316 584 codice
1338 541 1551 584 adiectum

149 620 222 653 est.
258 610 456 667 Sigonius
480 611 613 652 Lecea
641 611 686 651 in
711 611 850 652 Laeca
882 611 1071 652 mutavit.
1088 634 1137 640 —
1158 609 1263 667 Cap.
1287 614 1356 652 43.
1391 613 1553 652 adiutor

148 680 301 720 consuli
329 680 451 720 datus
482 694 559 735 pro
592 681 754 720 adiutor
787 681 940 721 consuli
969 681 1106 729 datur,
1138 678 1448 736 Duk.—Cap.
1479 683 1549 722 45.

147 749 278 788 maior
317 762 379 788 res
419 762 496 803 pro
537 750 718 797 maiores,
761 746 844 788 Iac.
881 747 1073 789 Perizon.
1090 747 1265 789 —Ibid.
1304 749 1553 789 maturanda

148 818 278 872 maqis
297 830 374 872 pro
395 818 641 858 maturanda
663 818 737 866 his,
761 815 843 858 Iac.
868 816 1060 858 Perizon.
1077 840 1130 847 —
1145 816 1254 858 Ibid.
1280 832 1353 858 cur
1373 818 1554 858 decerne-

149 891 260 925 retur
291 884 433 924 bellum
465 898 542 941 pro
576 900 649 925 cur
675 886 961 934 decerneretur,
992 884 1116 926 Crev.
1132 883 1307 926 —Ibid.
1339 891 1378 925 et
1408 887 1554 926 inertia

147 954 276 1008 sopiri
303 966 380 1008 pro
411 959 448 993 et
476 955 622 993 inertia
652 955 793 1007 operis,
818 952 916 994 Alb.
944 952 1113 995 Rubcn.
1129 979 1182 984 —
1198 953 1302 1010 Cap.
1325 955 1394 994 46.
1428 953 1554 1009 offen-

150 1023 267 1064 derat
296 1038 373 1079 pro
406 1023 640 1078 offendebat,
674 1021 790 1062 Duk.
809 1020 981 1077 —Cap.
1005 1023 1073 1063 47.
1108 1024 1179 1077 qui
1202 1037 1358 1077 parum
1390 1038 1437 1062 ex
1465 1022 1554 1077 diq-

150 1093 275 1131 nitate
295 1091 443 1145 populi
472 1090 651 1130 Romani
681 1104 760 1129 esse
792 1090 961 1129 ducebat
990 1103 1067 1144 pro
1097 1092 1193 1144 quia
1219 1106 1372 1145 parum
1405 1105 1555 1145 expuq-

150 1165 290 1199 nantes
309 1158 477 1198 ducebat
504 1155 570 1197 vel
598 1158 694 1212 quia
718 1172 871 1210 parum
902 1172 948 1196 ea:
975 1158 1170 1211 diqnitate
1197 1173 1272 1198 sua
1300 1159 1478 1207 ducebat,
1502 1157 1551 1198 P.

150 1224 348 1274 Manut.;
387 1225 447 1266 ita
476 1233 632 1273 tamen,
666 1232 713 1265 ut
745 1226 842 1279 quia
874 1224 1280 1266 retineret.-Ibid.
1314 1227 1556 1266 subscribere

150 1295 251 1334 odiis
280 1300 560 1334 accusatorum
592 1293 843 1333 Hannibalis
875 1306 950 1348 pro
983 1293 1224 1333 subscribere
1255 1295 1356 1333 odiis
1388 1308 1556 1334 aecusa-

150 1363 396 1418 tionibusque
415 1362 679 1411 Hannibalis,
703 1360 768 1401 Fr.
791 1359 1092 1402 Gron.——Lib.
1113 1362 1337 1405 XXXIV.
1364 1362 1468 1418 Cap.
1489 1363 1552 1403 16.

145 1433 373 1487 profectum
400 1445 476 1487 pro
500 1431 794 1485 profecturum,
817 1429 935 1485 quod
962 1429 1067 1470 mihi
1096 1429 1287 1486 contigit,
1311 1439 1359 1472 ut
1389 1430 1556 1472 coniec-

151 1506 248 1540 tura
278 1496 712 1554 reperirem.—Cap.
742 1500 812 1538 41.
848 1500 919 1553 qui
952 1500 994 1538 in
1027 1499 1225 1538 Romanis
1244 1501 1383 1553 fuerit
1413 1500 1557 1539 castris

153 1581 231 1624 pro
264 1569 335 1623 qui
366 1569 407 1607 in
441 1567 638 1606 Romanis
657 1567 808 1620 fuerat
839 1568 995 1616 castris,
1031 1565 1096 1608 Fr.
1126 1566 1258 1608 Gron.
1277 1593 1329 1600 —
1348 1566 1454 1624 Cap.
1485 1571 1553 1610 59.

155 1636 262 1676 latae
288 1642 383 1676 sunt
406 1649 483 1691 pro
511 1635 630 1674 datae
659 1641 764 1683 sunt,
796 1633 861 1674 Fr.
885 1633 1017 1675 Gron.
1034 1659 1084 1665 —-
1100 1633 1194 1676 Lib.
1220 1636 1420 1679 XXXV.
1448 1636 1553 1693 Cap.

156 1706 195 1745 5.
219 1710 257 1744 et
277 1704 339 1744 M.
365 1703 569 1744 Genucius
590 1709 627 1742 et
655 1702 704 1752 Q.
728 1709 765 1742 et
785 1702 848 1742 M.
869 1702 1039 1751 Marcii,
1062 1703 1214 1743 tribuni
1232 1705 1402 1745 militum
1423 1718 1500 1761 pro
1521 1712 1560 1746 et

157 1773 220 1813 M.
248 1773 452 1814 Genucius
479 1778 517 1811 et
543 1772 606 1811 M.
627 1771 828 1820 Asara-ius,
852 1771 1003 1811 tribuni
1030 1772 1212 1821 militum,
1238 1771 1385 1823 Drak„
1413 1772 1559 1814 addita

156 1848 254 1882 ante
283 1839 568 1896 praenominis
599 1847 741 1879 notam
778 1839 827 1889 Q.
852 1838 1003 1894 copula
1023 1846 1071 1887 et,
1094 1853 1202 1895 quae
1224 1839 1268 1880 in
1289 1840 1381 1881 cod.
1407 1839 1554 1882 Bamb.

156 1923 243 1950 non
274 1908 491 1964 reperitur.
508 1906 667 1948 ——Lib.
693 1906 918 1948 XXXVI.
951 1908 1053 1962 Cap.
1079 1910 1145 1948 30.
1179 1911 1350 1949 escendit
1377 1924 1454 1965 pro
1484 1911 1558 1950 ad-

156 1978 307 2018 scemlit
325 1976 411 2017 sive
433 1976 622 2024 aseendit,
647 1975 728 2016 Iac.
752 1973 885 2015 Gron.
902 2001 955 2007 —-
970 1975 1072 2031 Cap.
1096 1979 1165 2016 44.
1189 1978 1353 2017 similem
1363 1979 1561 2032 fecissent

155 2059 233 2101 pro
263 2044 428 2085 similem
446 2045 625 2098 fecisset,
661 2041 727 2083 Fr.
755 2040 888 2082 Gron.
908 2064 959 2072 -
977 2041 1071 2083 Lib.
1102 2044 1349 2086 XXXVII.
1385 2045 1487 2102 Cap.
1518 2049 1555 2088 9.

157 2114 328 2154 escendit
355 2127 432 2169 pro
463 2113 669 2152 adsemzdit
697 2110 783 2152 sive
815 2111 1005 2160 ascendit,
1039 2110 1170 2152 Drak.
1190 2138 1242 2145 —
1259 2112 1361 2169 Cap.
1387 2116 1454 2155 32.
1483 2130 1560 2169 po-

158 2187 335 2222 testatem
371 2183 420 2220 iis
454 2181 550 2220 dari
583 2194 660 2236 pro
691 2185 925 2234 potestatem
958 2181 1008 2220 iis
1039 2180 1150 2229 dare,
1185 2178 1267 2222 Iac.
1300 2180 1491 2223 Perizon.
1507 2206 1560 2212 —

160 2249 264 2305 Cap.
288 2252 355 2290 34.
380 2249 586 2304 delapsum
614 2263 711 2304 equo
735 2262 812 2304 pro
833 2248 994 2304 delapso
1014 2264 1124 2304 equo,
1148 2247 1213 2290 Fr.
1236 2247 1369 2291 Gron.
1432 2250 1561 2292 Prae-

159 2326 241 2359 stat
256 2319 297 2358 in
313 2332 356 2357 eo
372 2317 545 2357 tumultu
561 2317 768 2371 delapsum
784 2331 830 2356 ez
845 2331 942 2372 equo
963 2316 1155 2358 scribere.
1220 2317 1323 2375 Cap.
1347 2321 1414 2361 37.
1439 2334 1561 2375 quam

159 2388 200 2426 in
217 2393 352 2426 castra
375 2401 434 2426 me
455 2386 600 2425 redisse
619 2386 796 2426 audierit
815 2399 891 2441 pro
907 2401 1030 2441 quam
1053 2392 1097 2426 ut
1116 2387 1157 2426 in
1179 2393 1314 2427 eastra
1336 2403 1396 2428 me
1416 2389 1561 2429 redisse

159 2455 346 2504 audient,
381 2453 446 2495 Fr.
469 2452 789 2510 Gron.-—Cap.
828 2456 895 2495 55.
941 2470 987 2494 ea
1025 2461 1070 2494 ut
1104 2456 1277 2496 civitatis
1309 2457 1561 2497 Rhodiorum

159 2529 284 2563 essent
316 2537 392 2578 pro
425 2538 471 2562 ea
502 2523 675 2562 m‘m'tatis
704 2522 952 2563 Rhodiorum
985 2529 1121 2572 essent,
1149 2522 1279 2564 Drak.
1297 2551 1349 2557 —
1365 2525 1466 2581 Cap.
1491 2526 1558 2566 57.

160 2591 376 2631 intestabili
404 2605 479 2647 pro
511 2591 804 2639 inaestimabili,
840 2590 873 2631 1³
876 2605 905 2631 r.
940 2590 1250 2633 Gron.-Lib.
1288 2592 1558 2635 XXXVIII.

163 2658 265 2714 Cap.
313 2660 377 2701 17.
413 2660 617 2714 sufferunt
657 2673 732 2715 pro
765 2660 983 2713 fuderunt,
1032 2657 1151 2700 Mod.
1168 2660 1335 2716 —Cap.
1376 2663 1442 2701 20.
1485 2676 1562 2715 quo

157 2729 331 2783 postulet
355 2744 415 2768 res
440 2743 517 2784 pro
537 2743 614 2784 quo
628 2729 831 2783 postulent
852 2743 925 2778 res,
950 2728 1070 2769 Crcv.
1090 2751 1139 2757 -
1158 2729 1260 2785 Cap.
1285 2732 1352 2770 38.
1378 2731 1562 2770 redeunte

164 2809 240 2850 pro
262 2796 436 2846 redeant,
461 2794 617 2837 Murct.

226 2861 422 2918 Denique
452 2874 618 2919 praeter
649 2864 735 2914 has,
758 2881 861 2921 quas
893 2865 1019 2907 modo
1051 2866 1312 2922 protulimus,
1337 2866 1562 2922 permultas
