1888 3194
380 160 432 202 74
884 159 1030 202 T1T1
1074 158 1252 200 LIVII

169 261 213 292 U.
230 261 269 292 C.
293 254 484 307 581.‘ego
505 251 716 301 subierim,
739 251 812 308 qui
840 267 931 292 sum
959 251 1083 293 armis
1106 249 1330 299 lacessitus,
1354 248 1457 305 quid
1484 255 1621 304 potest
1648 245 1767 302 queri
1782 257 1799 291 7

167 305 207 335 A.
232 304 270 335 C.
299 313 365 343 ¹71·
380 312 392 330 ⁶
407 309 487 350 sibi
508 309 718 356 accidisse,
741 309 814 365 qui
835 324 957 350 causa
978 308 1076 349 belli
1097 308 1206 349 fuit?
1238 306 1339 348 Non
1359 322 1450 348 sum
1471 305 1620 346 eodem
1641 303 1767 345 modo

381 366 668 417 ‘defensurus,
707 367 904 416 Romani,
940 365 1054 422 quod
1095 365 1283 421 Dolopas
1323 364 1446 405 armis
1486 361 1764 404 coercuerim:

380 424 516 480 ‘quia,
545 425 623 466 etsi
654 440 740 466 non
771 424 920 465 merito
951 438 1108 473 eorum,
1140 423 1228 464 iure
1260 422 1339 463 feci
1370 436 1487 470 meo3
1521 434 1652 476 quum
1683 417 1799 460 meis

381 482 535 538 ‘regni,
565 497 683 523 meae
713 482 884 523 ditionis
912 490 1062 530 essent,
1084 489 1220 521 vestro
1249 480 1418 521 decreto
1443 478 1551 534 patri
1579 475 1768 518 attributi

381 544 393 562 ⁶
409 555 514 581 meO.
579 540 686 589 Nec,
709 540 743 580 si
771 554 894 580 causa
920 538 1136 579 reddenda
1163 538 1227 586 sit,
1258 553 1343 578 non
1368 536 1496 585 vobis,
1519 550 1598 576 nec
1624 533 1768 574 foede-

383 597 518 647 ⁶ratis,
541 597 615 638 sed
635 597 697 646 iis,
721 597 793 653 qui
822 612 874 637 ne
897 597 941 637 in
963 611 1100 637 servos
1122 595 1294 651 quidem
1321 609 1442 635 saeva
1469 602 1594 648 atque
1615 591 1769 632 iniusta

382 660 393 677 ⁶
407 655 582 710 imperia
601 655 792 710 probant,
814 654 908 710 plus
929 669 1062 709 aequo
1084 662 1126 693 et
1147 653 1256 693 bono
1282 652 1457 692 saevisse
1479 651 1523 691 in
1544 665 1614 691 eos
1633 647 1767 690 videri

382 717 587 768 ‘possum.
654 712 824 767 Quippe
852 711 1184 767 Euphranorem,
1206 709 1463 765 praefectum
1491 724 1514 749 a
1539 723 1605 748 me
1634 706 1771 762 impo-'

379 774 390 792 ⁶
410 769 549 819 situm,
583 770 641 810 ita
671 768 928 817 occiderunt,
961 776 1008 808 ut
1039 781 1148 807 mors
1183 781 1411 822 poenarum
1444 765 1532 806 eius
1565 763 1770 804 levissima

383 832 394 849 ⁶
407 826 542 867 fuerit.
607 826 680 875 At,
696 840 826 881 quum
843 825 1132 881 processissem
1150 823 1248 864 inde
1266 823 1317 863 ad
1334 822 1526 864 visendas
1547 821 1767 870 Larissam,

384 889 395 907 ⁶
411 893 453 924 et
475 884 683 933 Antrona,
706 892 749 924 et
770 882 978 930 Pteleum,
1002 897 1086 937 quo
1104 881 1147 921 in
1167 881 1404 937 propinquo
1425 879 1558 920 multo
1578 886 1674 920 ante
1696 877 1801 924 de-9

382 946 394 964 ⁶
409 941 496 982 bita
516 949 613 982 vota
632 939 924 996 persolverem,
948 939 1138 995 Delphos
1166 937 1425 979 sacrificandi
1445 952 1568 978 causa
1588 934 1768 977 escendi.

383 1003 394 1021 ⁶
412 998 468 1039 Et
487 998 564 1048 his,
589 998 773 1039 criminis
794 996 977 1053 augendi
999 1011 1133 1046 causa,
1152 1011 1248 1037 cum
1269 996 1457 1037 exercitu
1478 1010 1544 1035 me
1566 994 1644 1035 isse
1665 992 1771 1034 adii-

383 1056 527 1097 ⁶eitur.
593 1055 773 1105 Scilicet,
806 1064 865 1105 ut,
898 1054 1011 1111 quod
1042 1069 1155 1095 nunc
1186 1069 1257 1094 vos
1287 1053 1420 1094 facere
1452 1066 1615 1108 queror,
1647 1051 1771 1092 urbes

383 1119 394 1137 ⁶
408 1129 670 1170 occuparem,
689 1113 851 1154 arcibus
869 1112 1128 1168 imponerem
1150 1111 1365 1167 praesidia.
1428 1109 1587 1151 Vocate
1605 1109 1648 1149 in
1670 1123 1771 1149 con-

383 1171 550 1212 ⁶cilium
587 1171 790 1212 Graeciae
827 1170 1026 1219 civitates,
1063 1184 1139 1225 per
1179 1184 1280 1225 quas
1313 1169 1392 1209 iter
1426 1167 1528 1216 feci3
1572 1174 1772 1222 queratur

384 1228 696 1285 ‘unusquilibet
731 1227 874 1268 militis
910 1227 992 1267 mei
1028 1226 1246 1274 iuiuriam3
1290 1241 1374 1266 non
1409 1224 1620 1273 recusabo,
1653 1223 1769 1279 quin,

385 1286 601 1327 ‘simulato
633 1285 847 1335 sacrificio,
877 1284 991 1325 aliud
1022 1285 1172 1340 petisse
1204 1284 1357 1324 videar.
1421 1282 1583 1323 Aetolis
1611 1290 1653 1322 et
1685 1280 1772 1337 By-

384 1350 395 1367 ⁶
412 1345 558 1385 zantiis
586 1343 790 1399 praesidia
813 1343 1012 1391 misimus,
1036 1350 1077 1383 et
1105 1357 1200 1382 cum
1231 1341 1399 1382 Boeotis
1421 1339 1647 1381 amicitiam
1667 1338 1769 1379 feci-

385 1407 514 1442 ‘mus
578 1401 709 1450 Haec,
748 1400 1056 1457 qualiacunque
1093 1408 1203 1448 sunt,
1234 1414 1308 1455 per
1344 1398 1499 1454 legatos
1534 1411 1650 1437 meos
1685 1410 1771 1436 non

384 1459 545 1500 ‘solum
573 1459 768 1507 indicata,
796 1458 868 1498 sed
894 1458 1018 1498 etiam
1049 1466 1245 1498 excusata
1273 1465 1370 1497 sunt
1401 1470 1522 1511 saepe
1551 1454 1595 1494 in
1624 1462 1772 1494 senatu

384 1522 567 1558 ‘vestroz
613 1517 684 1557 ubi
717 1516 878 1571 aliquos
911 1530 988 1571 ego
1025 1515 1333 1570 disceptatores,
1367 1528 1454 1554 non
1486 1521 1570 1554 tam
1603 1525 1771 1566 aequos,

385 1580 395 1597 ⁶
409 1590 535 1630 quam
559 1584 611 1623 te,
639 1574 691 1622 Q.
712 1573 861 1622 Marci,
883 1583 1105 1629 paternum
1133 1572 1312 1612 amicum
1335 1580 1378 1611 et
1401 1570 1623 1626 hospitem,
1645 1568 1773 1609 habe-

385 1633 517 1673 ⁶bam.
582 1631 666 1672 Sed
688 1631 876 1672 nondum
905 1630 1083 1670 Romam
1107 1637 1321 1670 accusator
1343 1628 1555 1668 Eumenes
1575 1634 1770 1675 venerat;

385 1695 396 1713 ⁶
410 1690 482 1745 qui
504 1688 798 1730 calumniando
820 1687 961 1729 omnia
981 1686 1356 1742 detorquendoque
1373 1694 1563 1741 suspecta
1579 1693 1620 1725 et
1642 1683 1774 1725 invisa

386 1747 605 1796 ‘effiee1·et,
628 1755 670 1787 et
697 1745 947 1802 persuadere
976 1745 1091 1785 vobis
1120 1753 1352 1792 conaretur,
1381 1758 1467 1783 non
1492 1757 1610 1798 posse
1641 1740 1775 1782 Grae-

386 1811 395 1828 ⁶
410 1805 515 1846 eiam
540 1804 583 1844 in
600 1804 788 1845 libertate
806 1818 907 1852 esse,
926 1812 969 1843 et
984 1811 1119 1843 vestro
1141 1817 1313 1842 munere
1330 1801 1423 1850 frui,
1442 1799 1581 1856 quoad
1597 1813 1773 1854 regnum

385 1862 690 1903 ‘Macedoniae
732 1861 941 1902 incolume
981 1868 1100 1900 esset.
1171 1859 1491 1913 Circumagetur
1530 1857 1600 1897 hic
1639 1856 1802 1897 orbis:1

387 1920 489 1961 ‘erit
517 1934 628 1968 mox,
652 1919 725 1974 qui
754 1926 910 1973 arguat,
942 1917 1223 1972 nequicquam
1253 1914 1514 1957 Antiochum
1542 1913 1650 1954 ultra
1676 1912 1774 1969 iuga

385 1984 395 2001 ⁶
414 1977 543 2017 Tauri
572 1986 781 2017 emotum:
815 1974 1046 2029 graviorem
1069 1973 1201 2013 multo
1224 1973 1365 2021 Asiae,
1388 1986 1512 2027 quam
1537 1970 1774 2012 Antiochus

387 2034 550 2082 ‘fue1·it,
585 2033 819 2074 Eumenem
852 2046 965 2072 esse:
1010 2046 1088 2071 nec
1121 2030 1415 2085 conquiescere
1451 2028 1583 2069 socios
1618 2040 1774 2069 vestros

387 2097 398 2115 ⁶
415 2106 547 2147 posse,
571 2089 710 2145 quoad
738 2089 853 2144 regia
880 2088 1073 2143 Pergami
1095 2088 1168 2128 sit:
1203 2102 1294 2127 eam
1321 2101 1457 2127 arcem
1487 2101 1611 2142 supra
1637 2085 1775 2142 capita

388 2148 686 2189 ‘finitimarum
715 2146 946 2187 civitatium
979 2145 1226 2201 impositam.
1291 2144 1381 2200 Ego
1412 2144 1528 2193 haec,
1560 2143 1612 2192 (ὑὶ.
1637 2143 1804 2184 Marci2

344 2244 348 2248 ,
388 2212 455 2247 ‘et
483 2206 537 2247 A.
562 2205 682 2254 Atili,
713 2219 819 2259 quae
852 2213 923 2244 aut
953 2218 977 2243 a
1004 2203 1118 2243 vobis
1145 2202 1318 2251 obiecta,
1348 2210 1419 2242 aut
1446 2210 1623 2257 purgata
1653 2216 1677 2242 a
1706 2214 1773 2242 me

388 2270 521 2312 ‘sunt,
545 2263 643 2304 talia
671 2277 758 2302 esse
789 2261 886 2310 scio,
913 2269 959 2301 ut
987 2275 1118 2308 aurea
1142 2269 1187 2300 ut
1218 2259 1346 2300 animi
1373 2259 1635 2300 audientium
1665 2258 1803 2305 sint:3

388 2328 399 2345 ⁶
416 2336 493 2362 nec
523 2329 606 2361 tam
634 2320 798 2367 referre,
821 2318 924 2374 quid
955 2333 1045 2373 ego,
1069 2327 1140 2358 aut
1169 2333 1251 2372 qua
1278 2326 1417 2357 mente
1446 2316 1628 2365 fecerim,
1648 2330 1775 2372 quam

389 2385 399 2403 ⁶
417 2378 627 2434 quomodo
657 2377 699 2417 id
730 2391 802 2417 vos
832 2376 987 2417 sactum
1016 2375 1238 2430 accipiatis.
1304 2374 1508 2415 Conscius
1539 2373 1642 2414 mihi
1667 2388 1772 2424 sum,

434 2524 448 2553 7
474 2517 560 2553 Quid
582 2520 683 2555 potest
707 2517 814 2554 queri]
861 2515 928 2545 Cur
955 2517 1059 2553 potest
1151 2524 1161 2543 1
1190 2515 1435 2553 Circnnzaffelur
1458 2515 1509 2545 hic
1531 2515 1632 2552 orbis]
1660 2513 1776 2544 Trans-

389 2559 477 2598 queri
494 2570 530 2588 eu
547 2559 605 2588 sibi
621 2559 784 2595 accidisse,
801 2568 882 2597 quae
901 2557 990 2587 victis
1010 2568 1059 2586 uc·
1107 2557 1170 2586 lata
1197 2560 1242 2586 cst
1270 2557 1348 2587 haec
1375 2557 1493 2587 locutio
1519 2558 1559 2586 ab
1590 2557 1665 2586 orbe
1695 2560 1776 2586 rota-

389 2602 509 2632 cidunt.
1106 2609 1186 2635 rum,
1197 2610 1289 2637 quaeq
1302 2600 1378 2629 dum
1396 2600 1666 2637 circumaguntur,
1679 2599 1775 2629 modo

432 2644 450 2673 8
474 2645 546 2673 Etsi
563 2654 625 2673 non
643 2645 752 2673 meo-ito
767 2644 891 2680 eorum]
925 2641 1060 2671 Etiamsi
1106 2642 1200 2677 lianc,
1221 2643 1316 2671 modo
1335 2642 1424 2671 illam
1449 2645 1573 2681 partem
1591 2642 1775 2672 ostendunt.

390 2686 597 2716 concederem
634 2685 706 2715 illos
741 2696 805 2715 non
842 2684 994 2714 meruisse
1024 2695 1061 2714 ca
1106 2685 1145 2714 cf.
1162 2694 1247 2722 supr.
1265 2684 1308 2714 iii.
1330 2694 1375 2714 10.
1402 2684 1510 2714 DOER.

391 2739 473 2768 quae
491 2728 571 2767 passi
588 2732 670 2759 sunt.
699 2729 805 2759 Ciussv.
1149 2736 1165 2755 ‘2
1190 2728 1259 2766 Essa
1274 2728 1368 2764 haec]
1396 2726 1434 2756 cf.
1450 2725 1618 2756 Demosth.
1636 2726 1676 2755 de
1690 2725 1775 2756 Fals.

433 2782 452 2811 9
475 2772 638 2808 Pteleum]
672 2771 724 2800 Ita
740 2771 876 2800 correxit
892 2770 1062 2801 Turnebus
1107 2769 1216 2807 Legat.
1236 2779 1264 2807 p.
1282 2778 1353 2807 450.
1374 2778 1420 2805 14.

392 2824 429 2844 cx
459 2813 593 2843 Homeri
620 2813 764 2852 catalogo
790 2813 829 2844 Il.
853 2813 884 2845 ii.
909 2812 981 2853 697.
1006 2822 1061 2851 pro
1150 2820 1167 2850 3
1196 2812 1364 2848 Ulmo-cs]
1395 2810 1505 2841 Prouti
1518 2813 1573 2840 aut
1585 2810 1775 2849 aequis,aut

395 2857 477 2896 vulg.
493 2857 637 2895 l'gsllcon.
1107 2853 1223 2893 iniquis
1237 2853 1366 2883 auribus
1381 2852 1565 2883 audiuntur.
