1888 3194
312 170 810 214 BIBLIOTHECA
853 171 1419 216 VINDOBONENSI.
1481 178 1565 218 415

175 265 282 311 ‘sor,
315 260 501 310 Praetor,
535 260 609 316 qui
645 262 798 301 ¹9nunc
833 270 954 311 esset,
989 265 1133 317 waput
1169 261 1406 304 EORVM
1441 278 1569 319 quem

175 317 608 360 ‘2¹manumitteretur
646 314 691 358 in
732 317 969 359 libertatem
1002 318 1287 359 vindicaretur
1319 323 1408 360 Ω9111
1439 321 1569 361 iusiu-

175 375 382 416 ‘randum
417 374 548 424 daret,
586 375 659 430 qui
692 389 789 416 eum
823 376 1175 424 ²³manumittere,
1207 375 1387 416 civitatis
1421 377 1570 417 amul·

175 432 354 473 ‘tandae
382 446 507 472 causa
533 446 662 473 manu
694 447 782 473 non
814 433 980 474 mittere
1008 435 1078 474 2⁵n
1099 433 1172 489 qui
1201 432 1245 472 id
1272 447 1358 473 non
1380 433 1568 483 2⁰iurare,

175 494 188 513 ‘
202 504 300 530 eum
321 489 707 530 manumittendum
729 505 815 531 non
832 499 1099 532 censuerunt.
1148 489 1270 531 Haec
1291 490 1334 530 in
1356 500 1570 546 posterum

174 551 325 587 ‘eausa
351 546 573 602 ”iussique
604 546 744 589 edicto
779 547 828 589 C.
856 546 1028 589 Claudii
1061 547 1260 589 Consulis
1289 547 1469 589 Claudio
1497 548 1572 590 de-

174 607 315 644 ‘creta
345 604 436 644 est.’
499 603 616 645 Hinc
648 604 778 661 igitur
806 614 935 661 patet,
971 605 1187 648 Simonem
1216 604 1464 661 Grynaeum
1494 621 1572 662 pro

173 660 410 703 EORVM
444 676 666 717 perperam
697 661 845 719 legisse
883 663 1126 712 FORVM,
1158 671 1201 703 et
1231 661 1340 703 hanc
1370 678 1517 704 vocem
1548 678 1574 704 a

172 717 367 773 sequenti
406 719 656 774 pronomine
702 720 876 762 relativo
923 721 1010 768 QV
1016 721 1110 762 EM
1156 734 1232 776 per
1276 719 1571 776 interpositum

173 789 338 816 comma
364 775 504 817 minus
531 786 644 818 recte
673 792 897 834 separasse,
920 793 1016 819 cum
1045 786 1187 818 tamen
1213 776 1318 818 illud
1347 793 1491 819 revera
1518 777 1572 819 ad

172 832 498 888 praecedentem
543 834 778 890 genitivum
831 835 1010 877 EORV
1017 835 1068 877 M
1117 835 1339 891 pertineat.
1414 834 1572 876 Veram

173 903 273 945 ergo
294 899 338 932 et
356 891 585 946 genuinam
607 891 725 933 istius
752 892 834 934 loci
861 891 1087 933 lectionem
1109 891 1303 933 existimo
1325 907 1412 933 esse
1434 892 1569 934 hanc:

175 946 277 988 ‘Ad
308 947 445 1004 legem
472 957 514 989 et
542 948 728 990 edictum
753 948 949 991 Consulis
983 949 1400 991 Senatusconsultum
1433 949 1572 991 adiec-

175 1008 294 1047 ‘tum
322 1014 410 1046 est:
445 1014 492 1046 ut
513 1005 719 1056 Dictator,
747 1006 920 1055 Consul,
950 1006 1156 1056 InterreX,
1180 1007 1352 1055 Censor,
1383 1006 1571 1057 Praetor,

175 1061 317 1117 ‘28qui
345 1068 499 1102 ‘29nunc
527 1072 648 1112 esset,
677 1064 791 1119 apud
820 1064 1054 1104 EORVM
1084 1068 1252 1119 ³⁰quem
1275 1064 1461 1111 ³¹QVIS
1485 1079 1573 1105 ma-

175 1118 512 1168 ‘numitteretur,
540 1119 626 1159 sein
656 1119 892 1161 libertatem
924 1120 1221 1170 vindicaretur,
1255 1122 1572 1163 ³³OPERAM

173 1175 445 1226 ‘DARET,
482 1185 530 1217 ut
565 1175 662 1218 3⁴IS
697 1176 987 1217 iusiurandum
1023 1177 1154 1226 daret,
1189 1177 1262 1233 qui
1294 1192 1391 1218 eum
1425 1193 1574 1219 manu-

174 1231 389 1273 ‘mitteret
433 1233 614 1274 civitatis
664 1233 890 1275 mutandae
932 1248 1056 1275 causa
1104 1249 1192 1275 non
1241 1234 1571 1284 manumitter03

174 1288 347 1330 ‘NAM
390 1290 464 1345 qui
499 1290 544 1332 id
582 1306 669 1332 non
709 1291 878 1340 iuraret,
919 1305 1017 1332 eum
1059 1291 1444 1332 manumittendum
1487 1307 1575 1333 non

175 1347 484 1389 ‘censuerunt.'
559 1349 786 1390 Caeterum
827 1363 880 1389 ne
921 1349 1016 1404 quis
1056 1348 1249 1390 dubitare
1291 1349 1432 1404 possit,
1470 1349 1575 1405 quin

175 1403 324 1445 Codex
347 1403 501 1446 MStus
522 1405 840 1456 Ambrasianus,
863 1405 916 1447 de
939 1421 1023 1462 quo
1045 1405 1088 1446 in
1115 1421 1311 1462 praesens
1331 1406 1481 1462 agitur,
1504 1406 1573 1448 ille

174 1460 263 1516 ipse
299 1461 364 1511 sit,
401 1477 486 1518 quo
525 1462 671 1505 Simon
710 1462 935 1520 Grynaeus
970 1463 1070 1504 olim
1107 1479 1206 1504 usus
1241 1463 1306 1513 sit,
1340 1464 1575 1505 necessario

177 1517 452 1560 indicandum
497 1529 638 1570 restat,
680 1535 960 1577 quaecunque
1009 1521 1052 1561 in
1094 1521 1285 1577 quinque
1328 1520 1574 1563 ultimorum

225 1695 261 1727 ¹9
286 1685 361 1717 1100
385 1687 573 1718 adverbium
598 1699 687 1720 nunc
714 1698 777 1719 nou
805 1694 853 1719 est

177 1729 369 1759 mutandum
398 1729 429 1760 in
455 1735 541 1761 tuuc.
589 1731 738 1762 Retinuit
767 1731 852 1761 enim

178 1770 258 1802 illud
288 1771 399 1802 Livius
422 1773 462 1803 de
492 1773 659 1809 industria,
688 1778 723 1804 ut
748 1778 852 1804 osten-

178 1814 279 1850 deret,
299 1814 329 1844 in
354 1814 423 1854 ipso
445 1816 732 1846 Senatusconsulto
755 1816 852 1855 scrip-

177 1860 246 1886 tum
262 1856 367 1892 fuisse,
382 1857 469 1893 QVI
490 1858 626 1889 NVNC
642 1858 736 1889 EST.
768 1859 853 1888 Vide

179 1898 349 1929 Barnabae
368 1899 519 1930 Brissonii
543 1900 657 1930 librum
675 1902 852 1931 secundum

177 1941 218 1970 de
251 1941 412 1971 Formulin
442 1947 474 1972 et
505 1943 705 1973 sollennibus
735 1943 854 1982 Populi

178 1983 319 2013 Romani
348 1984 460 2021 verbis,
486 1995 516 2024 p.
543 1994 610 2023 ¹57-
634 1989 666 2015 et
695 1987 763 2024 158.
789 1986 854 2016 edi-

177 2025 274 2056 tionis
299 2026 398 2057 Paris.
416 2036 501 2057 anno
523 2029 612 2066 1583.
635 2027 666 2057 in
689 2028 779 2065 folio,
801 2028 854 2058 ubi

177 2068 345 2108 antiquam
377 2069 480 2109 legem
513 2070 553 2100 de
583 2069 770 2101 viatoribus
800 2081 853 2101 ex-

178 2110 277 2142 hibet.

223 2163 263 2184 20
286 2154 340 2184 Ita
365 2153 407 2184 ibi
435 2155 589 2185 mendose
616 2155 771 2195 scriptum
795 2160 854 2194 est,

178 2205 295 2236 nempe
313 2196 439 2227 APVT
457 2207 514 2236 pro
532 2197 673 2228 APVD.

224 2247 258 2268 21
288 2238 426 2269 Videtur
456 2239 508 2270 hic
539 2240 648 2270 deesse
675 2250 853 2280 pronomen

180 2280 295 2316 QVIS
312 2291 369 2320 pro
384 2281 510 2321 aliquis.

224 2332 261 2353 22
289 2323 354 2354 llic
384 2323 452 2354 sine
482 2325 581 2355 dubio
611 2326 727 2356 desunt
760 2326 856 2356 verba

180 2364 381 2397 OPERAM
416 2367 589 2404 DARET,
619 2378 701 2407 quae
736 2368 855 2399 librarii

180 2408 374 2448 negligentia
386 2409 502 2439 omissa
514 2414 587 2440 sunt
603 2415 733 2450 propter
746 2411 857 2450 paullo

181 2455 253 2490 post
287 2456 475 2490 sequentem
514 2453 738 2492 repetitionem
772 2453 857 2484 verbi

181 2492 357 2525 DARET.

225 2544 263 2574 23
291 2536 343 2566 Ita
367 2536 409 2566 ibi
436 2537 588 2567 mendose
614 2537 770 2576 scriptum
798 2542 856 2575 est,

181 2587 253 2608 nem
281 2589 299 2608 e
358 2579 740 2617 MANVMITTERE,
800 2591 856 2620 pro

182 2619 251 2651 MA
296 2621 591 2653 VMl'I'TERET.

227 2671 265 2700 24
292 2663 342 2693 Ita
371 2663 413 2693 ibi
438 2665 591 2694 mendose
618 2665 772 2704 scriptum
799 2670 858 2703 est,

183 2703 856 2745 MVL'l‘ANDAF:‚pr0MV'1‘ANDAE.

228 2755 265 2784 ‘15
285 2747 377 2778 Haec
394 2748 486 2778 litem
499 2749 667 2789 singularis
684 2750 716 2780 N
734 2750 860 2781 videtur

185 2786 227 2817 ibi
243 2788 420 2827 significare
438 2790 554 2822 ΝΛΜ.

229 2829 268 2860 26
295 2831 346 2861 lta
376 2832 416 2862 ibi
445 2834 597 2864 mendose
623 2834 778 2874 scriptum
811 2839 859 2865 est

190 2871 201 2901 1
211 2871 236 2900 V
245 2872 302 2902 ΚΛ
313 2873 339 2902 {t
347 2873 385 2909 Ε,
403 2884 458 2913 pro
478 2875 489 2905 1
499 2875 561 2906 VR
570 2877 592 2906 Λ
602 2876 629 2906 R
637 2875 704 2907 ET.

232 2923 268 2952 27
297 2914 421 2945 Ultimo
451 2916 531 2947 lutet·
564 2919 669 2954 verba,
700 2923 734 2948 ut
765 2929 859 2958 niiprn

899 1689 1006 1720 videre
1044 1692 1103 1726 est,
1141 1688 1278 1719 correxit
1316 1692 1348 1718 et
1390 1687 1576 1718 immutavit

898 1732 1009 1762 Simon
1028 1731 1200 1771 Grynaeus
1224 1731 1285 1760 hoc
1306 1730 1403 1760 modo
1430 1731 1575 1761 IVRls-

899 1774 1001 1809 QVE
1054 1773 1223 1805 DICTIO
1274 1774 1312 1803 C.
1359 1773 1574 1804 CLAVDIO

897 1817 1104 1848 CONSVLI
1127 1815 1353 1847 DECRETA
1373 1815 1467 1846 EST.

943 1860 981 1888 28
1008 1858 1116 1889 Verba
1133 1859 1224 1893 haec,
1237 1858 1291 1897 qui
1306 1868 1391 1888 nunc
1405 1862 1498 1895 esset,
1511 1868 1575 1888 non

898 1902 1001 1931 solum
1021 1902 1181 1940 pertinent
1197 1901 1236 1930 ad
1255 1901 1452 1936 Praetorem,
1466 1910 1575 1931 verum

899 1944 996 1974 etium
1022 1945 1063 1974 ud
1082 1944 1298 1980 Dictatorem,
1315 1943 1504 1979 Consulem,
1524 1944 1576 1973 In-

899 1990 1055 2024 turregum
1092 1990 1122 2016 et
1155 1987 1342 2022 Censorem,
1373 1996 1411 2015 ac
1446 1985 1470 2015 si
1505 1989 1577 2025 post

900 2028 1056 2067 cuiusque
1080 2038 1198 2059 nomen
1224 2028 1410 2068 singulatim
1439 2029 1577 2068 repetita

900 2075 1015 2101 essent.

943 2123 983 2154 ²9
1008 2113 1206 2143 Adi-orbium
1227 2113 1363 2144 NVNC
1377 2113 1508 2143 omnino
1526 2113 1577 2143 hic

899 2155 1577 2193 retinendum‚necmutanduminTVNC,

899 2202 934 2228 ut
953 2198 1064 2238 paullo
1080 2203 1155 2229 ante
1173 2198 1235 2229 iam
1253 2199 1351 2229 semel
1371 2197 1490 2229 monui.

943 2250 984 2279 30
1007 2243 1109 2281 Apud
1140 2253 1246 2273 eorum
1275 2252 1380 2282 quem,
1405 2251 1461 2281 pro
1489 2242 1579 2281 apud

900 2294 990 2324 quem
1016 2295 1147 2314 eorum:
1173 2284 1219 2314 uti
1243 2283 1360 2324 passim
1383 2283 1415 2314 in
1437 2283 1578 2323 antiquis

901 2326 1057 2357 formulis.

944 2377 979 2407 31
1009 2371 1090 2406 Quis
1108 2379 1164 2408 pro
1180 2370 1309 2409 aliquis.

946 2419 983 2449 32
1013 2411 1209 2442 Coniunctio
1248 2416 1280 2441 et
1315 2410 1366 2441 hie
1396 2412 1497 2447 deest,
1533 2411 1576 2442 uti

903 2453 1021 2493 passim
1039 2454 1071 2484 in
1088 2454 1160 2485 aliis
1182 2453 1340 2484 eiusmodi
1359 2454 1502 2494 antiquis
1518 2455 1576 2484 for-

902 2495 1009 2527 mulis.

945 2547 983 2576 33
1011 2539 1088 2569 Duo
1105 2539 1184 2569 haec
1204 2539 1310 2576 verbu,
1327 2549 1456 2578 operam
1473 2540 1578 2575 darct,

901 2581 999 2620 culpa
1028 2581 1219 2619 negligentis
1250 2581 1368 2611 librarii
1395 2582 1524 2617 omissa,
1548 2586 1580 2611 et

901 2624 1033 2653 omuino
1065 2624 1117 2653 hic
1146 2624 1315 2654 inserenda
1345 2629 1429 2654 sunt.
1475 2626 1579 2654 Dure-t

901 2670 1010 2696 nutem
1025 2667 1194 2703 legendum
1209 2671 1268 2703 est,
1281 2676 1342 2696 non
1359 2676 1432 2696 vero
1445 2667 1579 2700 'lare-nu

902 2708 1016 2738 eodem
1041 2719 1158 2748 nempe
1180 2720 1286 2745 sensu,
1303 2709 1578 2747 quemadmodum

904 2751 1016 2789 paullo
1039 2756 1116 2782 unte
1141 2751 1256 2791 legitur
1278 2756 1448 2788 esset,1iou
1471 2755 1578 2781 nutem

902 2798 1021 2824 essene.

948 2844 988 2873 34
1014 2836 1145 2876 Nempe
1176 2836 1456 2866 nmnumittendun
1486 2840 1515 2865 et
1549 2836 1578 2865 in

906 2878 1085 2908 libertutem
1106 2878 1325 2908 vindicandus.
