1888 3194
293 159 375 199 296
807 151 955 195 ΤΙΤΙ
997 150 1177 193 LIVII

296 246 430 287 ‘rima
459 244 633 302 quidem
662 244 846 301 proferre
879 259 1104 300 possemus,
1137 242 1211 283 sed
1243 241 1392 283 modus
1422 240 1688 283 adhibendus

299 308 417 352 ‘est3
456 303 657 359 quoniam
689 317 775 343 uno
807 301 888 342 hoc
915 301 1128 342 volumine
1161 300 1267 341 vitas
1298 298 1597 340 excellentium
1626 297 1689 338 vi-

301 366 468 402 ‘rorum
521 359 800 416 complurium
851 358 1101 400 concludere
1152 356 1457 406 constituimus,
1508 369 1690 411 quorum

303 417 553 474 ‘separatim
585 417 727 458 multis
759 415 943 457 millibus
973 429 1169 456 versuum
1201 414 1436 470 complures
1468 413 1690 469 scriptores

303 481 427 516 ‘ante
462 490 539 515 nos
574 473 864 530 explicarunt.'
927 472 1073 520 Quum
1109 480 1250 512 autem
1285 471 1476 527 plerique
1513 470 1690 511 lectores

301 532 531 573 characteri
566 531 735 580 unciali,
771 529 1058 585 neglectisque
1094 543 1246 569 vocum
1280 526 1690 584 interpunctionibus

300 604 449 646 parum
477 588 640 629 adsueti
667 588 774 628 sint:
807 587 1088 641 fragmentum
1116 586 1268 626 iterum
1293 585 1506 640 descripsi,
1528 584 1690 625 minore

301 646 554 695 charactere,
587 653 714 700 atque
747 644 1018 684 distinctum:
1065 642 1235 682 tandem
1270 650 1565 697 argumentum
1601 640 1692 681 eius

301 703 488 759 praefixi.
550 701 641 742 Iam
671 699 964 741 illustrandum
993 699 1106 739 idem
1133 708 1241 739 esset
1267 698 1608 739 annotationibus
1638 711 1693 738 ex

302 760 392 801 aliis
408 759 646 800 auctoribus
662 757 834 798 Graecis
851 756 1079 805 Latinisve,
1097 755 1438 810 inscriptionibus
1458 754 1692 810 ceterisque

301 815 585 858 monumentis
605 814 758 870 petitis.
814 812 899 854 Sed
918 812 1018 852 huic
1039 812 1099 853 rei
1119 812 1164 852 in
1184 811 1262 852 hac
1284 826 1473 852 meorum
1494 811 1695 852 itinerum

302 874 502 915 varietate
530 880 716 912 mentem
743 870 924 911 adiicere
950 884 1128 925 nequeo.
1192 868 1368 918 Romae,
1391 868 1464 909 ubi
1486 868 1696 923 fragmen-

303 939 394 971 tum
424 930 681 977 inveneram,
704 927 828 968 etiam
861 926 1140 967 emittendum
1171 941 1259 966 esse
1290 926 1426 981 primo
1456 925 1586 966 duxi:
1619 923 1696 966 sed

303 1002 436 1044 quum
467 986 572 1027 mihi
603 1000 679 1041 per
709 984 849 1026 literas
882 983 1148 1040 significares,
1177 982 1537 1024 Praestantissime
1573 981 1695 1023 Ken-

302 1045 449 1094 nicott,
473 1044 536 1084 Te
558 1043 740 1084 maxime
761 1042 806 1082 in
827 1041 934 1083 votis
955 1040 1122 1090 habere,
1145 1048 1193 1081 ut
1216 1040 1360 1081 relicta
1382 1040 1522 1081 Roma
1541 1038 1596 1080 ad
1615 1038 1696 1080 alia

302 1101 573 1158 procederem
606 1100 709 1149 loca,
741 1114 795 1140 ne
831 1098 964 1139 maior
995 1098 1113 1153 operi
1146 1097 1243 1138 Tuo
1276 1111 1391 1139 mora
1423 1097 1692 1138 iniiceretur:

302 1159 478 1209 abiecto,
513 1157 629 1214 quod
663 1171 870 1212 ceperam,
907 1155 1094 1205 consilio,
1127 1155 1251 1196 edere
1288 1153 1402 1196 istud
1437 1168 1557 1194 mens
1591 1161 1693 1203 erat,

303 1215 473 1272 quando
504 1215 608 1256 mihi
638 1214 752 1270 apud
777 1213 841 1254 Te
870 1211 1029 1254 Oxonii
1059 1211 1292 1267 paullulum
1322 1211 1398 1253 otii
1426 1210 1545 1252 foret.
1609 1209 1695 1251 Sed

301 1288 489 1314 rumores
509 1272 582 1322 illi,
605 1272 679 1328 qui
700 1270 841 1312 nescio
862 1285 947 1325 quo
968 1278 1135 1310 auctore
1157 1268 1210 1310 de
1237 1268 1288 1309 T.
1308 1268 1419 1309 Livii
1439 1267 1544 1309 libro
1566 1266 1691 1308 XCI.

303 1346 328 1372 a
347 1345 414 1371 me
436 1330 609 1371 invento
631 1343 744 1369 nunc
766 1327 1129 1376 circumferuntur,
1145 1326 1349 1373 fecerunt,
1371 1333 1420 1366 ut
1439 1340 1493 1366 ne
1515 1323 1694 1381 amplius

302 1387 531 1429 editionem
563 1386 787 1434 differrem,
821 1384 895 1425 sed
924 1384 970 1424 in
999 1384 1146 1440 prima,
1178 1398 1262 1439 qua
1294 1382 1456 1438 aliquot
1485 1381 1574 1423 dies
1604 1396 1694 1423 mo-

301 1459 426 1494 rarer,
449 1444 552 1485 urbe
575 1443 685 1499 typis
706 1441 1024 1483 committerem.
1087 1440 1237 1495 Itaque
1263 1440 1392 1481 habes
1419 1439 1501 1488 hic,
1523 1438 1695 1480 Doctis-

301 1502 405 1543 sime
424 1501 671 1549 Kennicott,
689 1508 815 1555 atque
838 1513 923 1539 una
943 1506 1054 1539 totus
1075 1498 1185 1538 orbis
1206 1496 1395 1538 eruditus
1411 1496 1695 1551 fragmentum

301 1559 419 1608 illud,
457 1557 579 1614 quale
615 1571 778 1598 summa
814 1570 913 1596 cura
947 1563 989 1596 et
1025 1554 1244 1610 diligentia
1280 1553 1443 1595 Romae
1479 1552 1693 1609 descripsi,

299 1616 463 1657 nudum
485 1614 672 1671 quidem,
695 1621 736 1654 et
757 1627 831 1653 sua
851 1620 1016 1653 tantum
1037 1611 1242 1667 dignitate
1267 1626 1356 1652 sese
1378 1609 1693 1660 commendans,

298 1672 426 1714 nullis
447 1671 790 1714 annotationibus
811 1669 1082 1726 explicatum,
1105 1669 1237 1710 tribus
1261 1668 1342 1709 illis
1362 1667 1562 1723 exceptis,
1584 1681 1694 1723 quae

299 1745 387 1772 sese
409 1730 513 1770 mihi
535 1728 644 1770 ultro
666 1727 948 1769 offerebatur-⁷⁵.
1014 1725 1099 1767 Sed
1119 1741 1198 1767 nec
1215 1725 1517 1767 commentario
1534 1723 1694 1766 diutius

298 1787 468 1837 carebit,
486 1787 520 1827 si
541 1785 697 1827 eruditi
717 1784 762 1825 id
784 1799 953 1840 operam
970 1791 1138 1833 navant,
1156 1792 1204 1824 ut
1221 1798 1353 1839 quum
1370 1797 1424 1823 ex
1440 1781 1693 1832 auctoribus,

298 1845 373 1900 qui
408 1844 461 1885 de
497 1843 607 1885 bello
644 1842 884 1884 Sertoriano
920 1856 1057 1897 egere,
1089 1840 1268 1890 Velleio,
1306 1839 1442 1889 Floro,
1482 1838 1693 1888 Sallustio,

297 1900 539 1950 Plutarcho,
571 1900 736 1949 Orosio,
769 1899 907 1940 lucem
940 1897 1161 1939 affundant
1192 1897 1292 1938 huic
1322 1897 1570 1953 fragmento,
1602 1903 1693 1936 tum

296 1959 397 2000 inde
430 1958 606 2014 petitam
637 1956 876 1998 auctoribus
908 1955 990 1995 illis
1022 1954 1213 1995 reddant.
1276 1953 1442 1995 Multae
1474 1959 1694 2008 praeterea

300 2014 682 2056 Grammaticorum
718 2011 1029 2053 observationes
1063 2011 1116 2051 de
1152 2018 1267 2051 recta
1301 2009 1503 2050 vocabula
1537 2006 1694 2050 Latina

296 2071 507 2113 scribendi
538 2070 699 2111 ratione
732 2068 845 2117 hinc,
875 2068 909 2108 si
942 2076 1080 2108 certae
1114 2075 1224 2116 sunt,
1253 2066 1629 2115 confirmabuntur,
1658 2065 1694 2107 si

295 2129 448 2170 dubiae
471 2136 598 2183 atque
619 2126 816 2174 incertae,
840 2124 1108 2166 definientur.
1163 2123 1225 2164 At
1241 2123 1547 2179 geographicus
1566 2122 1692 2164 huius

294 2184 518 2242 fragmenti
550 2198 649 2224 usus
682 2183 851 2224 fortasse
884 2181 1102 2222 maximus.
1168 2179 1287 2221 Varii
1324 2180 1438 2221 enim
1471 2180 1516 2220 in
1549 2194 1614 2230 eo,
1646 2179 1694 2221 ni

1015 2378 1163 2404 notarum
1189 2375 1230 2404 ad
1256 2374 1340 2405 Livii
1365 2374 1582 2413 fragmentum
1608 2371 1689 2404 iudi-

338 2387 377 2418 25
402 2377 494 2408 Duas
524 2379 651 2406 tantum
680 2374 810 2406 Brunsii
837 2378 969 2405 amiota-

1015 2416 1111 2454 cavit,
1144 2416 1260 2447 Saxius
1289 2416 1323 2447 in
1355 2416 1523 2447 onomast.
1554 2414 1690 2447 Literar.

295 2421 399 2452 tiones
421 2418 537 2450 inserui
559 2418 644 2448 notis
664 2418 706 2448 ad
730 2417 785 2447 lin.
805 2423 852 2457 79.
870 2417 920 2447 80.
938 2421 970 2446 et

299 2462 368 2494 126.
381 2461 472 2493 omisi
487 2460 628 2497 tertiam,
640 2460 674 2490 in
690 2470 754 2498 qua
769 2460 809 2489 ad
826 2459 881 2490 lin.
899 2459 967 2499 198.

299 2515 368 2546 199.
413 2502 657 2543 Calaguritanos
695 2501 825 2532 Sertorii
863 2506 970 2540 partes

294 2551 422 2579 secutos
443 2556 510 2577 csse
534 2545 820 2581 demonstraturus,
836 2544 968 2574 titulum

297 2590 489 2626 Barcinone,
505 2591 541 2618 ut
563 2587 621 2624 ait,
641 2586 809 2616 inventum
834 2585 969 2625 protulit

295 2643 335 2663 ex
363 2631 474 2662 codice
497 2630 725 2666 Marcanovae,
742 2628 796 2667 qui
821 2627 969 2658 Venetiis

294 2674 327 2705 in
347 2673 545 2704 bibliotheca
560 2670 756 2703 Corneliana
776 2673 967 2707 asservatur,

293 2717 339 2748 ita
354 2715 544 2755 inscriptus:
567 2714 587 2729 “
600 2713 667 2743 Res
683 2713 806 2752 priscae
819 2712 969 2751 variaque

293 2757 494 2798 antiquitatis
519 2759 731 2786 monumenta
757 2754 900 2792 undique
928 2763 967 2783 ex

293 2801 380 2831 omni
397 2801 472 2830 orbe
485 2799 666 2830 conlecta.''
711 2797 774 2827 Sed
787 2796 827 2826 de
843 2796 903 2826 hac
919 2795 965 2825 in-

293 2842 476 2882 scriptione,
493 2851 589 2881 quam
609 2842 770 2870 recentem
792 2842 824 2868 ct
843 2838 965 2868 adulte-

293 2886 395 2916 rinam
414 2894 493 2922 esse,
511 2882 688 2914 BrotIerius
704 2890 832 2920 quoque
853 2881 885 2910 in
903 2879 966 2910 fine

1014 2462 1095 2498 part.
1116 2458 1135 2489 i.
1159 2469 1189 2497 p.
1214 2457 1285 2497 568.
1331 2457 1507 2489 Brunsium
1532 2466 1687 2496 carpens:

1013 2504 1033 2516 ‘⁶
1048 2501 1081 2531 N
1085 2501 1219 2538 ollem,”
1230 2500 1346 2539 inquit,
1362 2501 1383 2515 “
1395 2499 1442 2530 vir
1457 2498 1690 2530 eruditissimus

1014 2543 1286 2574 Barcinonensem
1307 2542 1451 2579 titulum,
1466 2540 1532 2571 iam
1548 2540 1626 2571 olim
1648 2550 1689 2572 ex

1014 2585 1134 2625 Apiani
1163 2584 1431 2623 Inseriptionibus
1451 2593 1482 2623 p.
1507 2590 1536 2621 5.
1559 2586 1592 2613 et
1620 2583 1688 2615 Iac.

1013 2627 1147 2658 Stradae
1164 2625 1432 2665 Inscriptionibus
1454 2624 1582 2655 urbium
1609 2624 1687 2655 His-

1011 2669 1202 2708 panicarum
1229 2678 1261 2707 p.
1288 2676 1357 2707 177.
1382 2678 1412 2699 n.
1440 2675 1469 2706 5.
1494 2671 1620 2705 notum,
1646 2667 1687 2698 ab

1013 2712 1089 2742 Ant.
1120 2720 1192 2741 vero
1213 2709 1395 2749 Augustino
1419 2710 1541 2740 dudum
1565 2709 1688 2739 fraudis

1013 2753 1226 2792 postulatum,
1244 2752 1372 2791 Dialog.
1390 2751 1457 2783 XI.
1475 2752 1515 2781 de
1532 2751 1687 2782 Nummis

1011 2805 1041 2834 p.
1074 2794 1141 2832 163.
1174 2795 1223 2825 cd.
1251 2794 1389 2831 Schotti,
1420 2797 1453 2824 et
1480 2793 1622 2824 Grutero
1652 2793 1686 2823 in

1011 2837 1135 2876 Spin-iis
1154 2847 1184 2877 p.
1203 2846 1230 2876 3.
1247 2847 1281 2867 n.
1302 2846 1328 2868 1.
1350 2837 1488 2867 relatum
1511 2836 1617 2866 denuo
1637 2845 1685 2866 re—

1012 2879 1156 2911 coxisset.
