1888 3194
410 163 1105 207 MANUSCRIPTORUM
1152 164 1344 207 LIVII.
1485 172 1571 212 439

240 253 292 294 In
324 254 404 296 hoc
437 254 582 295 codice
614 254 896 310 fragmentum
929 262 1078 304 exstat,
1111 254 1227 310 quod
1259 269 1368 311 supr.
1399 271 1440 311 p.
1472 259 1567 300 275.

180 311 390 360 recitatur,
419 319 463 352 et
492 310 545 352 de
576 326 662 367 quo
695 310 908 352 Henricus
936 310 1183 352 Dodwellus
1215 311 1335 367 plura
1361 312 1568 364 disseruit,

178 381 286 423 quae
309 366 679 410 Drakenborchius
712 369 757 409 in
785 368 972 410 editione
1001 383 1076 410 sua
1105 367 1416 425 Lugd.-BataV.
1444 372 1570 412 1746.

176 430 279 465 tom.
302 423 402 466 VII.
425 439 465 481 p.
493 428 588 467 182.
612 425 806 467 exhibuit
837 431 907 467 ‘et
930 425 1165 481 reparando
1192 426 1413 481 subgressu
1440 442 1569 469 manu

177 479 319 521 ‘haud
354 496 506 537 magna
541 482 675 524 Alisfe
711 483 851 524 menia
885 483 1004 538 quasi
1042 483 1187 539 palans
1225 484 1476 538 perveniens
1516 499 1569 525 ex

177 542 190 561 ‘
204 537 332 593 opido
352 539 491 580 bellua
511 550 745 581 constracta
766 540 1033 581 armamentis
1054 540 1193 596 erupit
1213 555 1339 596 quam
1361 541 1508 581 consul
1528 542 1570 582 vi

176 599 190 619 ‘
203 603 368 650 captam
386 596 603 637 trucidatis
617 597 689 653 qui
706 597 749 637 in
766 612 816 638 ea
828 598 1100 638 constiterant
1117 607 1296 638 reservat
1313 597 1366 638 ad
1382 613 1569 653 pugnam

177 651 278 693 ‘sed
313 653 485 709 opidani
518 654 626 695 sicut
661 655 814 710 quibus
844 668 944 695 cura
972 654 1171 711 pusillum
1207 655 1342 696 inerat
1376 655 1418 695 in
1453 655 1569 696 diem

175 708 376 751 ‘alteram
420 711 674 753 umbonibus
720 711 912 753 belluatis
956 727 1112 768 paucos
1152 712 1321 768 fugaces
1360 712 1568 754 invadunt

175 771 188 790 ‘
204 766 557 824 elephantemque
582 769 723 810 omine
746 768 908 810 meliori
928 777 1146 825 receptant
1162 778 1203 810 et
1221 769 1356 810 Alifas
1375 769 1565 811 Ruffium

175 824 416 880 ‘quondam
438 826 637 868 vocitatas
667 827 719 867 ab
747 826 898 868 dextro
922 835 1126 883 sequente
1151 826 1364 868 sinistrum
1390 826 1565 883 augurio

175 886 359 923 ‘nomen
400 882 624 939 imponunt
664 883 857 925 accolae.'
936 883 1148 940 Equidem
1188 898 1286 925 cum
1322 883 1568 940 Kreyssigio

173 939 321 988 sentio,
344 940 418 996 qui
450 939 554 981 haec
583 941 709 982 verba
741 941 882 997 spuria
912 956 1052 997 neque
1085 956 1109 982 a
1143 941 1254 982 Livii
1288 955 1417 982 manu
1440 941 1566 982 fuisse

172 1005 329 1045 censet,
351 996 426 1037 sed
451 1012 535 1052 qua
566 999 726 1039 ratione
759 999 804 1039 in
837 1007 1083 1039 contextum
1116 998 1370 1054 irrepserint,
1393 998 1567 1039 minime

171 1062 358 1108 apparet.
403 1053 448 1095 Si
469 1054 657 1096 codicem
679 1055 773 1110 quis
793 1054 908 1096 adire
929 1054 1043 1105 velit,
1064 1054 1346 1110 fragmentum
1368 1055 1409 1095 in
1433 1055 1568 1111 prima

171 1109 368 1151 columna
387 1109 427 1151 ll.
448 1114 633 1153 59—68.
666 1111 737 1154 fol.
762 1114 830 1154 76.
853 1121 970 1167 parte
992 1112 1164 1152 adversa
1184 1121 1333 1152 exstat.

229 1166 308 1208 IV.
343 1166 495 1209 Codex
524 1169 867 1210 membranaceus
895 1169 938 1209 in
963 1168 1075 1218 folio,
1099 1168 1229 1209 seculi
1251 1168 1405 1209 decimi
1426 1169 1567 1224 quinti

171 1224 379 1274 exeuntis,
412 1240 509 1266 cum
545 1225 676 1266 literis
707 1225 938 1267 initialibus
970 1226 1093 1282 pictis
1125 1233 1168 1266 et
1200 1225 1423 1275 deauratis,
1457 1226 1568 1266 inter

171 1281 338 1323 codices
359 1281 612 1324 Bodleianos
633 1292 876 1332 asservatus,
897 1282 1092 1324 fohorum
1115 1285 1210 1323 264.

232 1337 439 1380 Continet
473 1339 621 1381 decern
661 1340 818 1396 priores
853 1340 993 1382 libros.
1056 1339 1201 1380 Habet
1236 1339 1372 1380 codex
1407 1339 1485 1380 iste
1521 1339 1566 1380 in

171 1395 307 1437 fronte
341 1396 429 1437 folii
461 1397 584 1453 primi
618 1397 732 1453 picta
764 1397 965 1454 anonymi
997 1396 1216 1439 cuiusdam
1253 1396 1434 1452 insignia
1463 1411 1567 1453 gen-

172 1452 308 1502 tilitia,
331 1453 405 1509 qui
425 1455 617 1510 portabat
638 1454 682 1495 in
704 1462 823 1495 scuto
844 1462 988 1496 aurato
1016 1454 1126 1495 inter
1153 1453 1296 1495 leones
1318 1462 1401 1495 tres
1422 1468 1567 1495 caeru-

171 1509 258 1551 leos
278 1510 445 1552 fasciam
470 1510 620 1552 coloris
644 1511 846 1561 eiusdem,
869 1511 937 1553 eui
966 1511 1243 1568 imponuntur
1269 1510 1454 1552 merulae
1483 1519 1567 1552 tres

171 1577 354 1609 auratae.
387 1567 533 1624 [Auci.
556 1570 609 1610 F.
633 1569 673 1610 Ι.
701 1569 785 1623 11.]

228 1623 281 1666 V.
317 1624 468 1666 Codex
526 1626 868 1667 membranaceus
918 1625 962 1666 in
1011 1624 1112 1666 folio
1161 1630 1215 1666 a0.
1261 1627 1384 1667 1476.
1431 1624 1566 1667 nitide

170 1691 376 1731 exaratus,
403 1681 502 1723 olim
528 1682 854 1732 Canonicianus,
881 1697 1016 1738 nuper
1047 1682 1090 1723 in
1121 1682 1421 1724 bibliothecam
1451 1681 1566 1724 Bod-

168 1737 347 1780 leianam
371 1739 581 1789 advectus,
604 1739 795 1781 foliorum
818 1744 914 1782 227.

230 1796 436 1838 Continet
466 1797 592 1837 libros
620 1797 781 1847 decem,
804 1797 962 1838 scilicet
990 1812 1014 1838 a
1035 1797 1232 1838 vicesimo
1264 1796 1399 1852 primo
1430 1811 1563 1853 usque

169 1853 222 1894 ad
246 1854 498 1894 tricesimum
522 1854 734 1895 inclusive.

140 1905 149 1916 ⁵
227 1909 277 1951 In
312 1911 395 1951 fine
433 1911 586 1966 legitur
621 1912 771 1952 notitia
806 1926 999 1967 sequens,
1046 1909 1284 1952 ‘Iohannes
1320 1909 1566 1952 Franciscus

170 1967 1563 2024 ‘MartiusGeminianensisdescripsitannoM⁰CCCC⁰LXXVI⁰.

171 2030 182 2048 ‘
197 2024 406 2066 Peccioli.’
445 2025 629 2080 [Canon.
654 2027 755 2067 Lat.
778 2026 898 2080 290]

227 2081 304 2123 VI.
340 2081 491 2124 Codex
517 2082 622 2123 alter
647 2083 990 2124 membranaceus
1018 2083 1062 2123 in
1091 2082 1203 2132 folio,
1226 2097 1354 2123 manu
1375 2082 1566 2124 ciusdem

170 2138 369 2180 Iohannis
396 2139 460 2181 Fr.
487 2139 630 2180 Martii
657 2150 865 2187 exaratus,
888 2139 988 2181 olim
1014 2139 1342 2190 Canonicianus,
1365 2155 1500 2195 nuper
1521 2139 1564 2181 in

170 2196 465 2238 bibliothecam
490 2197 762 2238 Bodleianatn
783 2197 995 2246 advectus,
1019 2197 1211 2238 foliorum
1239 2200 1331 2238 185.

229 2253 435 2295 Continet
475 2254 600 2295 libros
636 2271 660 2295 a
696 2255 905 2296 tricesimo
945 2255 1081 2310 primo
1124 2270 1255 2310 usqne
1296 2253 1350 2295 ad
1386 2253 1566 2310 quadra-

168 2311 373 2363 gesimum
412 2311 625 2361 inclusive,
664 2312 815 2353 omisso
857 2321 996 2353 tamen
1038 2311 1144 2352 libro
1181 2311 1390 2353 tricesimo
1428 2311 1563 2353 tertio.

171 2363 339 2409 Desinit
364 2368 468 2409 liber
491 2369 590 2411 XL.
614 2385 709 2410 cuin
732 2369 867 2410 verbis
902 2375 912 2392 ⁶
929 2368 1290 2425 conciliabulaque
1316 2368 1566 2418 edixerunt:

167 2440 202 2466 c.
227 2427 297 2467 37.

227 2481 277 2523 In
300 2482 384 2524 fine
410 2482 576 2537 legitur,
611 2490 621 2507 ‘
640 2482 736 2525 Deo
757 2483 923 2539 gratias,
948 2482 1158 2524 Iohannes
1181 2483 1426 2524 Franciscns
1449 2481 1566 2524 Mar-

170 2538 280 2580 ‘tius
330 2536 685 2596 Gemignancnsis
741 2541 814 2582 has
864 2540 1044 2582 decadas
1093 2540 1271 2582 feliciter
1321 2540 1566 2596 descripsit.’

170 2595 355 2651 [Canon.
376 2598 477 2639 Lat.
501 2598 620 2652 2971]

229 2652 327 2695 VII.
363 2654 513 2695 Codex
537 2655 880 2697 membranaceus
901 2655 944 2695 in
967 2654 1065 2696 folio
1087 2655 1246 2704 maiori,
1265 2654 1393 2696 seculi
1411 2654 1564 2695 decimi

203 2709 307 2751 uinti
338 2712 545 2761 excuntis,
567 2713 725 2768 optime
756 2721 962 2761 exaratus,
985 2722 1027 2754 et
1048 2712 1188 2769 quoad
1214 2712 1353 2754 literas
1385 2710 1565 2752 initiales

173 2765 442 2817 imminutus,
483 2768 581 2809 olim
627 2770 953 2818 Canonicianus,
997 2785 1131 2826 nuper
1177 2769 1219 2810 in
1267 2769 1563 2810 bibliothecam

178 2821 446 2866 Bodleianain
468 2825 642 2875 delatus,
666 2826 858 2868 soliorum
882 2830 977 2867 235.
