1888 3194
562 150 690 193 LIB.
724 149 866 191 XLV.
913 151 1060 193 CAP.
1100 156 1162 194 19.
1489 160 1565 198 191

179 248 192 267 ‘
206 242 438 290 eedoniam,
461 248 508 281 ut
537 253 660 280 suum
683 253 877 295 quaeque
906 239 1132 281 concilium
1161 240 1361 291 haberet,'
1388 243 1568 298 placuit3
1585 255 1629 288 U.
1646 256 1685 288 c.
1707 257 1779 297 585·

145 305 191 346 4‘
206 309 249 342 et
268 297 492 340 dimidium
513 296 672 345 tributi,
695 311 821 352 quam
844 296 960 352 quod
987 297 1155 353 regibus
1174 297 1281 339 ferre
1307 299 1417 340 soliti
1439 310 1569 351 erant,
1585 299 1624 330 A.
1646 299 1684 331 C.
1711 298 1780 338 ¹⁶7·

177 355 360 413 ‘populo
398 353 592 395 Romano
627 353 839 409 pendere.’
902 353 1063 395 Similia
1098 354 1163 395 his
1195 364 1237 396 et
1274 355 1319 395 in
1354 355 1570 412 Illyricum

174 412 382 455 mandata.
447 410 603 452 Cetera
627 410 726 467 ipsis
750 411 1071 467 imperatoribus
1093 411 1324 468 legatisque
1346 413 1502 463 relicta,
1526 415 1570 454 in

174 470 327 527 quibus
361 483 557 525 praesens
593 468 784 509 tractatio
819 483 957 509 rerum
994 469 1172 510 certiora
1208 470 1447 511 subiectura
1481 480 1570 512 erat

172 526 357 569 consilia.

230 583 349 625 Inter
369 582 520 624 multas
541 597 687 638 regum
708 583 985 639 gentiumque
1005 592 1047 625 et
1068 584 1321 640 populorum
1337 584 1568 641 legationes
1650 596 1712 633 19,

172 640 355 690 Attalus,
377 640 504 682 frater
523 640 632 696 regis
656 639 873 689 Eumenis,
896 641 1078 682 maxime
1107 642 1313 683 convertit
1340 642 1382 682 in
1409 657 1452 683 se
1478 658 1567 684 om·
1580 649 1712 680 Attalus

170 699 290 741 nium
321 697 464 740 oeulos
494 698 751 754 animosque.
816 697 1031 754 Exceptus
1063 699 1177 740 enim
1213 708 1275 740 est
1307 700 1359 740 ab
1390 699 1467 749 his,
1494 700 1568 756 qui
1582 692 1719 723 Romae.

141 755 296 801 ssimul
326 771 376 797 eo
406 755 516 797 bello
547 754 844 805 militaverunt,
867 755 981 797 haud
1011 756 1152 811 paullo
1182 757 1418 812 benignius,
1441 772 1568 813 quam

171 814 207 856 si
235 814 324 870 ipse
356 828 430 854 rex
458 812 672 854 Eumenes
692 813 885 854 venisset.
949 813 1231 855 Adduxerant
1259 829 1356 855 eum
1385 814 1492 856 duae
1524 815 1569 855 in

171 871 354 928 speciem
390 870 590 912 honestae
625 885 715 911 res:
756 885 851 920 una,
883 870 1120 926 gratulatio,
1153 872 1409 913 conveniens
1441 872 1486 912 in
1519 887 1570 913 ea

171 928 357 978 victoria,
386 943 513 985 qnam
544 928 633 983 ipse
665 927 915 969 adiuvisset:
950 928 1090 977 altera,
1120 929 1385 984 querimonia
1414 929 1569 970 Gallici

139 985 390 1036 6tumultus,
419 994 700 1040 acceptaeque
729 984 869 1035 cladis,
897 1001 981 1041 qua
1008 1001 1185 1042 regnum
1213 987 1258 1026 in
1287 986 1463 1027 dubium
1495 986 1569 1027 ad-

171 1044 347 1085 ductum
390 1051 508 1084 esset.
574 1042 753 1083 Suberat
793 1051 835 1083 et
875 1052 1035 1084 secreta
1074 1058 1167 1099 spes
1204 1043 1411 1084 honorum
1447 1059 1568 1100 prae-

143 1101 436 1156 7miorumque
461 1099 513 1140 ab
537 1108 699 1148 senatu,
722 1114 830 1155 quae
856 1100 926 1140 vix
954 1099 1065 1140 salva
1095 1101 1251 1155 pietate
1283 1100 1373 1141 eius
1403 1101 1568 1142 contin-

168 1172 268 1213 gere
298 1165 505 1214 poterant.
570 1155 702 1197 Erant
733 1156 847 1197 enim
875 1156 1048 1212 quidam
1080 1157 1368 1198 Romanorum
1397 1172 1567 1214 quoque

167 1229 255 1256 non
295 1214 396 1256 boni
436 1223 640 1263 auctores,
677 1213 752 1269 qui
787 1228 860 1269 spe
902 1214 1177 1269 cupiditatem
1214 1214 1303 1255 eius
1338 1214 1564 1256 elicerent:

170 1271 305 1314 ‘Eam
336 1271 580 1328 opinionem
612 1270 665 1312 dc
688 1270 834 1312 Attalo
865 1280 908 1312 et
935 1270 1127 1312 Eumene
1156 1271 1318 1312 Romae
1350 1286 1452 1321 esse,
1475 1280 1568 1312 tan-

169 1334 183 1354 ‘
197 1344 323 1386 quam
346 1329 399 1370 de
421 1328 552 1370 altero
571 1328 774 1370 Romanis
795 1337 909 1369 certo
931 1329 1079 1378 amico,
1097 1328 1229 1370 altero
1250 1344 1328 1370 nec
1348 1328 1566 1378 Romanis,

171 1392 277 1428 ‘nee
312 1386 432 1428 Persi
466 1385 552 1427 fido
587 1386 712 1427 socio.
790 1385 939 1441 Itaque
973 1386 1044 1426 vix
1079 1386 1205 1427 statui
1241 1401 1375 1442 posse,
1409 1395 1565 1435 utrum,

169 1449 305 1500 ‘quae
335 1459 412 1501 pro
442 1459 500 1493 se,
523 1458 589 1492 an,
613 1458 720 1499 quae
752 1452 899 1484 contra
928 1443 1097 1484 fratrem
1128 1443 1337 1500 petiturus
1368 1453 1490 1493 esset,
1514 1444 1567 1485 ab

169 1507 343 1544 ‘senatu
375 1501 506 1557 magis
536 1500 816 1557 impetrabilia
846 1501 1009 1542 forent:
1043 1501 1148 1542 adeo
1181 1501 1395 1543 universos
1425 1501 1568 1542 omnia

136 1564 241 1601 8‘et
269 1558 368 1600 huic
399 1559 596 1607 tribuere,
618 1567 661 1599 et
689 1557 748 1598 illi
774 1573 870 1599 vero
899 1559 1079 1614 negare.'
1140 1557 1300 1599 Eorum
1328 1558 1563 1608 hominum,
1580 1569 1683 1600 Attali
1700 1580 1773 1609 spes

167 1625 216 1658 ut
237 1631 302 1658 res
321 1615 480 1665 docuit,
495 1614 664 1656 Attalus
685 1623 786 1664 erat,
805 1615 891 1670 qui,
915 1626 1121 1670 quantum
1143 1630 1237 1671 spes
1258 1615 1563 1671 spopondisset,
1578 1622 1706 1651 pravae.

166 1683 384 1739 cuperent,
418 1673 462 1713 ni
499 1672 624 1713 unius
664 1672 786 1726 amici
827 1672 1012 1728 prudens
1048 1673 1224 1714 monitio
1260 1672 1390 1713 veluti
1425 1672 1566 1714 frenos

166 1745 309 1773 ammo
330 1731 434 1780 eius,
455 1729 652 1786 gestienti
674 1729 868 1770 secundis
889 1729 1024 1778 rebus,
1047 1729 1321 1785 imposuisset.
1388 1729 1566 1772 Stratius

166 1804 264 1830 eum
294 1803 345 1830 eo
376 1788 454 1829 fuit
484 1787 684 1835 medicus,
707 1786 760 1828 ad
792 1787 835 1827 id
866 1787 1001 1843 ipsum
1034 1802 1058 1827 a
1089 1802 1173 1828 non
1202 1802 1348 1828 securo
1371 1786 1564 1829 Eumene

168 1845 350 1888 Romam
380 1845 538 1893 missus,
561 1844 796 1900 speculator
820 1859 972 1894 rerum,
996 1859 1103 1899 quae
1129 1860 1153 1885 a
1176 1844 1300 1885 fratre
1327 1854 1563 1900 agerentur,

166 1903 433 1958 monitorque
456 1902 577 1951 fidus,
600 1902 633 1942 si
658 1901 807 1942 decedi
835 1901 916 1942 fide
939 1901 1121 1942 vidisset.
1185 1900 1239 1951 Is,
1262 1901 1315 1942 ad
1341 1911 1564 1958 occupatas

165 1960 248 2002 iam
269 1975 390 2002 aures
415 1958 770 2014 sollicitatumque
799 1958 880 1999 iam
910 1959 1097 1999 animum
1120 1973 1252 2014 quum
1274 1959 1469 2008 venisset,
1491 1975 1564 2015 ag-

133 2032 327 2074 9gressus
354 2016 610 2073 tempestivis
639 2016 898 2071 temporibus
925 2030 1012 2057 rem
1035 2030 1166 2071 prope
1187 2015 1421 2071 prolapsam
1443 2017 1563 2057 resti-

165 2075 258 2125 tuit,
292 2074 427 2116 ‘Aliis
458 2073 538 2115 alia
567 2088 698 2130 regna
727 2073 903 2114 crevisse
935 2073 1085 2122 rebus,’
1110 2072 1318 2114 dicendo:
1355 2079 1365 2096 ‘
1383 2088 1560 2129 regnum
1573 2088 1780 2128 castigantur

164 2137 338 2174 ‘eorum
371 2146 541 2180 novum,
573 2130 699 2172 nullis
726 2131 900 2172 vetustis
932 2130 1155 2171 fundatum
1189 2130 1351 2186 opibus,
1379 2131 1737 2173 fraternaaStffltio-

163 2195 176 2215 ‘
191 2199 301 2232 stare
322 2188 568 2232 concordia:
597 2187 712 2245 quod
735 2203 842 2229 unus
864 2203 1018 2230 nomen
1041 2188 1201 2243 regium
1224 2197 1266 2229 et
1287 2189 1562 2245 praecipuum

164 2247 341 2304 'capitis
375 2247 538 2303 insigne
575 2254 705 2302 gerat,
739 2261 885 2287 omnes
919 2246 1065 2286 fratres
1100 2255 1289 2302 regnent.
1366 2246 1562 2288 Attalum

164 2311 176 2330 ‘
193 2320 304 2354 vero,
326 2304 427 2361 quia
451 2312 586 2345 aetate
613 2303 829 2360 proximus
853 2303 919 2352 sit,
941 2303 1036 2359 quis
1057 2318 1142 2344 non
1164 2318 1240 2359 pro
1262 2318 1359 2359 rege
1380 2303 1563 2345 habeat?

164 2368 177 2387 ‘
193 2377 332 2419 neque
354 2377 405 2404 eo
425 2361 574 2410 solum,
597 2361 697 2416 quia
725 2370 859 2402 tantas
888 2370 1127 2417 praesentes
1156 2361 1247 2402 eius
1275 2375 1376 2416 opes
1404 2370 1560 2410 cernat,

164 2419 266 2462 ‘sed
299 2418 414 2476 quod
445 2418 560 2460 haud
593 2418 837 2474 ambiguum
875 2417 1121 2474 propediem
1155 2427 1430 2473 regnaturum
1464 2433 1562 2460 eum

205 2571 225 2598 4
253 2561 358 2597 Quam
402 2558 502 2600 quod]
562 2557 836 2589 coniunctionem
883 2556 1011 2593 hahuit,
1027 2568 1044 2587 e
1061 2567 1160 2587 manu
1182 2556 1327 2587 walt-hii
1347 2557 1505 2597 provenit.

161 2614 257 2644 quarn
289 2602 460 2633 delendam
493 2605 624 2632 censent
655 2600 839 2631 Gronovius
928 2609 943 2638 7
969 2601 1097 2631 Pietate
1117 2601 1188 2630 eius
1208 2601 1410 2638 continnae]
1438 2601 1482 2630 Εἰ
1506 2609 1562 2638 pru

162 2650 195 2676 et
211 2644 402 2676 Crevierius.
447 2645 638 2679 Dimidium,
653 2644 737 2684 quod
752 2653 837 2682 supr.
883 2644 964 2678 cius,
977 2647 1108 2673 auctore
1125 2642 1301 2678 Grenici-io,
1315 2642 1457 2681 reposuit
1477 2642 1561 2672 Bek-

161 2687 272 2719 xxxiv.
292 2697 339 2728 ¹9.
356 2692 387 2718 et
406 2686 476 2717 insr.
496 2686 543 2717 26.
561 2691 591 2716 et
612 2696 659 2726 τι).
677 2686 824 2716 occurrit.
885 2685 951 2716 ker.

206 2739 223 2770 5
248 2731 497 2767 inminuerunt]
534 2729 765 2760 Milituvcrane
792 2738 836 2758 rc-
926 2728 944 2757 8
977 2729 1054 2758 Vero
1071 2727 1206 2766 ueyarc]
1242 2729 1320 2758 Vero
1335 2726 1387 2757 hic
1404 2736 1476 2756 euin
1495 2736 1559 2757 em-

162 2772 270 2812 posuit
289 2773 429 2804 Bekker.
885 2770 975 2809 pluuii
992 2771 1132 2809 quadum
1150 2771 1338 2800 affirmatur.

205 2813 225 2843 6
248 2816 471 2862 Acce-piaeque
501 2813 616 2854 rludix]
661 2814 753 2844 llaec
781 2824 836 2852 op·
925 2822 945 2853 9
972 2814 1178 2852 'l'empnstivis
1202 2813 1412 2852 temporibus]
1438 2814 1559 2840 Sermu-

163 2855 244 2886 timn
261 2858 446 2888 emendatio
468 2867 524 2897 pro
539 2858 755 2897 aduertaeque
768 2858 836 2895 ῃΙιι-
883 2857 978 2885 m'hus
1008 2855 1194 2885 Gronovius
1224 2854 1373 2888 coniecit,
1406 2854 1559 2892 probante

162 2898 236 2934 diis.
251 2899 339 2937 quod
353 2899 536 2931 Crevieriuu
558 2909 614 2938 pro
635 2899 838 2930 conclamato
885 2897 1155 2929 Drakenborchio
1171 2903 1203 2928 et
1220 2896 1393 2928 crevierio.
