1888 3194
920 238 1210 277 INDEX.

376 316 555 356 Salapitani
573 323 623 355 27,
640 316 688 347 28.
712 327 732 347 a
748 314 943 355 Salapitanis
959 315 1048 345 delu—

418 359 506 389 ditur
522 359 703 397 Hannibal,
719 359 797 389 ibid.

378 402 501 433 Salaria
517 401 569 432 via
587 409 614 441 7,
630 411 659 443 9.

375 444 499 475 Salaria
514 454 653 481 annona,
670 448 703 474 et
726 454 766 474 ex
783 443 895 474 eadem
914 442 1047 482 vectigal

421 496 436 516 2
465 510 473 524 1
490 495 539 525 37·

376 497 493 560 Sala9ssi
510 529 654 560 montani
674 538 725 567 21,
743 530 792 568 38.

375 572 499 609 Saleca,
516 572 590 602 urbs
607 571 734 602 Africae
753 582 802 612 29,
819 580 870 610 34,
887 578 937 610 35.

375 615 499 645 Salerni
516 618 654 644 castrum
671 623 722 653 32,
741 624 791 655 29.

375 657 543 688 Salernum
562 657 688 687 colonia
704 658 843 687 deducta
859 665 910 695 34,
927 665 976 694 45.

375 700 533 739 Salganea
550 707 601 738 35,
619 706 669 738 37,
685 698 725 736 46
742 702 773 729 61
791 707 839 737 51.

375 742 504 773 Salinae
535 742 618 771 circa
650 741 774 771 Ostiam
805 741 909 770 factae
940 749 966 776 1,
994 748 1043 777 33.

417 782 587 815 Romanae
606 790 634 821 7,
654 793 700 824 19.
718 784 758 814 cf.
775 786 806 813 et
826 790 856 821 5,
872 790 922 821 45.
949 790 976 821 7,
998 789 1043 820 17.

418 836 469 864 ¹24,
486 834 535 864 47·

374 869 535 899 Salinator
557 877 654 906 quare
672 867 782 898 Livius
804 867 1046 907 cognominatus

420 921 434 940 2
461 934 469 947 2
487 918 536 949 37·

374 921 478 984 Salias
499 952 669 984 duodecim
688 953 788 983 Marti
807 952 950 983 Gradivo
972 951 1049 991 legit

417 996 530 1026 Numa
553 995 732 1035 Pompilius
759 1005 785 1033 1,
804 1005 852 1026 20.
878 995 1047 1025 duodecim

417 1039 520 1069 Salios
543 1042 636 1068 vovet
658 1038 786 1076 Tullus,
804 1038 857 1077 qui
876 1038 1048 1077 Agonales,

416 1081 482 1111 sive
498 1081 630 1117 Colliui,
647 1081 724 1111 dicti
741 1085 814 1111 sunt
833 1088 880 1120 27.

374 1123 457 1154 Salis
480 1124 640 1154 vendendi
664 1123 829 1153 arbitrium
855 1123 1044 1162 ademptum

416 1166 549 1205 privatis
581 1175 609 1203 2,
640 1176 669 1207 9.
707 1166 781 1197 salis
815 1165 1043 1196 commercium

417 1209 578 1239 Dardanis
603 1209 792 1248 permissum
818 1216 870 1247 45,
897 1218 945 1249 29.
978 1208 1044 1238 sale

415 1252 543 1282 invecto
556 1251 603 1282 uti
617 1251 826 1291 prohibentur
836 1251 1043 1288 Macedones,

414 1294 492 1325 ibid.

374 1337 480 1368 Salius
500 1341 568 1368 erat
592 1337 625 1367 P.
642 1337 812 1368 Cornelius
835 1335 942 1375 Scipio
961 1335 1043 1366 Afri-

417 1390 516 1410 canus
532 1387 584 1418 37,
602 1388 652 1417 33.

374 1422 545 1453 Sallentini
568 1421 641 1452 victi
665 1431 696 1462 9,
718 1431 767 1459 42.
792 1421 1044 1452 Sallentinorum

415 1464 573 1504 ignobiles
596 1465 689 1494 urbes
713 1464 867 1495 deficiunt
890 1464 931 1493 ad
953 1464 1043 1493 Han—

415 1507 556 1537 nibalem
577 1515 628 1545 25,
648 1517 673 1537 1.

374 1549 571 1580 Sallentinus
587 1559 661 1588 ager
680 1558 728 1585 10,
746 1558 773 1579 2.
800 1558 850 1586 24,
868 1558 916 1579 20.

374 1592 520 1629 Salluvii,
541 1592 595 1631 qui
617 1596 649 1622 et
670 1592 770 1631 Salyi,
792 1594 824 1621 et
845 1592 968 1630 Salyes,
989 1600 1043 1630 po-

417 1635 513 1673 pulus
529 1634 677 1665 Gallicus
694 1644 723 1673 5,
741 1642 789 1673 35.

374 1677 574 1708 Salondicus.
593 1677 657 1707 vid.
676 1677 841 1708 Olonicus.

374 1720 412 1751 C.
430 1720 589 1757 Salonius,
610 1719 756 1750 triumvir
778 1719 923 1749 coloniae
946 1719 1043 1749 dedu-

416 1763 536 1793 cendae
560 1771 611 1801 34,
635 1770 684 1800 45.
715 1761 876 1792 decemvir
899 1772 973 1801 agro
998 1761 1043 1792 di-

417 1805 558 1835 vidundo
575 1815 626 1842 42,
644 1816 672 1842 4.

374 1847 408 1879 P.
427 1848 587 1885 Salonius,
606 1847 737 1878 alternis
760 1857 860 1886 prope
880 1846 971 1877 annis
992 1846 1044 1876 tri-

416 1891 521 1920 bunus
550 1890 644 1921 milit.
676 1893 708 1920 et
738 1889 859 1929 primus
890 1889 1044 1927 centurio,

417 1934 525 1963 Patres
556 1932 751 1972 conscriptos
787 1933 974 1970 obtestatur,
1004 1942 1044 1962 116

414 1986 507 2006 suum
525 1975 677 2005 honorem
697 1979 898 2015 praeponant
914 1985 1042 2005 concor-

415 2018 487 2048 diae
504 2018 643 2048 civitatis
662 2025 690 2057 7,
707 2027 756 2055 41.

374 2061 417 2097 Q.
445 2060 594 2091 Salonius
624 2060 727 2098 Sarra,
757 2063 885 2099 praetor
910 2067 962 2099 35,
996 2069 1042 2091 10.

414 2103 544 2134 sortitur
560 2102 740 2134 Sardiniam
760 2113 808 2134 20.

372 2146 555 2185 Salpinates
577 2145 741 2175 incursant
764 2156 856 2185 agros
878 2146 1044 2176 Romanos

416 2196 446 2227 59
462 2197 511 2227 31·

373 2231 511 2262 Saltatio
527 2230 560 2261 in
576 2230 661 2261 ludis
677 2230 809 2261 scenicis
829 2238 855 2269 7,
874 2240 900 2261 2.

375 2273 483 2305 Saltus
503 2274 544 2304 ad
561 2274 667 2304 Aoum
689 2283 815 2303 amnem
833 2281 885 2310 32,
901 2271 930 2303 6.
955 2273 1043 2311 Apu-

418 2316 480 2345 liae
505 2326 555 2353 24,
578 2325 626 2346 20.
656 2315 897 2346 Castulonensis
922 2324 970 2351 22,
994 2324 1042 2344 20.

420 2356 470 2395 26,
493 2367 541 2388 20.
571 2357 709 2389 Caudini
732 2367 763 2397 9,
785 2364 810 2396 7.
840 2356 1042 2387 Cithaeronis

420 2409 470 2439 31,
495 2398 543 2430 26.
574 2399 758 2429 Germanici
782 2408 812 2439 9,
836 2397 886 2437 36.
918 2398 1041 2437 Hercy-

414 2442 485 2471 nius
503 2450 532 2480 5,
546 2450 595 2479 34.
619 2441 805 2471 Manlianus
821 2450 872 2478 40,
887 2449 934 2481 39.
956 2441 1041 2470 Μ31-

414 2484 481 2514 cius
498 2493 548 2524 39,
567 2493 614 2514 20.
639 2482 799 2514 Taurinus
817 2491 846 2522 5,
864 2492 911 2521 34.
941 2483 1041 2513 Ther-

413 2527 617 2566 mopylarum
650 2527 700 2563 28,
731 2532 747 2563 5
779 2528 810 2555 et
844 2532 869 2564 7.
910 2523 960 2564 36,
995 2534 1040 2564 15.

416 2569 576 2599 Vescinus
596 2578 644 2605 10,
662 2577 710 2598 21.

372 2611 492 2643 Salutis
521 2612 616 2642 aedes
645 2621 664 2640 a
694 2611 730 2641 C.
755 2610 850 2640 Iunio
882 2610 1041 2648 Bubulco,

415 2654 557 2691 consule,
581 2660 666 2691 vota,
689 2654 729 2683 ab
753 2653 878 2689 eodem,
901 2663 1041 2691 censore,

414 2697 539 2727 locatur
554 2706 585 2737 9,
601 2705 650 2734 43.
676 2695 842 2726 dedicatur
860 2696 900 2725 ab
916 2696 1041 2733 eodem,

415 2739 571 2769 dictatore
588 2748 635 2775 10,
652 2748 676 2769 1.
702 2738 805 2769 Saluti
822 2738 905 2768 dona
918 2748 1041 2776 vovere,

415 2785 447 2812 et
468 2781 593 2820 signum
614 2781 796 2811 inauratum
813 2781 900 2818 dare,
916 2790 978 2811 cos.
995 2781 1041 2811 iu-

414 2825 509 2854 betur
525 2834 576 2861 40,
593 2830 643 2862 37.

373 2866 474 2906 Salyi,
495 2866 578 2896 duce
602 2865 790 2896 Hamilcare
812 2865 933 2903 Poeno,
956 2865 1040 2897 inva—

417 2909 497 2939 dunt
515 2908 716 2939 Placentiam
733 2917 784 2948 31,
804 2918 850 2939 10.

373 2950 510 2991 Salyum
525 2961 603 2991 gens
618 2958 648 2990 5,
665 2960 714 2990 34.

1093 315 1226 355 Salyum
1243 319 1369 346 montes
1387 325 1436 353 21,
1454 314 1503 346 26.
1521 315 1583 346 vid.
1600 312 1745 346 Salluvii.

1092 358 1232 397 Samaei,
1262 358 1498 398 Cephalleniae
1528 357 1679 397 populus,
1705 356 1759 386 de-

1134 401 1214 431 dunt
1230 411 1263 432 se
1280 401 1436 432 Romanis
1452 401 1503 439 38,
1521 400 1558 430 28
1575 404 1607 431 61
1626 409 1674 440 29.

1093 443 1341 474 Sambueistriae
1358 453 1409 485 39,
1426 444 1455 474 6.

1093 485 1198 523 Same,
1214 486 1319 516 insula
1335 485 1385 525 36,
1402 496 1450 523 42.
1468 486 1508 517 cf.
1525 489 1556 516 et
1573 485 1684 516 Zama.

1093 528 1198 565 Same,
1232 530 1306 559 urbs
1344 528 1587 568 Cephalleniae,
1625 526 1760 558 sustinet

1133 571 1331 601 obsidionem
1362 575 1513 610 quattuor
1545 581 1671 601 menses
1707 568 1760 608 38,

1137 622 1151 635 0

1090 622 1201 692 Sam9ii,
1219 663 1269 694 33,
1288 664 1335 685 20.

1089 697 1198 727 Samia
1213 703 1296 727 terra
1312 704 1363 735 37,
1384 706 1429 727 10.
1458 706 1506 735 11,
1525 706 1561 727 12
1578 701 1610 728 61
1629 707 1675 737 13.

1089 740 1203 769 Samus
1220 747 1270 778 37,
1290 749 1327 770 10
1343 744 1375 769 61
1391 749 1457 778 sqq.

1090 782 1251 812 Samnites
1266 782 1379 812 ineunt
1391 782 1503 812 foedus
1516 791 1588 812 cum
1604 781 1760 813 Romanis

1135 832 1163 863 7,
1184 834 1229 865 19.
1253 834 1329 863 gens
1345 825 1459 864 opibus
1477 824 1637 863 armisque
1653 824 1760 855 valida

1134 876 1182 907 29.
1209 868 1350 897 inferunt
1376 867 1525 897 Sidicinis
1549 876 1648 904 arma,
1673 867 1759 897 unde

1132 909 1218 949 origo
1234 909 1310 939 belli
1328 920 1399 940 cum
1415 909 1582 947 Romanis,
1595 909 1672 939 ibid.
1692 909 1758 940 vin-

1136 956 1213 982 cunt
1244 953 1439 991 Campanos,
1470 952 1546 982 ibid.
1586 952 1672 982 male
1704 962 1758 982 ex-

1135 995 1258 1034 cipiunt
1296 995 1415 1034 legatos
1452 996 1673 1025 Romanorum
1707 1003 1758 1033 31.

1135 1038 1257 1067 bellum
1279 1048 1351 1068 cum
1374 1037 1570 1068 Samnitibus
1591 1045 1640 1075 32.
1667 1039 1758 1067 atrox

1131 1090 1204 1110 cum
1223 1080 1261 1110 iis
1280 1080 1439 1119 proelium
1457 1089 1505 1119 33.
1530 1079 1702 1110 vincuntur
1724 1080 1758 1110 in

1131 1123 1322 1162 Campania,
1352 1122 1427 1154 ibid.
1467 1122 1541 1153 victi
1574 1121 1693 1152 iterum
1723 1122 1757 1152 in

1131 1165 1262 1196 Samnio
1270 1164 1318 1204 36.
1332 1165 1426 1195 161113
1437 1175 1544 1204 pugna
1554 1175 1627 1195 cum
1635 1165 1758 1195 Samni—

1130 1208 1225 1245 tibus,
1241 1218 1304 1247 qua
1319 1209 1469 1247 fugantur
1483 1216 1532 1247 37.
1555 1208 1676 1247 legatos
1692 1207 1757 1238 Ro-

1130 1260 1215 1280 mam
1240 1251 1372 1281 mittunt
1394 1261 1509 1290 pacem
1530 1254 1655 1280 orantes
1677 1250 1708 1288 8,
1730 1259 1756 1281 1.

1131 1304 1203 1323 cum
1227 1293 1264 1323 iis
1282 1294 1395 1323 foedus
1410 1296 1598 1323 renovatum
1617 1302 1643 1323 2.
1668 1292 1757 1323 Sam-

1130 1335 1245 1366 nitium
1272 1346 1362 1376 agros
1387 1339 1512 1366 vastant
1537 1335 1655 1373 Latini,
1679 1334 1756 1366 ibid.

1130 1382 1246 1417 petunt
1266 1389 1286 1408 a
1308 1378 1475 1415 Romanis,
1490 1381 1527 1408 ut
1543 1377 1651 1408 Latini
1672 1387 1757 1408 coer-

1131 1425 1273 1458 ceantur,
1291 1421 1367 1451 ibid.
1393 1424 1537 1460 pugnant
1558 1430 1633 1450 cum
1655 1420 1757 1450 Luca-

1130 1463 1179 1493 nis
1203 1464 1354 1494 adversus
1375 1463 1595 1493 Alexandrum
1621 1462 1757 1502 Epiren-

1130 1516 1197 1535 sem
1218 1513 1265 1544 17.
1289 1505 1427 1545 suspecti
1444 1509 1517 1535 sunt
1535 1505 1690 1536 Romanis
1706 1514 1756 1544 23.

1130 1548 1219 1578 ferox
1243 1558 1353 1578 eorum
1374 1558 1574 1588 responsum,
1594 1547 1670 1578 ibid.
1697 1547 1758 1578 tria

1131 1591 1252 1630 oppida
1276 1591 1314 1621 iis
1338 1591 1491 1630 adempta
1514 1598 1561 1630 25.
1589 1590 1759 1620 eiiciuntur

1132 1634 1299 1673 Palaepoli
1327 1632 1374 1664 26.
1403 1633 1573 1664 vincuntur
1594 1643 1614 1663 a
1635 1633 1678 1669 Q.
1695 1633 1756 1663 Fa-

1130 1676 1195 1713 bio,
1231 1676 1380 1716 magistro
1414 1676 1558 1715 equitum
1593 1684 1642 1714 3ο.
1681 1674 1757 1706 victi

1130 1729 1253 1749 rursum
1269 1730 1287 1749 a
1307 1719 1448 1758 Papirio,
1459 1718 1613 1749 dictatore
1629 1717 1679 1757 36.
1702 1728 1756 1749 an-

1131 1772 1210 1791 nuas
1240 1761 1414 1800 impetrant
1443 1761 1584 1791 indutias
1614 1769 1664 1801 37.
1703 1761 1756 1791 de-

1132 1804 1256 1842 ficiunt,
1280 1804 1355 1835 ibid.
1384 1803 1541 1844 proelium
1566 1807 1658 1834 atrox
1683 1813 1756 1834 cum

1132 1847 1329 1877 Samnitibus
1350 1847 1400 1885 38.
1424 1856 1533 1876 eorum
1557 1847 1679 1886 equites
1698 1846 1756 1876 im-

1132 1890 1318 1928 pedimenta
1343 1889 1565 1920 Romanorum
1590 1889 1757 1928 diripiunt,

1131 1932 1208 1963 ibid.
1236 1932 1407 1962 vincuntur
1431 1940 1479 1973 39.
1512 1932 1666 1962 damnant
1689 1932 1756 1962 bel-

1130 1975 1210 2013 lum,
1239 1974 1315 2006 ibid.
1360 1974 1559 2005 satisfaciunt
1588 1974 1757 2012 Romanis,

1129 2017 1205 2048 ibid.
1242 2028 1301 2047 nec
1330 2021 1440 2047 tamen
1469 2017 1654 2057 impetrant,
1679 2017 1755 2048 ibid.

1130 2060 1250 2090 bellum
1268 2060 1446 2090 instaurant
1463 2069 1494 2100 9,
1513 2069 1525 2090 1
1545 2063 1577 2090 61
1594 2069 1621 2090 2.
1644 2059 1755 2089 fraude

1130 2103 1262 2142 capiunt
1290 2103 1456 2133 Romanos
1481 2103 1569 2141 apud.
1593 2101 1756 2133 Caudinas

1130 2145 1262 2182 Furcas,
1277 2145 1353 2176 ibid.
1375 2148 1408 2175 et
1423 2155 1488 2183 sqq.
1505 2147 1664 2183 occupant
1679 2144 1754 2174 Fre-

1129 2188 1240 2227 gellas,
1267 2187 1425 2218 coloniam
1455 2187 1676 2217 Romanorum
1707 2195 1754 2217 12.

1131 2230 1302 2260 vincuntur
1327 2240 1346 2259 a
1373 2228 1529 2259 Romanis
1559 2237 1604 2267 13.
1637 2228 1754 2258 iterum

1135 2282 1180 2309 14.
1213 2273 1270 2302 sub
1297 2271 1406 2310 iugum
1433 2271 1605 2300 mittuntur
1631 2271 1754 2301 Samni-

1129 2314 1210 2343 tium
1228 2317 1349 2352 septem
1363 2313 1465 2343 millia
1481 2321 1526 2352 15.
1544 2323 1653 2343 eorum
1666 2323 1754 2353 prae-

1128 2356 1243 2386 sidium
1270 2356 1384 2386 Satrici
1411 2366 1597 2395 oppressum
1630 2355 1677 2387 16.
1707 2356 1754 2386 in-

1127 2398 1233 2428 dutias
1269 2398 1388 2428 biennii
1424 2398 1599 2437 impetrant
1635 2408 1655 2429 a
1688 2399 1754 2429 Ro-

1128 2440 1231 2470 manis
1266 2450 1313 2472 20.
1358 2441 1515 2471 rebellant
1547 2451 1595 2472 21.
1634 2451 1755 2480 anceps

1128 2484 1290 2522 proelium
1325 2493 1398 2513 cum
1436 2483 1644 2521 Samnitibus,
1676 2483 1752 2514 ibid.

1129 2525 1309 2562 vincuntur,
1331 2526 1406 2556 ibid.
1430 2526 1587 2565 proelium
1608 2528 1754 2565 equestre

1129 2578 1200 2598 cum
1219 2568 1426 2604 Samnitibus,
1442 2568 1474 2598 in
1490 2578 1552 2608 quo
1569 2578 1679 2598 eorum
1694 2568 1752 2598 im-

1128 2615 1255 2650 perator
1275 2611 1429 2641 occiditur
1447 2620 1494 2641 22.
1519 2610 1650 2650 capiunt
1671 2610 1752 2640 Plis-

1127 2653 1218 2690 tiam,
1248 2653 1322 2683 ibid.
1365 2663 1472 2692 pugna
1502 2652 1672 2683 vincuntur
1702 2662 1751 2691 23.

1128 2695 1371 2734 progrediuntur
1391 2696 1431 2726 ad
1453 2695 1614 2726 Caudium
1638 2702 1686 2734 27.
1710 2696 1752 2726 ad

1127 2738 1256 2777 triginta
1271 2738 1372 2768 millia
1388 2737 1579 2768 Samnitium
1593 2748 1685 2768 caesa
1696 2741 1752 2768 aut

1128 2784 1233 2819 capta,
1258 2780 1334 2810 ibid.
1365 2779 1497 2819 capiunt
1524 2780 1674 2811 Cluviam
1701 2789 1750 2820 31.

1128 2833 1237 2853 eorum
1273 2822 1418 2859 insidiae,
1451 2822 1526 2854 ibid.
1564 2823 1605 2853 ad
1642 2822 1750 2863 viginti

1127 2865 1230 2895 millia
1254 2864 1443 2895 Samnitium
1468 2875 1570 2902 caesa,
1594 2865 1669 2896 ibid.
1697 2875 1751 2895 an-

1129 2918 1204 2947 ceps
1222 2907 1380 2946 proelium
1399 2918 1473 2938 cum
1490 2907 1686 2939 Samnitibus
1701 2907 1750 2946 38.

1128 2959 1237 2980 eorum
1255 2950 1412 2981 exercitus
1427 2950 1502 2988 duo,
1518 2953 1607 2982 scuta
1621 2949 1752 2981 alterius
