1888 3194
530 161 948 206 EDITIONUM
996 162 1551 206 L1V11.445

336 252 460 294 Hanc
501 252 731 294 editionem
771 267 990 317 nunquam
1025 251 1177 293 vidisse
1214 251 1380 293 videtur
1417 251 1450 294 I.
1486 253 1551 295 Fr.

280 309 556 374 Gronovius}
591 309 678 365 qui,
720 324 852 365 quum
894 309 939 350 in
979 309 1127 350 Franc.
1167 308 1401 350 Robortelli
1440 309 1556 351 Con-

277 366 490 408 venientia
529 366 848 422 Supputationis
896 367 1096 408 Livianae
1144 381 1240 407 cum
1282 367 1555 407 marmoribus

280 422 532 479 Capitolinis
572 439 663 480 cap.
701 424 784 465 ΙΙΙ.
821 432 862 465 et
898 424 942 464 in
977 423 1357 465 Emendationibus
1387 422 1459 464 lib.
1496 424 1552 465 II.

277 495 367 536 cap.
409 481 531 522 LIV.
562 490 840 522 memoratum
877 481 1048 522 vidisset
1080 481 1232 522 librum
1268 480 1392 529 Livii,
1426 481 1499 535 qui
1533 496 1557 521 a

276 536 520 579 Vendelino
561 538 786 594 impressus
820 538 900 579 fuit
940 553 1051 579 anno
1088 538 1302 580 MCCCC
1318 538 1465 578 LXX.
1503 553 1556 578 ex

277 593 486 636 Victorini
508 594 734 637 Feltrensis
761 595 1004 652 exemplari,
1027 596 1135 636 hanc
1164 604 1207 635 et
1234 594 1557 651 praecedentem

277 652 508 694 editionem
534 668 661 694 unam
687 653 965 709 eamdemque
996 668 1096 702 esse,
1120 662 1173 702 et,
1197 667 1271 707 qul
1300 667 1342 693 se
1372 667 1416 692 m
1445 652 1557 693 calce

277 709 503 751 voluminis
547 709 901 767 Sweynheymum
947 710 1141 767 appellat,
1184 710 1235 750 ab
1277 709 1404 759 Italis,
1450 708 1559 750 Ger·-

277 767 442 808 manica
480 768 683 809 vocabula
724 768 931 809 invertere
973 768 1117 817 solitis,
1159 766 1448 808 Vendelinum
1489 782 1559 808 vo-

278 833 418 865 catum
450 825 575 866 fuisse
606 825 764 866 credit·
799 841 930 881 quum
962 835 1101 866 tamen
1135 824 1357 866 Conradus
1386 824 1560 889 §weyn—

279 881 405 938 he3m
452 891 495 923 et
536 882 753 923 Arnoldus
794 882 1017 932 Pannartz‚
1056 882 1129 937 qui
1166 882 1346 937 priorem
1384 882 1558 937 impres-

279 948 435 988 serunt,
459 939 780 996 typographiam
804 939 979 989 Romae,
1003 950 1045 980 at
1062 939 1102 979 V
1105 939 1326 980 endelinus
1347 939 1399 980 de
1425 939 1557 995 Spira‚

278 996 351 1051 qui
382 998 654 1061 posteriorem
684 997 792 1037 hanc
821 997 968 1046 edidit,
992 996 1182 1038 eamdem
1213 1006 1344 1037 artem
1369 995 1560 1037 Venetiis

277 1054 556 1095 exercuerint.
641 1053 879 1094 Verisimile
931 1054 1057 1094 etiim
1106 1053 1282 1102 videtur,
1330 1054 1560 1094 editionem

280 1110 514 1160 Livianam,
577 1125 703 1166 quam
772 1110 988 1166 Augustae
1050 1110 1088 1150 V
1094 1110 1370 1151 indelieorum
1449 1126 1560 1151 anno

279 1166 643 1209 MCCCCLXX.
679 1182 875 1208 excusam
905 1167 1074 1223 Lipsiae
1109 1167 1151 1207 in
1185 1167 1440 1208 bibliotheca
1473 1182 1561 1208 am-

278 1223 453 1280 plissimi
482 1224 662 1266 Senatus
687 1225 883 1266 asservari
915 1225 1126 1265 Fabricius
1155 1224 1196 1264 in
1230 1224 1429 1265 Biblioth.
1462 1225 1558 1265 Lat.

279 1281 435 1331 retulit,
477 1297 564 1322 non
603 1281 740 1330 aliam,
783 1297 910 1336 quam
956 1282 1065 1323 hanc
1108 1282 1331 1331 Venetam,
1373 1296 1476 1330 esse,
1518 1291 1561 1322 et

279 1353 434 1380 nomen
477 1339 728 1396 typographi
769 1338 1000 1380 Vendelini
1036 1340 1088 1389 ei,
1129 1354 1182 1381 ex
1219 1354 1304 1395 quo
1346 1338 1561 1379 Fabricius

280 1395 405 1437 huius
440 1397 637 1438 editionis
683 1396 874 1438 notitiam
912 1406 1059 1438 nactus
1095 1406 1170 1445 est,
1214 1396 1476 1452 persuasisse,
1514 1404 1562 1436 ut

280 1453 483 1503 crederet,
506 1454 657 1495 librum
681 1454 898 1510 Augustae
918 1454 957 1494 V
961 1454 1238 1495 indelicorum
1260 1453 1421 1494 editum
1444 1468 1558 1494 esse·

281 1510 512 1552 editionem
545 1521 656 1552 certe
688 1526 738 1552 eo
769 1527 879 1553 anno
901 1512 945 1552 in
967 1511 1038 1552 illa
1058 1512 1159 1552 urbe
1189 1511 1381 1552 emissam
1404 1510 1562 1552 ibidem

281 1582 366 1608 non
404 1583 633 1618 occurrere,
666 1584 718 1610 ex
754 1569 928 1610 testibus
969 1568 1052 1609 fide
1094 1569 1233 1624 dignis
1273 1568 1430 1623 accepi.
1494 1567 1562 1608 Ex

282 1624 432 1666 eodem
459 1641 596 1666 errore
630 1626 756 1666 etiam
779 1625 830 1666 V
822 1641 857 1665 ιι·
886 1626 1049 1667 Doctus
1084 1626 1126 1666 in
1160 1625 1245 1666 vita
1278 1625 1404 1674 Livii,
1434 1639 1561 1681 quam

283 1681 538 1724 Niceronius
590 1683 763 1724 inseruit
823 1682 1041 1724 Memoriis
1093 1683 1274 1723 virorum
1332 1681 1562 1723 Illustrium

284 1738 496 1781 Historiae
530 1740 863 1789 inservientibus,
899 1750 997 1781 tom.
1035 1739 1086 1780 V.
1125 1755 1163 1795 p.
1204 1742 1295 1782 177.
1341 1739 1563 1781 affirmasse

282 1797 460 1845 videtur,
484 1798 660 1853 primam
684 1798 795 1838 Livii
819 1798 1047 1838 editionem
1078 1812 1180 1846 esse,
1211 1812 1317 1853 quae
1342 1797 1562 1853 Augustae

283 1852 604 1896 vindelicorum
637 1870 748 1895 anno
781 1855 995 1896 MCCCC
1009 1855 1154 1896 LXX.
1187 1854 1229 1895 in
1255 1854 1387 1895 forma
1418 1854 1563 1895 maiori

282 1911 449 1967 prodiit.

172 1971 293 2012 1471.
330 1969 490 2010 Romae
542 1984 617 2025 per
668 1969 914 2010 Udalricum
970 1968 1155 2018 Gallum,
1207 1968 1347 2010 studio
1394 1968 1564 2010 Ioannis

226 2027 406 2068 Antonii
441 2026 662 2083 Campani,
693 2027 812 2067 cuius
847 2027 1048 2083 praefatio
1085 2026 1137 2067 ad
1175 2025 1444 2067 Cardinalem
1483 2025 1564 2067 Pa-

224 2084 412 2141 piensem
462 2084 758 2140 praemittitur,
811 2085 942 2125 tribus
992 2083 1287 2132 voluminibus,
1340 2084 1383 2124 in
1433 2083 1566 2124 forma

226 2142 394 2183 maiore.

342 2198 458 2240 Huic
501 2199 678 2240 editioni
716 2213 875 2239 annum
918 2198 1144 2254 ascriptum
1183 2213 1268 2238 non
1306 2198 1444 2247 fuisse,
1484 2207 1566 2238 tes-

287 2265 397 2297 tatur
420 2256 587 2297 Clariss.
619 2255 833 2297 Maittaire
864 2256 908 2296 in
936 2255 1090 2296 Annal.
1123 2255 1307 2311 Typogr.
1339 2265 1437 2297 tom.
1465 2255 1495 2296 Ι.
1524 2270 1563 2311 p.

286 2315 352 2356 72.
416 2312 510 2370 Ipse
539 2329 624 2355 non
652 2314 728 2354 nisi
763 2322 912 2369 quarta
936 2313 1107 2362 decade,
1131 2313 1215 2354 sive
1248 2313 1354 2354 libro
1389 2313 1563 2354 ΧΧΧΙ.

285 2379 328 2412 et
384 2371 670 2426 sequentibus,
723 2385 820 2411 usus
878 2386 969 2411 sum
1029 2370 1234 2412 beneficio
1294 2369 1565 2411 Illustrissimi

286 2427 463 2477 Lovelii,
501 2438 543 2469 et
584 2428 707 2468 huius
747 2428 874 2484 partis
915 2428 989 2468 fini
1033 2427 1195 2469 nullum
1239 2428 1364 2468 etiam
1408 2441 1566 2468 annum

286 2486 510 2541 ascriptum
537 2485 636 2534 vidi,
659 2485 732 2526 sed
764 2485 839 2525 hos
871 2494 1033 2526 tantum
1063 2500 1135 2526 sex
1168 2499 1320 2533 versus,
1348 2485 1434 2540 qui,
1462 2493 1566 2525 teste

287 2541 466 2599 Meyero
502 2543 545 2583 in
584 2542 738 2583 Annal.
781 2541 944 2584 Flandr.
977 2542 1030 2583 ad
1066 2557 1223 2583 annum
1253 2542 1565 2583 MCCCCXL.

286 2614 326 2656 p.
362 2614 415 2640 m.
459 2603 554 2642 297.
593 2600 829 2641 Antonium
866 2599 1133 2656 Campanum
1174 2609 1388 2640 auctorem
1436 2599 1569 2640 habu-

287 2666 421 2698 erunt.

289 2775 302 2794 ‘
319 2770 458 2812 Anser
478 2771 649 2827 Tarpeii
672 2781 811 2813 custos
832 2771 955 2821 Iovis,
979 2771 1104 2821 unde,
1128 2771 1243 2827 quod
1264 2770 1338 2811 alis

350 2827 665 2885 Constreperes‚
691 2829 840 2870 Gallus
860 2829 1031 2878 decidit,
1055 2829 1165 2870 ultor
1185 2828 1312 2869 adest.
