1888 3194
431 177 516 215 464
637 173 1004 216 SYLLABUS
1046 172 1628 216 PRAECIPUARUM

561 263 807 305 illustrando
857 264 1138 305 contulerunt.
1219 263 1390 305 Gelenii
1440 273 1581 305 autem
1632 264 1825 305 Annota-

562 321 744 362 tionibus
771 321 1052 362 subiiciuntur
1077 336 1234 376 paucae
1264 321 1470 377 quaedam
1494 321 1824 362 Emendationes

561 394 614 419 ex
636 378 779 419 codice
803 378 1058 420 Theodorici
1081 378 1263 419 Morelli.

435 438 556 477 1554.
592 435 794 490 Lugduni
845 435 958 490 apud
1007 434 1297 476 Sebastianum
1342 434 1582 491 Gryphium
1624 443 1824 491 quattuor

488 492 783 541 voluminibus,
807 492 851 532 in
871 492 1004 533 forma
1025 492 1245 547 octuplice.

617 549 822 590 Eamdem
850 549 1079 589 editionem
1107 557 1310 590 memorat
1334 549 1460 589 etiam
1485 548 1698 590 Maittaire
1721 557 1820 590 tom.

557 607 612 647 V.
639 605 793 646 Annal.
818 605 858 645 T
859 620 1004 660 ypogr.
1027 614 1132 659 part.
1157 605 1212 646 II.
1245 621 1284 661 p.
1314 609 1380 646 22.
1411 621 1463 646 ex
1493 621 1590 661 quo,
1620 615 1666 647 ut
1695 615 1738 647 et
1768 621 1822 647 ex

558 663 812 703 bibliotheca
843 661 976 702 Henr.
1002 661 1136 703 Hadr.
1164 677 1244 702 van
1273 662 1348 703 der
1379 662 1541 703 Marck.
1573 663 1613 703 T
1615 663 1820 718 oparchae

556 720 600 759 in
623 720 750 767 Leur,
774 727 867 773 part
888 718 945 758 II.
965 733 1004 773 p.
1025 722 1093 759 59.
1118 727 1293 767 constat,
1317 734 1427 759 anno
1448 720 1641 774 sequenti
1662 720 1821 761 ibidem

556 791 609 816 ex
631 776 778 816 eadem
801 775 979 824 officina,
1002 775 1122 830 quasi
1150 775 1276 815 huius
1304 775 1501 816 editionis
1529 777 1819 830 appendicem,

556 847 713 873 novum
746 840 906 872 tomum
934 832 1151 887 prodiisse,
1175 832 1464 873 continentem
1494 831 1707 882 Rhenani,
1733 833 1817 875 Ge—

554 889 669 938 lenii‚
711 898 754 930 et
796 887 996 930 Glareani
1046 888 1090 929 in
1134 889 1303 930 Livium
1346 888 1669 931 Annotationes.
1735 890 1820 932 Sed

555 946 768 987 Fabricius
799 945 843 986 in
872 945 983 987 Bibl.
1010 946 1104 987 Lat.
1131 945 1373 1003 Gryphium
1401 961 1452 987 eo
1480 961 1590 987 anno
1618 947 1663 987 in
1687 946 1820 989 forma

554 1003 762 1059 octuplice
804 1003 1022 1044 excudisse
1063 1003 1189 1044 refert
1230 1012 1350 1044 notas
1387 1003 1596 1053 Rhenani,
1634 1003 1817 1054 Gelenii‚

557 1060 763 1110 Sabellici,
797 1059 856 1101 Io.
877 1060 1156 1109 VelcurioniS,
1187 1068 1229 1101 et
1260 1061 1319 1102 Io.
1347 1060 1532 1110 Saxonii,
1556 1075 1652 1101 cum
1685 1061 1819 1103 Chro-

552 1118 720 1174 nologia
743 1117 957 1159 Glareani.

427 1177 549 1217 1554.
585 1175 788 1229 Lugduni
817 1174 931 1229 apud
957 1173 1248 1215 Sebastianum
1273 1172 1514 1230 Gryphium
1543 1174 1675 1215 tribus
1700 1174 1818 1216 volu-

551 1232 746 1281 minibus,
769 1232 812 1272 in
834 1232 965 1272 forma
986 1231 1250 1272 duodecima.

612 1288 731 1330 Haec
772 1288 902 1329 editio
943 1297 1184 1329 recensetur
1223 1288 1349 1329 ctiam
1390 1288 1434 1328 in
1480 1288 1605 1329 modo
1647 1288 1818 1330 laudata

551 1346 805 1387 bibliotheca
822 1345 1068 1387 Marckiana
1089 1354 1131 1386 et
1152 1345 1264 1401 apud
1286 1345 1523 1386 Fabricium
1545 1346 1589 1385 in
1611 1344 1813 1388 Biblioth.

555 1403 722 1444 Latina.

426 1463 549 1502 1554.
584 1459 771 1500 Basileae
794 1459 906 1515 apud
929 1458 1153 1500 Nicolaum
1172 1458 1445 1515 Episcopium
1466 1459 1673 1500 iuniorem
1694 1468 1816 1516 quat-

479 1526 574 1558 tuor
594 1517 890 1566 voluminibus,
914 1517 958 1556 in
980 1516 1113 1557 forma
1134 1516 1357 1571 octuplice.

608 1573 729 1615 Idem
773 1573 1024 1629 Episcopius
1060 1588 1171 1614 anno
1213 1573 1441 1615 MDLVI.
1484 1573 1582 1614 huic
1623 1573 1814 1624 editioni,

550 1639 750 1686 tanquam
773 1631 1064 1686 appendicem,
1087 1630 1240 1671 adiecit
1269 1638 1428 1670 tomum
1451 1630 1506 1672 V.
1531 1630 1605 1686 qui
1626 1630 1815 1672 continet

551 1688 721 1730 Scholia
741 1696 783 1728 et
807 1687 1132 1743 chronologiam
1157 1686 1330 1742 Sigonii.

423 1748 546 1788 1554.
581 1745 769 1786 Basileae
810 1744 923 1800 apud
960 1744 1163 1785 Ioannem
1201 1743 1460 1799 Hervagium
1498 1743 1662 1786 duobus
1696 1745 1814 1786 volu-

476 1803 672 1851 minibus,
695 1802 739 1842 in
760 1802 892 1843 forma
913 1802 1134 1856 octuplice.

608 1859 733 1900 Hanc
773 1859 1002 1900 editionem
1040 1868 1244 1899 memorat
1279 1858 1492 1899 Fabricius
1527 1858 1572 1899 in
1608 1858 1810 1901 Biblioth.

549 1918 587 1958 Ι
591 1917 691 1958 atin.
726 1931 773 1957 ac
807 1924 994 1965 testatur,
1025 1916 1063 1956 ei
1099 1916 1283 1956 adiectas
1318 1930 1406 1956 esse
1438 1916 1742 1971 Castigationes
1770 1925 1813 1958 et

548 1973 683 2015 Notas
709 1973 870 2023 Vallae,
904 1972 1111 2022 Sabellici,
1142 1981 1184 2014 et
1213 1972 1346 2013 Caelii
1382 1971 1566 2013 Secundi
1600 1972 1809 2016 Culionis.

546 2032 710 2073 Verum
747 2030 881 2071 nullas
922 2045 1109 2094 unquam
1146 2029 1451 2084 Castigationes
1486 2037 1559 2070 aut
1595 2028 1730 2070 Notas
1766 2030 1811 2071 in

547 2088 720 2129 Livium
761 2087 890 2129 Curio
941 2086 1196 2142 conscripsit.
1275 2085 1430 2126 Dicere
1481 2085 1623 2142 itaque
1663 2086 1808 2137 voluit,

548 2145 718 2185 Livium
740 2143 902 2185 editum
925 2158 1013 2184 esse
1036 2157 1089 2183 ex
1109 2143 1397 2198 recognitione
1422 2143 1630 2184 Curionis.
1693 2142 1808 2186 Vide

546 2200 792 2241 Maittaire'
782 2216 826 2240 m
851 2200 1005 2241 Annal.
1030 2200 1216 2255 Typogr.
1243 2208 1342 2240 tom.
1371 2200 1422 2241 V.
1446 2208 1552 2255 part.
1577 2199 1636 2241 II.
1659 2215 1701 2256 p.
1725 2204 1793 2242 22.

419 2260 538 2299 1555
573 2257 761 2297 Basileae
782 2271 857 2311 per
878 2256 1058 2297 Ioannes
1082 2255 1199 2296 Heu
1188 2271 1327 2311 agios,
1350 2256 1394 2296 in
1414 2255 1547 2297 forma
1567 2257 1736 2298 maiore.

603 2312 723 2353 Haec
763 2313 892 2354 editio
933 2313 1121 2353 continet
1156 2313 1309 2362 omnia,
1347 2328 1454 2368 quae
1490 2313 1568 2354 viri
1604 2314 1718 2355 docti
1753 2314 1808 2355 ad

548 2370 660 2411 Livii
691 2369 1031 2410 emendationem
1061 2369 1127 2410 vel
1159 2369 1477 2411 illustrationem
1508 2371 1588 2412 hoc
1619 2379 1806 2427 tempore

542 2426 586 2466 in
619 2426 756 2467 lucem
786 2426 1036 2475 emiserant3
1068 2427 1127 2467 ita
1158 2435 1311 2476 tamen,
1341 2435 1389 2467 ut
1410 2427 1572 2476 Vallae,
1597 2426 1805 2478 Sabellici,

543 2483 755 2532 Rhenani,
787 2482 969 2532 Gelenii‚
998 2491 1041 2524 et
1072 2483 1327 2524 Theodorici
1355 2483 1526 2524 Morelli
1556 2483 1601 2523 in
1634 2484 1806 2525 Livium

544 2540 848 2594 Castigationes
884 2540 927 2580 in
960 2540 1059 2595 ipsis
1093 2540 1450 2581 Annotationibus
1486 2539 1685 2582 Glareani
1720 2541 1805 2582 suis

542 2596 643 2637 locis
667 2597 845 2637 insertae
868 2597 963 2646 sint,
987 2605 1113 2652 atquc
1133 2596 1269 2637 editor
1289 2611 1331 2637 se
1353 2595 1455 2645 illas,
1478 2611 1580 2652 quas
1600 2597 1741 2639 futiles
1762 2607 1805 2639 et

540 2653 697 2693 nullius
746 2653 949 2694 momenti
994 2653 1209 2702 iudicarat,
1253 2653 1352 2694 inde
1394 2653 1583 2694 reiecisse
1630 2663 1803 2696 testatus

539 2709 678 2758 fuerit,
700 2724 753 2750 ne
775 2710 914 2750 inutili
934 2709 1073 2750 lab01e
1095 2710 1293 2750 lectorem
1315 2717 1569 2764 gravaretur.

415 2769 539 2808 1555.
572 2766 766 2808 Venetiis
802 2766 914 2822 apud
946 2766 1125 2807 Paulum
1161 2765 1418 2816 Manutium,
1453 2766 1557 2807 Aldi
1589 2767 1723 2808 filium
1755 2768 1802 2809 in

468 2823 601 2864 forma
621 2823 789 2864 maiore.

600 2879 721 2920 Haec
748 2879 878 2920 editio
906 2880 1041 2934 prima
1069 2879 1241 2920 exhibet
1263 2879 1401 2921 Caroli
1430 2879 1591 2936 Sigonii
1620 2879 1799 2931 Scholia,
