1888 3194
110 931 112 933 ’
147 929 294 961 Rhodio-

355 180 436 219 138
864 174 1015 217 ΤΙΤΙ
1051 173 1233 216 LIVII

146 279 191 311 U.
207 279 246 310 C.
269 279 343 319 583.
356 273 368 291 ‘
384 267 511 317 cluso,
533 266 676 322 inopia
696 265 876 307 insulam
896 266 1043 323 premi,
1061 265 1220 308 amissis
1242 265 1460 308 maritimis
1475 263 1781 321 vectigalibus6

145 322 185 354 A·
208 322 248 354 C·
272 321 510 380 169·‘atque
542 324 855 365 commeatibus.
923 325 1068 372 Quum
1099 324 1143 365 id
1178 323 1287 365 ultra
1320 323 1408 379 pati
1442 338 1530 364 non
1563 329 1746 378 possent,

356 382 541 437 ‘legatos
562 381 664 422 alios
685 381 738 421 ad
759 380 915 422 Persea
934 381 979 421 in
1002 380 1299 422 Macedoniam
1321 380 1493 430 misisse,
1517 379 1591 436 qui
1612 379 1652 420 ei
1673 378 1749 420 de-

357 446 369 464 ‘
385 439 643 488 nuntiarent,
668 438 848 479 Rhodiis
872 438 1049 494 placere,
1071 453 1217 494 pacem
1244 453 1342 478 eum
1370 451 1622 493 componere
1650 450 1748 476 cum

357 502 369 520 ‘
386 496 616 538 Romanis:
664 510 707 536 se
744 495 927 537 Romam
967 495 1115 536 eadem
1155 496 1396 536 nuntiatum
1432 495 1589 535 missos.
1665 492 1750 534 Per

358 559 491 609 ‘quos
523 553 714 602 stetisset,
747 568 832 608 quo
863 553 1002 593 minus
1030 552 1129 593 belli
1161 552 1256 592 finis
1288 552 1420 600 fieret,
1450 551 1648 592 adversus
1677 563 1750 590 eos

359 616 370 635 ‘
386 610 490 666 quid
520 610 598 651 sibi
627 609 867 651 faciendum
898 618 1018 659 esset,
1049 608 1242 649 Rhodios
1272 608 1605 649 consideraturos
1635 606 1751 648 esse.'

359 667 428 709 Ne
445 682 558 708 nunc
575 666 748 722 quidem
769 666 873 707 haec
894 666 982 707 sine
999 665 1290 721 indignatione
1311 665 1395 720 legi
1412 665 1598 706 audirive
1614 678 1749 720 posse,

357 733 519 766 certum
539 724 686 765 habeo.
747 722 855 764 Inde
881 723 1110 763 existimari
1134 730 1285 777 potest,
1309 722 1383 777 qui
1403 721 1570 763 habitus
1589 721 1752 762 animo-

215 789 279 828 15,
356 796 450 823 rum
471 780 738 822 audientibus
754 795 804 821 ea
819 779 1015 820 Patribus
1030 778 1167 819 fuerit.
1218 778 1436 828 Claudius,
1453 777 1561 818 nihil
1580 792 1752 833 respon-

148 843 325 892 Castigatio
358 853 463 888 sum,
485 845 632 879 auctor
658 844 746 877 est:
780 844 946 877 tantum
973 835 1379 877 senatusconsultum
1407 835 1643 884 recitatum,
1665 849 1752 890 quo

149 888 287 918 ferociae
362 895 492 936 Caras
528 902 570 935 et
602 893 757 950 Lycios
792 893 945 934 liberos
979 908 1069 934 esse
1105 892 1270 934 iuberet
1304 891 1484 948 populus
1518 891 1750 941 Romanus,

149 982 231 1005 rum.
358 952 582 1008 literasque
604 950 817 1006 extemplo
843 950 896 991 ad
921 958 1143 1006 utramque
1170 958 1342 1006 gentem
1368 949 1492 991 sciret
1519 948 1750 990 indicatum
1767 957 1784 990 7

360 1009 482 1050 mitti.
548 1008 646 1057 Qua
675 1008 820 1049 audita
846 1022 904 1058 re,
927 1007 1162 1063 principem
1189 1006 1421 1063 legationis,
1444 1007 1563 1047 cuius
1590 1005 1754 1062 magni-

359 1066 622 1123 loquentiam
649 1065 720 1106 vix
748 1065 863 1106 curia
888 1064 1030 1121 paullo
1057 1073 1153 1105 ante
1182 1072 1363 1120 ceperat,
1386 1064 1600 1105 corruisse.
1662 1062 1753 1104 Alii

360 1138 607 1180 responsum
629 1137 717 1164 esse
738 1122 924 1172 tradunt,
958 1127 970 1145 6
985 1121 1197 1178 Populum
1221 1121 1463 1162 Romanum
1484 1129 1527 1162 et
1545 1119 1753 1176 principio

363 1181 515 1222 ‘huius
550 1179 650 1221 belli
685 1179 799 1221 haud
830 1179 948 1220 vanis
980 1179 1220 1220 auctoribus
1251 1187 1513 1234 compertum
1545 1177 1752 1227 habuisse,

363 1244 375 1262 6
393 1237 584 1279 Rhodios
619 1252 715 1278 cum
752 1236 906 1278 Perseo
941 1251 1039 1292 rege
1075 1236 1271 1277 adversus
1302 1234 1605 1291 rempublicam
1636 1248 1755 1276 suam

363 1294 555 1336 ‘occulta
581 1293 755 1335 consilia
782 1293 933 1334 inisse:
968 1302 1023 1343 et,
1046 1293 1080 1334 si
1107 1293 1152 1334 id
1179 1302 1276 1334 ante
1305 1292 1482 1333 dubium
1507 1292 1666 1342 fuisset,
1694 1290 1756 1333 le-

364 1358 375 1376 ‘
390 1361 582 1408 gatorum
606 1350 747 1407 paullo
774 1359 871 1392 ante
896 1350 1022 1391 verba
1051 1350 1105 1391 ad
1135 1358 1296 1391 certum
1325 1349 1560 1405 redegisse:
1594 1356 1637 1390 et
1665 1347 1756 1405 ple-

364 1415 570 1465 ‘rumque
601 1409 734 1464 ipsam
767 1423 809 1449 se
839 1407 1043 1457 fraudem,
1076 1407 1239 1448 etiamsi
1271 1407 1392 1448 initio
1425 1406 1586 1448 cautior
1614 1405 1753 1456 fuerit,

365 1472 377 1492 ‘
392 1466 602 1522 detegere.
666 1465 857 1506 Rhodios
881 1479 995 1505 nunc
1020 1465 1065 1505 in
1093 1465 1192 1506 orbe
1223 1472 1427 1505 terrarum
1458 1463 1628 1505 arbitria
1655 1462 1788 1505 belli8

366 1523 591 1580 ‘pacisque
619 1522 775 1578 agere?
836 1521 1103 1563 Rhodiorum
1132 1530 1240 1562 nutu
1269 1536 1385 1562 arma
1413 1529 1652 1576 sumpturos
1680 1534 1789 1576 po—9

364 1587 376 1605 ‘
391 1582 627 1635 siturosque
651 1580 866 1621 Romanos
886 1580 1008 1620 esse?
1038 1579 1122 1620 iam
1142 1593 1229 1619 non
1250 1578 1350 1619 deos
1373 1577 1590 1619 foederum
1616 1585 1755 1627 testes,

365 1638 467 1679 ‘sed
503 1636 695 1678 Rhodios
734 1636 979 1678 habituros?
1038 1635 1158 1677 Itane
1196 1635 1402 1676 tandem?
1463 1634 1524 1676 Ni
1561 1642 1785 1691 pareatum

365 1702 377 1720 ‘
393 1695 455 1744 iis,
478 1694 770 1749 exercitusque
796 1693 849 1735 de
871 1692 1128 1734 Macedonia
1154 1692 1444 1749 deportentur,
1465 1692 1624 1734 visuros
1651 1706 1755 1742 esse,

365 1758 378 1776 ‘
393 1751 499 1808 quid
525 1751 604 1793 sibi
631 1750 871 1792 faciendum
892 1750 978 1792 sit?
1042 1750 1160 1799 Quid
1187 1749 1347 1791 Rhodii
1371 1749 1500 1791 visuri
1527 1749 1623 1800 sint,
1644 1749 1757 1805 ipsos

366 1809 510 1850 ‘scire.
572 1807 785 1864 Populum
816 1816 927 1849 certe
960 1807 1215 1857 Romanum,
1247 1807 1414 1849 devicto
1441 1807 1609 1856 Perseo,
1641 1805 1757 1862 quod

366 1873 378 1891 ‘
394 1865 641 1922 propediem
662 1873 830 1921 sperent
849 1865 951 1914 fore,
975 1865 1174 1914 visurum,
1196 1875 1243 1905 ut
1270 1879 1346 1920 pro
1374 1864 1532 1905 meritis
1553 1863 1755 1918 cuiusque

368 1925 440 1964 ‘in
480 1938 531 1964 eo
571 1922 682 1963 bello
722 1922 902 1963 civitatis
936 1921 1112 1976 gratiam
1148 1921 1318 1975 dignam
1359 1921 1536 1961 referat.’
1594 1919 1758 1961 Munus

366 1990 507 2021 tamen
527 1979 673 2034 legatis
694 1979 739 2019 in
759 1977 943 2034 singulos
968 1978 1115 2019 binum
1140 1977 1318 2018 millium
1343 1977 1448 2018 aeris
1473 1977 1644 2018 missum
1664 1985 1754 2019 est:

367 2036 482 2092 quod
503 2036 533 2076 ii
553 2050 639 2076 non
661 2043 924 2090 acceperunt.

225 2105 289 2143 16,
426 2093 594 2134 Literae
611 2092 764 2132 deinde
781 2092 977 2132 recitatae
1004 2090 1221 2139 QMarcii
1238 2086 1418 2132 consulis
1439 2099 1550 2141 sunt,
1574 2091 1759 2139 ‘Quem-

157 2159 274 2191 Marcii
290 2158 326 2190 li·
369 2156 381 2175 6
397 2149 637 2198 admodum,
679 2148 786 2189 saltu
831 2157 1038 2204 superato,
1082 2148 1125 2188 in
1172 2147 1470 2189 Macedoniam
1516 2148 1754 2189 transisset:

157 2208 255 2234 “³¹³⁰-
369 2207 455 2249 ‘ibi
487 2215 530 2247 et
559 2221 613 2247 ex
643 2205 734 2246 aliis
764 2205 865 2246 locis
895 2214 1152 2246 commeatus
1177 2220 1199 2246 a
1224 2214 1414 2261 praetore
1442 2214 1683 2262 prospectos
1712 2205 1759 2246 in

369 2271 381 2290 ‘
395 2264 577 2305 hiemem
598 2263 764 2312 habere,
788 2270 830 2303 et
851 2262 901 2303 ab
925 2262 1109 2318 Epirotis
1131 2262 1280 2318 viginti
1308 2262 1440 2304 millia
1468 2263 1657 2304 modium
1685 2262 1759 2304 tri-

369 2327 382 2346 ‘
398 2321 481 2370 tici,
504 2320 651 2361 decem
672 2319 819 2361 hordei
840 2319 1084 2375 sumpsisse:
1115 2328 1162 2361 ut
1182 2334 1258 2376 pro
1279 2335 1330 2361 eo
1350 2319 1560 2361 frumento
1579 2319 1761 2376 pecunia

412 2446 431 2478 6
457 2448 637 2478 Maritimz‘s
684 2450 892 2488 vectigalibus
943 2453 1038 2488 atque
1083 2447 1272 2480 indicarent.
1317 2448 1444 2478 Scirem
1470 2448 1650 2478 indicatum
1676 2447 1760 2477 mitti

368 2490 605 2527 commeatibus]
660 2490 826 2521 Maritima
869 2492 1039 2530 veolz'yalia
1084 2490 1226 2521 Bekker.
1264 2493 1296 2520 et
1334 2489 1474 2521 Crevier.
1507 2493 1650 2528 tuentur,
1682 2489 1759 2520 licet

369 2536 444 2563 sunt
460 2532 610 2571 portoria,
627 2536 657 2562 et
680 2533 763 2563 aliae
779 2534 942 2563 mercedes
959 2543 1041 2572 quae
1085 2532 1161 2563 huic
1179 2535 1347 2571 corruptus
1363 2533 1452 2562 locus
1468 2542 1536 2562 esse
1552 2531 1707 2563 videatur.

370 2575 403 2604 in
434 2573 600 2613 publicum
631 2575 857 2614 redigebantur
890 2586 929 2605 ex
960 2585 1041 2605 mer·
1129 2575 1147 2604 8
1170 2575 1309 2605 Rhodios
1328 2575 1470 2604 nuncin
1486 2575 1560 2605 orbe
1575 2574 1756 2612 terrarum]

371 2617 461 2647 cibus
486 2616 665 2655 importatis
689 2617 721 2647 in
744 2617 893 2648 insulam.
940 2617 1039 2648 Mari-
1086 2617 1140 2648 Ita
1160 2626 1288 2655 quoque
1305 2616 1475 2646 Bekkerus
1494 2625 1553 2655 pro
1575 2617 1658 2655 vulg.
1674 2616 1758 2647 Rho-

370 2658 442 2689 timi
478 2664 678 2695 commeant&
716 2670 927 2698 quaecunque
961 2659 1040 2689 mari
1086 2660 1151 2690 dios
1166 2660 1282 2688 nuntio
1297 2681 1304 2688 .
1321 2681 1328 2689 .
1346 2681 1353 2688 .

371 2700 566 2731 invehuntur
585 2701 625 2730 ad
649 2711 740 2731 usum
762 2702 1039 2732 commoditatem·
1127 2710 1146 2741 9
1173 2700 1387 2737 Rhodiorum]
1428 2699 1482 2730 Ita
1512 2709 1640 2739 quoque
1670 2699 1758 2730 Bek-

370 2753 433 2782 que
449 2742 541 2773 vitae.
566 2743 672 2773 CREv.
1084 2743 1180 2774 kei-us
1203 2741 1398 2779 emendavit,
1423 2752 1479 2781 pro
1501 2742 1585 2781 vulg.
1601 2743 1758 2780 Deorum,

416 2791 432 2824 7
454 2786 556 2815 Sciret
572 2786 745 2815 indicatum
763 2787 862 2823 mitti]
889 2796 930 2816 sc.
945 2786 1041 2816 Sena-
1087 2786 1172 2825 quod
1189 2784 1350 2816 Crevierio
1366 2784 1480 2814 merito
1497 2783 1672 2823 displicuit.

370 2830 650 2865 tusconsult0,quo
663 2828 755 2857 sciret
766 2829 906 2867 populus
922 2829 1041 2858 Roma·
1132 2837 1144 2857 1
1171 2829 1266 2858 Itane
1281 2827 1432 2857 tandem?
1455 2827 1490 2856 ni
1502 2830 1664 2866 pareatur
1679 2849 1687 2857 .
1704 2848 1713 2857 .
1729 2826 1756 2864 .]

371 2869 550 2900 nusliteras
563 2871 728 2909 extemplo
738 2871 778 2900 ad
789 2874 958 2909 utramque
968 2880 1042 2909 gen·
1089 2870 1143 2900 Ita
1173 2868 1353 2900 Crevierius
1383 2867 1604 2908 corrigendum
1635 2868 1760 2899 censuit

371 2915 436 2943 tem
447 2911 530 2942 mitti
545 2922 626 2951 quae
643 2912 775 2943 liberam
788 2922 856 2943 esse
872 2916 1042 2951 utramque
1088 2922 1145 2951 pro
1162 2913 1247 2950 vulg.
1264 2913 1352 2943 itane
1368 2912 1496 2942 tandem
1511 2912 1551 2941 iis
1563 2915 1733 2951 pareatur.
