1888 3194
680 189 973 229 INDEX.

129 262 269 303 Peneus,
289 264 394 296 amnis
415 273 468 304 32,
491 270 539 303 15.
562 272 615 303 42,
635 264 676 303 38
696 267 729 294 et
752 272 802 303 55.

128 306 324 389 Peim'igum,
344 348 480 390 Alpium
502 347 612 389 iugum
629 355 660 387 5,
675 355 727 388 35.
751 358 802 387 21,

127 393 250 473 Pe'ffi'ri,
265 434 426 466 Samnites
441 444 472 476 9,
489 443 538 473 31.
557 434 596 465 cf.
613 437 645 465 et
662 443 713 471 22,
728 433 778 465 61.

126 477 328 518 Peparethus
343 478 393 514 28,
408 486 435 516 5.
460 478 535 508 urbs
550 477 637 508 haud
652 477 802 518 ignobilis

169 529 222 560 31,
238 520 287 552 28.
311 520 458 558 diruitur,
473 520 549 551 ibid.

126 561 247 594 Peraea
262 563 348 604 regio
365 573 416 604 32,
428 572 467 603 33
485 567 517 594 et
533 570 584 602 35.
608 571 660 602 33,
677 562 723 595 18.
747 571 799 603 37,

124 615 257 687 Peig‘ea
268 649 345 680 urbs
357 647 433 690 (nisi
449 650 603 680 mendum
620 649 653 680 in
668 648 799 680 nomine

124 690 352 766 Pei-{ittieilibtid
360 715 544 775 superatis,
561 735 684 776 gratiae
707 738 799 766 actae

168 777 241 809 Diis
257 786 308 818 45,
328 776 374 809 16.

124 820 265 852 Perfidia
279 820 444 852 barbarica
460 828 512 860 25,
528 830 578 861 33.
608 821 732 852 Punica
748 830 799 860 21,

123 876 281 947 Pei-fugae
296 905 390 946 virgis
404 906 437 937 in
452 906 583 938 comitio
599 907 695 946 caesi,
710 910 742 938 et
758 906 799 938 de

164 959 242 981 saxo
263 949 381 980 deiecti
399 959 450 988 24,
466 960 515 981 20.
540 950 580 982 cf.
597 955 629 981 et
646 958 699 989 45.
729 960 798 990 per-

163 993 259 1034 fugae
273 992 380 1023 Latini
393 993 494 1023 securi
511 993 734 1033 percutiuntur
747 1002 798 1031 30,

164 1045 216 1075 43.
240 1035 382 1067 Romani
398 1035 430 1066 in
446 1045 573 1067 crucem
589 1035 719 1074 sublati,
733 1035 775 1067 ib.

121 1078 235 1120 Perga,
249 1079 325 1109 urbs
341 1078 392 1117 38,
409 1085 459 1117 37.

121 1121 297 1162 Pergamus
314 1130 365 1162 29,
384 1130 430 1152 11.
455 1129 507 1161 35,
527 1130 576 1161 13.
600 1131 652 1160 42,
670 1121 717 1152 18.
744 1132 796 1159 44,

164 1165 214 1195 28.
238 1164 323 1195 circa
338 1164 529 1204 Pergamum
545 1175 636 1195 sacra
650 1164 796 1204 profana-

162 1217 226 1248 que
248 1206 313 1237 urit
336 1206 508 1246 Philippus
528 1216 580 1246 31,
599 1205 650 1246 46.
682 1207 796 1247 Perga-

161 1260 253 1281 mum
269 1254 436 1290 oppugnat
451 1250 617 1288 Seleucus,
631 1249 718 1280 filius
730 1251 796 1280 An·

161 1293 262 1324 tiochi
276 1301 327 1333 37,
341 1293 388 1324 18.
414 1293 606 1333 Pergamum
623 1292 795 1323 intromissi

162 1336 288 1368 Achaei
305 1345 354 1368 20.
385 1336 519 1367 solvitur
540 1336 663 1367 obsidio
680 1336 794 1376 Perga-

161 1389 208 1410 m1
225 1389 275 1412 21.

120 1422 305 1459 Perinthus,
320 1423 396 1453 urbs
413 1431 463 1462 32,
480 1430 530 1461 33.
554 1431 606 1461 33,
623 1431 672 1462 3ο.

121 1465 262 1504 Perolla,
291 1465 417 1497 Calavii
447 1465 544 1503 filius,
582 1464 794 1496 interficiendi

164 1508 362 1540 Hannibalis
383 1507 553 1539 consilium
578 1508 665 1548 capit
690 1517 739 1547 23,
763 1508 793 1539 8.

161 1552 348 1583 adversatur
369 1550 398 1582 ei
422 1554 514 1591 pater
529 1560 558 1592 9.
592 1551 676 1582 cedit
700 1551 794 1591 patri,

162 1595 294 1635 eiusque
309 1595 351 1626 ad
368 1598 492 1635 patrem
508 1593 620 1631 oratio,
635 1593 713 1625 ibid.

118 1637 169 1669 M.
183 1638 356 1678 Perperna,
373 1638 496 1677 legatus
510 1637 551 1667 ad
569 1636 738 1675 Gentium,
749 1637 794 1668 Il-

161 1681 315 1722 lyriorum
339 1690 444 1721 regem
469 1691 521 1719 44,
545 1687 594 1718 27.
631 1690 650 1710 a
673 1679 794 1711 Gentio

161 1724 331 1756 coniicitur
345 1723 377 1754 in
395 1733 566 1761 carcerem,
582 1722 657 1754 ibid.
682 1723 794 1754 libera-

160 1771 214 1799 tur
228 1768 269 1798 ab
283 1766 411 1804 Anicio,
427 1771 573 1806 praetore
589 1775 639 1804 32.
662 1766 795 1797 nuntius

162 1810 314 1842 victoriae
333 1809 473 1840 Romam
490 1809 640 1846 mittitur,
655 1809 731 1841 ibid.

118 1852 324 1891 Perrhaebia,
340 1852 527 1884 Thessaliae
542 1852 617 1882 urbs
632 1861 684 1891 42,
700 1851 751 1892 67.

118 1896 313 1928 Perrhaebia
340 1905 392 1934 31,
418 1905 469 1934 41.
500 1904 552 1934 32,
583 1904 630 1934 15.
660 1894 712 1934 36,
742 1904 792 1935 33.

161 1949 214 1979 42,
231 1938 271 1978 36
287 1943 319 1970 et
334 1938 385 1978 67.

118 1982 291 2014 Perrhaebi
308 1981 557 2022 pronuntiantur
571 1980 662 2011 liberi
679 1989 731 2020 33,
742 1989 793 2020 32,

161 2035 211 2066 34.
243 2026 283 2057 cf.
307 2030 340 2056 et
366 2034 418 2063 42,
443 2033 493 2063 53.
539 2024 793 2055 Perrhaeborum

161 2069 312 2109 querelae
328 2068 368 2099 de
386 2067 539 2107 Philippo
555 2076 607 2109 39,
624 2076 674 2106 34.

118 2111 322 2149 Perranthes,
337 2111 482 2141 tumulus
499 2112 549 2148 38,
567 2122 596 2149 4.

117 2155 233 2187 Persae
249 2165 278 2197 9,
296 2155 332 2185 18
348 2158 381 2185 et
400 2163 447 2196 19.
470 2154 511 2184 ab
529 2152 794 2184 Lacedaemoniis

159 2208 277 2239 aquam
308 2201 341 2228 et
370 2200 488 2228 terram
519 2196 641 2236 petiere
668 2204 719 2235 35,
746 2204 781 2226 ι’·
767 2214 792 2236 J·

160 2239 434 2273 Lacedaemonios
459 2249 479 2270 a
504 2243 593 2278 tergo
618 2239 792 2270 circumve-

159 2294 235 2315 nere
250 2283 283 2315 in
299 2282 530 2323 Thermopylis
545 2281 663 2322 36,16.

117 2326 252 2365 Perseis,
263 2326 360 2358 urbs'
352 2336 383 2357 in
399 2325 578 2365 Deuriopo,
589 2325 620 2356 in
637 2325 792 2356 honorem

161 2369 280 2408 Persei,
304 2369 448 2409 Philippi
472 2368 540 2406 filii,
563 2368 607 2399 sic
630 2369 718 2399 dicta
741 2378 793 2410 39,

117 2456 264 2494 Perseus,
275 2455 407 2486 relictus
417 2465 437 2485 a
449 2454 603 2494 Philippo
616 2465 690 2485 cum
701 2458 791 2494 qunt-

159 2503 233 2530 tuor
254 2498 398 2529 millibus
416 2502 611 2528 armatorum
627 2498 669 2527 ad
685 2498 793 2528 fauces

159 2541 347 2574 Thessaliae
366 2539 416 2579 26,
434 2549 482 2580 25.

119 2585 269 2623 Perseus,
294 2583 437 2624 Philippi
465 2583 546 2622 regis
572 2583 791 2615 Macedonum

160 2628 256 2666 filius,
275 2628 450 2659 admodum
477 2637 566 2667 puer,
589 2626 728 2656 mittitur
751 2627 792 2657 ad

159 2671 352 2702 obsidendas
373 2670 546 2710 angustias,
564 2680 647 2709 quae
669 2670 710 2700 ad
734 2670 791 2699 l’c-

160 2714 321 2753 lagoniam
351 2718 425 2744 sunt
456 2723 507 2753 31,
536 2714 584 2743 28.
626 2717 792 2753 oppugnat

161 2756 397 2796 Amphilochos
413 2758 463 2795 38,
480 2765 508 2795 5.
535 2755 616 2786 redit
633 2755 664 2786 in
683 2756 791 2786 Mace-

161 2799 290 2830 doniam
309 2807 337 2838 7.
364 2799 440 2830 belli
458 2810 531 2830 cum
551 2799 666 2830 Perseo
683 2799 791 2829 incho-

160 2846 214 2873 ata
242 2841 333 2872 initia
356 2852 375 2873 a
400 2841 554 2882 Philippo
577 2846 651 2872 sunt
672 2850 724 2883 39,
742 2850 791 2880 23.

163 2884 268 2916 Persei
295 2894 368 2915 cum
398 2884 565 2915 Demetrio
595 2885 792 2924 comp-initio

162 2937 213 2969 53.
243 2927 327 2959 inter
341 2937 396 2959 cos
410 2927 598 2965 discordiae,
613 2927 690 2959 ibid.
721 2937 790 2968 pra-

890 275 930 295 va
949 264 1019 296 eius
1039 265 1072 296 in
1091 265 1295 297 Demetrium
1320 266 1454 298 consilia
1467 277 1521 307 40,

890 315 919 346 5.
943 307 1067 339 ludicro
1083 308 1258 339 certamine
1274 308 1412 340 vincitur
1422 321 1442 340 a
1454 310 1520 341 De-

888 349 1003 380 metrio
1018 349 1048 381 6.
1087 351 1222 382 Perseus
1246 356 1376 382 accusat
1400 352 1520 383 Deme-

887 392 984 422 trium
1010 394 1098 432 apud
1125 398 1250 433 patrem
1266 393 1298 431 8,
1316 403 1347 435 9,
1364 403 1402 432 23
1420 398 1452 425 et
1469 405 1520 432 24.

888 434 956 466 eius
981 435 1014 466 in
1042 436 1247 467 Demetrium
1272 436 1408 466 insidiae
1434 437 1520 467 dete-

886 482 1005 517 guntur
1020 486 1069 517 55
1101 489 1234 518 regnum
1251 479 1370 509 scelere
1392 483 1520 518 partum

886 520 1011 551 invadit
1027 502 1076 560 56.
1102 521 1301 561 Antigonum
1319 525 1409 551 curat
1424 521 1520 552 inter-

886 563 1061 594 ficiendum
1079 564 1128 603 58.
1152 564 1274 604 legatos
1290 564 1431 594 Romam
1447 564 1520 594 mit-

885 606 937 644 tit,
953 610 1078 647 petens,
1094 611 1130 637 ut
1145 617 1200 637 rex
1217 607 1257 637 ab
1273 610 1387 637 senatu
1407 607 1520 646 appel-

886 649 1017 688 laretur,
1032 649 1109 680 ibid.
1131 653 1163 680 et
1185 659 1237 688 41,
1255 659 1282 680 2.
1316 649 1408 679 initio
1430 649 1519 687 regni

885 693 997 723 multis
1013 693 1163 723 laudibus
1175 692 1432 728 commendatus,
1441 692 1518 724 ibid.

885 735 998 766 miscet
1014 735 1098 766 inter
1111 735 1282 766 Dardanos
1297 739 1329 766 et
1345 735 1520 766 Bastarnas

887 778 1063 809 certamina
1089 788 1142 818 41,
1168 787 1217 818 23.
1262 779 1384 817 legatos
1418 777 1519 809 mittit

887 821 1118 862 Carthaginem
1139 829 1188 862 27.
1223 821 1392 861 Dolopum
1415 824 1520 851 totam

885 869 1015 904 gentem
1038 865 1096 895 sub
1112 865 1161 895 ius
1181 864 1401 904 iudiciumque
1423 874 1519 895 suum

886 907 981 947 cogit,
997 907 1074 939 ibid.
1103 908 1172 938 adit
1192 908 1359 938 oraculum
1379 906 1518 947 Delphi-

885 960 972 988 cum,
983 950 1060 982 ibid.
1086 951 1234 981 Achaeos
1245 950 1387 980 maxime
1399 949 1459 980 sibi
1471 960 1517 980 re-

885 993 1057 1024 conciliare
1080 994 1188 1024 studet
1206 994 1254 1025 28.
1285 992 1437 1024 conciliat
1459 992 1519 1023 sibi

883 1036 1010 1066 animos
1026 1036 1224 1067 Graecorum
1240 1045 1294 1075 42,
1310 1044 1339 1076 5.
1367 1035 1436 1066 eius
1450 1045 1518 1066 sae-

884 1079 974 1116 vitia,
983 1079 1059 1110 ibid.
1083 1080 1125 1110 ad
1141 1089 1216 1110 eum
1232 1079 1328 1119 legati
1343 1078 1517 1109 mittuntur

884 1121 993 1152 Roma
1007 1120 1037 1153 6.
1062 1122 1227 1153 Eumenes
1241 1132 1316 1153 eum
1332 1125 1518 1161 suspectum

884 1164 962 1195 facit
979 1165 1137 1196 Romanis
1156 1175 1188 1195 11
1209 1169 1241 1195 et
1260 1174 1309 1195 12.
1338 1168 1371 1195 et
1390 1165 1517 1195 bellum

883 1207 1036 1238 adversus
1066 1208 1140 1238 eum
1171 1208 1284 1238 suadet
1315 1217 1362 1247 13.
1405 1207 1520 1247 legatis

883 1249 954 1280 eius
967 1250 1062 1280 datur
1077 1254 1206 1281 senatus
1226 1260 1272 1288 14.
1301 1251 1343 1281 ad
1360 1249 1518 1281 Eumenis

882 1293 1015 1323 caedem
1039 1293 1210 1324 sceleratos
1230 1294 1386 1332 quosdam
1410 1294 1519 1324 subor-

881 1339 938 1366 nat
958 1345 1005 1375 15.
1031 1346 1088 1376 per
1103 1336 1260 1367 veneficia
1274 1336 1407 1376 grassari
1423 1346 1517 1366 cona-

880 1379 981 1410 turin
999 1379 1166 1410 Romanos
1185 1387 1232 1419 17.
1263 1389 1283 1409 a
1301 1384 1414 1409 senatu
1435 1378 1517 1409 iudi-

881 1426 972 1453 catur
981 1422 1063 1452 hosti
1067 1433 1081 1453 s
1095 1432 1106 1452 1
1113 1422 1142 1453 8.
1162 1422 1284 1462 legatos
1291 1422 1432 1453 Romam
1442 1421 1515 1452 mit-

880 1465 920 1495 tit
945 1464 995 1504 36.
1026 1475 1100 1496 cum
1127 1465 1265 1503 Marcio,
1291 1466 1515 1496 Romanorum

881 1508 1000 1548 legato,
1026 1508 1222 1548 colloquitur
1245 1517 1381 1550 39—42.
1416 1507 1517 1538 mittit

881 1551 1004 1591 legatos
1026 1552 1068 1582 ad
1092 1551 1290 1591 Byzantinos
1313 1556 1345 1581 et
1369 1550 1517 1582 Rhodios

882 1592 932 1632 46.
965 1594 1005 1625 de
1023 1604 1129 1625 rerum
1153 1604 1282 1625 suarum
1299 1604 1426 1625 summa
1442 1603 1515 1624 con-

880 1637 987 1668 silium
1012 1637 1110 1668 habet
1131 1646 1181 1676 50.
1218 1637 1319 1677 ipsius
1345 1636 1516 1675 exercitus,

881 1680 1010 1719 triginta
1049 1690 1166 1711 novem
1210 1679 1314 1711 millia
1357 1680 1516 1720 peditum,

881 1727 1034 1763 quattuor
1059 1723 1205 1763 equitum
1234 1731 1284 1762 51.
1331 1723 1517 1753 cohortatur

881 1766 1001 1797 milites
1024 1767 1066 1797 ad
1093 1766 1216 1797 bellum
1241 1775 1290 1805 52.
1321 1766 1354 1796 in
1379 1766 1517 1797 Thessa-

881 1809 957 1840 liam
973 1809 999 1840 it
1013 1818 1063 1848 53.
1087 1810 1254 1840 Romanos
1269 1809 1408 1848 equestri
1424 1819 1515 1848 proe-

880 1852 924 1882 lio
948 1852 1046 1883 vincit
1068 1861 1202 1893 57—59.
1237 1853 1278 1883 ad
1305 1852 1426 1882 milites
1448 1861 1516 1882 ora-

880 1895 1002 1926 tionem
1016 1895 1113 1926 habet
1123 1894 1173 1927 61.
1197 1899 1301 1926 tentat
1315 1905 1440 1935 pacem,
1450 1894 1515 1925 fru-

880 1944 945 1969 stra
971 1937 1021 1969 62.
1061 1943 1165 1970 castrr.
1195 1938 1418 1969 Romanorum
1446 1938 1516 1968 vult

880 1980 1051 2012 incendere
1067 1980 1118 2021 64.
1144 1982 1311 2013 Romanos
1327 1981 1444 2021 passim
1461 1991 1513 2011 va-

879 2029 991 2063 gantes
1006 2025 1160 2065 opprimit
1176 2023 1226 2063 65.
1254 2023 1336 2055 redit
1351 2023 1383 2054 in
1402 2024 1512 2055 Maee-

880 2068 1009 2098 doniam
1027 2067 1080 2107 67.
1108 2078 1175 2099 rem
1193 2077 1343 2108 prospere
1363 2066 1442 2107 gerit
1458 2067 1513 2098 ad-

882 2120 989 2141 versus
1012 2111 1190 2149 Romanos,
1206 2115 1238 2141 et
1256 2110 1288 2141 in
1305 2110 1446 2141 Thracia
1462 2119 1515 2150 43,

879 2165 909 2191 4.
949 2153 1106 2194 Epirotas
1123 2154 1182 2185 sibi
1208 2152 1353 2193 adiungit
1378 2161 1406 2192 5.
1444 2152 1514 2184 eius

879 2196 1010 2227 insidias
1037 2197 1088 2227 vix
1115 2196 1227 2237 effugit
1253 2207 1315 2227 cos.
1342 2196 1515 2234 Hostilius,

878 2239 955 2271 ibid.
985 2240 1018 2270 in
1035 2240 1207 2271 Dardanos
1225 2239 1447 2270 excursionem
1466 2240 1512 2270 fa-

880 2282 934 2320 cit,
950 2282 1026 2315 ibid.
1055 2284 1217 2323 proximas
1234 2282 1421 2323 Illyriorum
1437 2293 1512 2322 gen-

879 2329 927 2356 tes
950 2331 1117 2366 oppugnat
1139 2337 1187 2358 ¹20.
1225 2326 1389 2357 Uscanam
1413 2325 1514 2365 capit,

879 2368 955 2400 ibid.
995 2369 1116 2407 legatos
1138 2370 1178 2400 ad
1196 2369 1365 2406 Gentium,
1384 2368 1513 2408 Illyrio-

878 2422 949 2442 rum
972 2422 1092 2453 regem,
1108 2413 1207 2443 mittit
1224 2421 1274 2444 21.
1309 2411 1446 2442 occurrit
1468 2412 1513 2448 Q.

879 2455 1005 2486 Marcio
1030 2455 1196 2496 Philippo,
1211 2465 1274 2486 cOS.
1291 2466 1343 2494 44,
1360 2465 1388 2486 2.
1419 2465 1512 2485 occu-

879 2502 935 2538 pat
965 2498 1081 2536 aditus,
1107 2499 1183 2530 ibid.
1228 2497 1312 2529 levia
1339 2497 1513 2528 committit

879 2541 1003 2581 proelia
1019 2553 1047 2580 4.
1072 2542 1140 2572 cius
1155 2541 1282 2582 ignavia
1295 2539 1324 2572 6.
1349 2541 1514 2580 trepidans

881 2583 999 2615 Nician
1021 2585 1120 2615 mittit
1138 2585 1274 2621 Pellam,
1290 2588 1325 2614 ut
1343 2594 1453 2623 gazam
1480 2583 1511 2613 in

879 2636 966 2657 mare
982 2627 1122 2665 deficiat,
1140 2626 1358 2659 Andronicum
1377 2627 1513 2657 'l'hcssa-

880 2670 1017 2701 lonicam
1034 2671 1075 2701 ad
1092 2671 1219 2701 navalia
1242 2670 1444 2700 incendenda
1465 2679 1512 2700 10.

880 2717 1002 2752 postca,
1033 2714 1155 2754 pudore
1192 2718 1308 2749 tactus,
1340 2717 1513 2751 utrumque

879 2755 1041 2794 interficit,
1060 2757 1135 2788 ibid.
1168 2757 1297 2787 foedere
1319 2755 1377 2786 sibi
1400 2756 1512 2785 adiun-

877 2798 922 2836 git
937 2799 1092 2830 Gentium
1113 2809 1160 2839 23.
1186 2799 1336 2829 sollicitat
1356 2797 1511 2832 Rhodios,

880 2841 1074 2881 Eumenem,
1097 2847 1127 2873 et
1152 2842 1362 2877 Antiochum,
1382 2839 1456 2870 ibid.
1479 2842 1511 2869 et

880 2894 928 2924 24.
964 2885 1032 2915 cius
1054 2885 1188 2916 avaritia
1206 2883 1255 2916 26.
1291 2888 1414 2914 recusat
1433 2882 1510 2912 Gul-

879 2927 982 2959 lomm
1011 2927 1145 2966 auxilia,
1171 2927 1248 2960 ibid.
1287 2925 1444 2958 Gentium
1478 2924 1512 2955 in
