1888 3194
369 207 453 248 266
886 201 1260 246 ΕΡῙΤΟΜΑΕ

363 295 410 336 in
448 292 591 336 Sicilia
625 292 822 349 primum,
859 291 1013 335 deinde
1051 301 1181 335 totam
1215 291 1477 349 provinciam
1514 286 1764 345 occupavit:

364 351 587 407 occisoque
611 351 665 392 A.
681 349 887 407 Pompeio
917 350 1146 407 Bithynico
1174 358 1377 406 praetore,
1405 349 1458 397 Q.
1477 346 1768 390 Salvidienum

363 409 550 465 legatum
573 408 762 450 Caesaris
790 407 927 449 navali
955 408 1115 464 proelio
1136 408 1248 449 vicit.
1313 408 1467 448 Caesar
1487 414 1530 447 et
1551 402 1767 446 Antonius

364 481 462 508 cum
495 465 749 507 exercitibus
783 465 830 506 in
866 465 1088 506 Graeciam
1124 465 1393 514 traiecerunt,
1426 463 1585 505 bellum
1621 467 1768 502 eontra.

365 523 548 564 Brutum
581 531 624 564 et
650 522 842 564 Cassium
871 523 1040 578 gesturi.
1108 522 1162 570 Q.
1183 522 1437 563 Cornificius
1467 521 1512 561 in
1537 519 1684 561 Africa
1712 516 1764 558 Τ.

369 579 574 630 Sextium,
599 580 894 622 Cassianarum
915 579 1097 635 partium
1119 579 1285 629 ducem,
1307 578 1468 635 proelio
1488 577 1600 619 vicit.

959 804 1173 847 CXXIV.

369 924 419 965 C.
447 922 696 964 CAESAR
733 930 777 963 et
810 922 1027 963 Antonius
1063 921 1175 977 apud
1208 920 1429 978 Philippos
1461 921 1575 962 vario
1611 927 1766 962 eventu

365 981 561 1022 adversus
594 979 775 1021 Brutum
808 988 850 1020 et
885 979 1075 1020 Cassium
1109 987 1416 1035 pugnaverunt,
1450 979 1509 1020 ita
1538 986 1586 1020 ut
1616 977 1766 1019 dextra

365 1038 577 1093 utrimque
609 1052 767 1078 cornua
787 1036 1017 1086 vincerent,
1040 1045 1082 1077 et
1113 1045 1246 1077 castra
1273 1051 1442 1092 quoque
1471 1036 1684 1091 utrimque
1712 1035 1764 1076 ab

363 1096 427 1145 iis,
464 1095 539 1150 qui
579 1095 776 1144 vicerant,
814 1102 1171 1149 expugnarentur.
1252 1092 1337 1134 Sed
1376 1092 1643 1149 inaequalem
1682 1092 1765 1134 for-

364 1162 512 1193 tunam
542 1152 726 1208 partium
756 1166 866 1192 mors
890 1151 1023 1192 Cassii
1044 1150 1168 1191 fecit:
1203 1150 1289 1206 qui,
1313 1165 1445 1206 quum
1476 1151 1520 1192 in
1552 1165 1602 1192 eo
1633 1164 1766 1191 cornu

364 1210 523 1259 fuisset,
556 1209 671 1265 quod
701 1208 870 1264 pulsum
901 1216 1002 1257 erat,
1035 1216 1170 1248 totum
1202 1208 1432 1248 exercitum
1463 1207 1602 1248 fusum
1635 1215 1762 1256 ratus,

364 1274 543 1307 mortem
577 1266 655 1307 sibi
688 1265 901 1306 conscivit.
965 1264 1115 1305 Altero
1149 1263 1304 1305 deinde
1337 1264 1497 1320 proelio
1529 1264 1664 1305 victus
1697 1264 1761 1305 M.

365 1323 523 1364 Brutus
543 1331 586 1363 et
606 1323 694 1378 ipse
715 1323 844 1363 vitam
864 1322 1014 1371 finivit,
1038 1329 1210 1362 exorato
1235 1321 1427 1363 Stratone
1448 1321 1571 1377 fugae
1593 1321 1762 1370 comite,

365 1388 412 1421 ut
432 1380 510 1420 sibi
530 1379 718 1435 gladium
739 1379 949 1435 adigeret:
984 1378 1183 1434 idemque
1205 1379 1396 1420 fecerunt
1416 1378 1656 1434 principum
1674 1377 1764 1419 Ro-

363 1451 584 1478 manorum
620 1437 784 1478 circiter
817 1435 1107 1492 quadraginta,
1141 1435 1252 1476 inter
1285 1451 1389 1491 quos
1429 1435 1482 1486 Q.
1509 1435 1762 1476 Hortensius

365 1503 465 1535 erat.

967 1660 1155 1702 CXXV.

367 1777 416 1819 C.
440 1775 704 1826 CAESAR,
727 1775 873 1817 relicto
894 1785 1005 1816 trans
1027 1790 1140 1816 mare
1163 1775 1368 1825 Antonio,
1392 1790 1500 1832 quae
1521 1775 1761 1831 provinciae

364 1850 417 1876 ex
438 1834 665 1890 partitione
686 1833 854 1889 imperii
874 1833 918 1873 in
939 1841 1191 1889 potestatem
1217 1833 1307 1873 eius
1331 1841 1552 1883 cesserant,
1574 1848 1762 1875 reversus

365 1892 410 1932 in
431 1891 596 1932 Italiam
618 1890 825 1932 veteranis
847 1904 965 1945 agros
987 1890 1139 1931 divisit.
1196 1889 1433 1931 Seditiones
1454 1890 1663 1931 exercitus
1683 1891 1761 1941 s'ui,

366 1964 470 2005 quas
491 1948 677 2004 corrupti
698 1963 722 1988 a
743 1947 903 1996 Fulvia,
934 1947 997 1988 M.
1017 1947 1198 1988 Antonii
1225 1961 1367 1996 uxore,
1390 1946 1544 1988 milites
1564 1947 1763 1988 adversus

365 2006 663 2061 imperatorem
696 2019 818 2044 suum
850 2003 1173 2052 concitaverant,
1205 2018 1302 2044 cum
1334 2003 1450 2058 gravi
1480 2003 1667 2059 periculo
1697 2004 1763 2045 in-

366 2062 516 2103 hibuit.
594 2061 643 2101 L.
670 2060 883 2101 Antonius
924 2059 1083 2109 consul,
1125 2061 1188 2100 M.
1213 2060 1392 2100 Antonii
1431 2059 1570 2110 frater,
1612 2060 1762 2102 eadem

367 2118 514 2159 Fulvia
556 2116 815 2166 consiliante,
857 2116 1014 2157 bellum
1057 2116 1222 2158 Caesari
1274 2116 1444 2165 intulit3
1495 2117 1674 2173 receptis
1715 2118 1762 2159 in

366 2182 504 2230 partes
525 2189 618 2214 suas
645 2173 824 2229 populis,
847 2188 1027 2228 quorum
1054 2173 1142 2229 agri
1170 2175 1377 2214 veteranis
1404 2174 1601 2230 assignati
1627 2183 1759 2226 erant,

367 2240 409 2273 et
437 2232 499 2272 M.
520 2230 698 2286 Lepido,
722 2231 795 2286 qui
824 2230 1037 2272 custodiae
1066 2231 1180 2272 urbis
1211 2245 1306 2272 cum
1338 2231 1526 2273 exercitu
1556 2240 1759 2288 praeerat,

365 2289 470 2338 fuso,
492 2287 701 2329 hostiliter
721 2288 765 2328 in
786 2288 934 2329 urbem
956 2288 1116 2344 irrupit.

953 2512 1162 2553 CXXVI.

371 2622 419 2663 C.
439 2620 699 2671 CAESAR,
719 2637 849 2677 quum
872 2630 980 2663 esset
999 2637 1205 2664 annorum
1221 2623 1370 2679 viginti
1393 2623 1531 2672 trium,
1547 2624 1759 2665 obsessum

367 2680 410 2719 in
452 2678 607 2734 oppido
648 2678 822 2719 Perusia
857 2678 906 2719 L.
928 2680 1178 2728 Antonium,
1216 2688 1497 2735 conatumque
1538 2680 1758 2735 aliquoties

368 2749 599 2790 erumpere,
622 2744 665 2775 et
692 2735 917 2791 repulsum,
939 2736 1047 2776 fame
1076 2736 1214 2791 coegit
1240 2736 1284 2776 in
1305 2736 1566 2777 deditionem
1587 2737 1754 2778 venire:

368 2793 531 2849 ipsique
554 2800 596 2832 et
617 2792 811 2833 omnibus
833 2792 1033 2833 militibus
1049 2793 1138 2833 eius
1154 2792 1325 2848 ignovit.
1373 2792 1590 2834 Perusiam
1607 2793 1754 2835 diruit:

368 2849 630 2904 redactisque
667 2849 710 2889 in
746 2857 997 2905 potestatem
1033 2864 1150 2890 suam
1186 2849 1379 2891 omnibus
1411 2849 1596 2891 diversae
1629 2850 1758 2906 partis

368 2907 633 2956 exercitibus,
656 2906 813 2948 bellum
834 2907 937 2948 citra
959 2905 1089 2947 ullum
1112 2907 1357 2962 sanguinem
1380 2907 1570 2948 confecit.
