1888 3194
703 192 999 230 INDEX.

201 271 270 303 lum
289 267 447 302 indictum
471 275 500 308 7,
523 277 570 309 19.
595 276 705 298 eorum
728 266 826 307 legati

201 315 413 355 deprecantur
431 311 554 342 bellum
579 319 628 341 20.
650 309 825 349 impetrant

200 366 327 397 pacem,
341 354 420 385 ibid.
442 353 587 385 Caerites
604 353 739 383 delubra
760 351 825 382 Ve-

199 403 279 436 stae,
297 397 472 437 hospitium
496 395 663 426 flaminum
686 394 825 425 Vestali-

198 450 318 480 umque
328 439 491 477 invocant,
501 438 578 469 ibid.
592 437 737 468 indutiae
749 447 824 468 cum

198 483 238 514 iis
261 483 366 514 factae
394 482 428 512 in
451 485 583 512 centum
611 490 722 518 annos,
747 480 823 510 ibid.

198 525 382 566 Scipionem
397 524 510 555 iuvant
523 523 558 554 in
573 523 716 554 ornanda
725 523 826 554 classe

200 569 252 606 28,
264 578 314 608 45-

157 610 286 650 Caicus,
301 610 405 642 amnis
417 616 468 649 37,
488 609 534 641 18.

156 654 283 692 Caieta,
300 653 386 685 Latii
401 652 559 693 oppidum
575 663 627 692 40,
645 662 673 684 2.

157 696 311 730 Calabria
328 706 378 737 23,
395 704 445 735 34.
470 705 522 734 42,
539 696 588 733 48.

157 740 352 781 Calagurris,
363 738 520 779 oppidum
533 738 768 770 Celtiberorum
779 747 830 779 39,

201 792 251 814 21.

157 825 353 863 Calathana,
368 824 457 856 vicus
473 834 524 865 32,
544 834 589 865 13.

158 869 288 901 Calatia
307 878 339 910 9,
360 877 388 906 2,
410 868 458 899 28.
484 877 534 907 23,
559 877 604 905 14.
629 876 681 905 42,
703 876 751 898 20.
775 875 826 906 45,

204 909 251 943 16.
275 914 423 950 captatur
437 921 457 941 a
477 910 634 941 Romanis
653 919 684 951 9,
702 910 750 940 28.
774 919 828 940 ex-

200 959 362 995 pugnatur
375 964 394 984 a
410 953 607 984 Samnitibus
618 961 668 992 43.
691 953 724 983 in
740 951 826 982 dedi-

200 996 322 1028 tionem
345 996 503 1036 accipitur
524 995 574 1033 26,
594 994 640 1026 16.
666 995 827 1027 Calatiam

199 1039 336 1079 migrare
364 1039 514 1069 iubentur
544 1038 688 1068 Atellani
720 1046 770 1077 27,
798 1046 826 1076 3.

200 1081 348 1114 Calatiae
377 1090 486 1111 muros
511 1081 658 1111 reficiunt
685 1090 830 1111 censores

227 1134 254 1163 1,
293 1134 320 1155 2.

159 1134 302 1200 0313111311
323 1166 478 1198 deficiunt
499 1167 540 1197 ad
564 1166 692 1197 Poenos
708 1174 759 1203 22,
777 1163 828 1196 61.

202 1210 325 1241 dedunt
339 1220 372 1241 se
389 1208 546 1241 Romanis
563 1207 613 1246 26,
634 1207 680 1240 16.

159 1253 328 1285 Calatinus
343 1262 418 1293 ager
434 1261 484 1289 22,
504 1260 551 1290 13.

161 1295 288 1328 Novius
303 1295 456 1327 Calavius
471 1295 658 1334 Campanus
673 1303 704 1334 9,
721 1292 770 1325 26.

161 1338 279 1371 Ofilius
293 1338 446 1370 Calavius
461 1338 650 1377 Campanus
664 1346 696 1378 9,
714 1344 741 1376 7.

161 1381 263 1414 Ovius
278 1381 432 1413 Calavius
447 1381 634 1420 Campanus
649 1389 680 1420 9,
698 1377 746 1410 26.

162 1424 239 1456 Pac.
255 1424 410 1456 Calavius
445 1427 593 1454 senatum
623 1422 831 1462 Campanum

203 1466 262 1498 sibi
279 1471 311 1497 et
335 1465 421 1506 plebi
442 1465 617 1496 obnoxium
635 1465 711 1495 facit
736 1473 786 1503 23,
804 1474 834 1501 2,

205 1519 234 1549 3.
259 1509 362 1540 filium
381 1509 541 1540 Perollam
558 1509 712 1539 absterret
726 1508 767 1537 ab
783 1517 834 1537 oc-

206 1552 342 1584 cidendo
360 1552 547 1582 Hannibale
563 1560 592 1591 9.

162 1595 369 1628 Calaviorum
383 1595 494 1625 fraude
509 1592 692 1625 incendium
706 1593 832 1624 Romae

205 1642 310 1668 ortum
329 1636 380 1675 26,
397 1647 447 1677 27.

163 1681 317 1713 Calendis
354 1679 576 1716 Quinctilibus
611 1678 833 1718 magistratum

205 1723 370 1764 occipiunt
391 1723 462 1754 trib.
482 1722 575 1753 milit.
599 1721 756 1752 consulari
779 1732 833 1761 po-

206 1770 322 1797 testate
344 1777 372 1806 5,
392 1775 441 1805 32·
470 1766 501 1803 8,
519 1775 567 1796 20.
595 1765 663 1795 dies
683 1775 710 1795 a.
728 1765 758 1795 d.
776 1773 831 1794 xv.

206 1810 369 1841 Calendas
384 1808 522 1840 Sextiles
537 1807 659 1847 duplici
679 1808 771 1838 clade
787 1807 832 1837 in-

206 1851 303 1891 signis
313 1850 345 1889 6,
355 1861 380 1883 1.
397 1851 550 1883 Calendis
563 1850 757 1881 Octobribus
767 1860 832 1880 ma-

205 1895 357 1935 gistratus
378 1894 476 1924 initus
497 1902 526 1933 5,
542 1903 572 1934 9.
601 1893 766 1925 calendae
786 1892 832 1922 in-

206 1937 378 1968 tercalares
393 1946 445 1976 43,
466 1946 511 1976 13.

164 1980 292 2018 Caleni,
309 1980 420 2020 populi
442 1989 490 2016 10,
507 1989 556 2010 20.

165 2023 308 2054 Calenus
321 2033 396 2063 ager
416 2032 463 2059 10,
482 2032 531 2053 20.
557 2031 607 2059 22,
628 2031 675 2060 13.

165 2065 262 2098 Cales
282 2066 356 2096 urbs
376 2067 406 2103 8,
427 2063 473 2096 16.
499 2074 549 2102 22,
570 2073 615 2104 15.
642 2074 692 2104 23,
709 2074 758 2104 31.
784 2073 834 2102 24,

208 2116 258 2149 45.
285 2107 336 2146 26,
354 2118 384 2150 9.
412 2116 461 2148 15,
481 2106 526 2138 16.
553 2116 603 2146 27,
619 2117 648 2149 9.
673 2107 798 2147 capitur
816 2118 835 2137 a

209 2151 368 2183 Romanis
391 2151 422 2189 8,
448 2149 493 2181 16.
526 2160 564 2181 eo
589 2150 759 2180 deducitur
785 2160 835 2180 co-

208 2194 306 2232 lonia,
323 2194 398 2225 ibid.
415 2198 447 2225 et
466 2193 498 2231 8,
517 2202 562 2233 17.
594 2202 644 2233 27,
660 2203 689 2234 9.
719 2193 759 2223 de
775 2194 835 2224 Ca-

209 2237 304 2274 libus,
335 2237 421 2277 quod
450 2235 622 2277 pecuniam
654 2235 836 2275 militesque

210 2279 369 2311 Romanis
392 2283 557 2320 negarant,
581 2278 836 2310 senatusconsul-

209 2325 280 2353 tum
299 2331 351 2364 29,
371 2331 417 2363 15.

168 2365 360 2397 Caletranus
375 2375 450 2404 ager
465 2374 516 2406 39,
533 2373 582 2405 35.

168 2408 306 2440 Calidae
321 2418 435 2448 aquae,
452 2408 540 2438 locus
557 2417 608 2447 3ο,
625 2417 675 2447 24.

167 2451 349 2483 Callicinus
363 2451 509 2481 tumulus
524 2460 577 2489 42,
594 2451 644 2490 58.

169 2493 360 2526 Callicrates
381 2502 432 2532 45,
455 2503 504 2532 31.
535 2492 604 2523 eius
627 2497 738 2524 contra
765 2494 840 2524 Per-

211 2547 300 2568 seum
318 2537 419 2567 oratio
436 2546 487 2575 41,
506 2538 556 2567 28.

169 2579 355 2612 Callicritus
379 2579 567 2615 Thebanus,
591 2578 729 2609 civitatis
756 2578 839 2619 prin-

212 2633 299 2663 ceps,
314 2622 500 2653 interfectus
514 2633 534 2652 a
552 2622 668 2653 Perseo
684 2632 736 2661 42,
758 2632 792 2662 13
809 2627 841 2652 et

213 2675 265 2705 40.

171 2707 346 2745 Callicula,
360 2718 453 2739 mons
470 2717 520 2746 22,
541 2716 589 2747 15,
610 2707 656 2739 16.

172 2750 393 2823 Calgiromon,
413 2761 567 2782 cacumen
594 2750 712 2781 montis
737 2751 842 2782 Oetae

217 2802 235 2831 3
259 2815 269 2829 ⁹
289 2801 336 2832 ¹5³
356 2793 402 2825 ¹6·

173 2834 324 2871 Callifae,
339 2836 494 2876 oppidum
512 2837 543 2872 8,
561 2845 610 2875 25.

171 2876 367 2915 Calligenes,
383 2878 526 2910 medicus
543 2879 688 2920 Philippi
707 2890 759 2918 4ο,
776 2879 826 2921 56.

174 2919 376 2959 Callipeuce,
390 2921 491 2952 saltus
506 2932 558 2959 44,
575 2930 603 2960 5.

870 266 1042 340 Call6ipolis
1052 267 1244 299 Chersonesi
1257 277 1309 308 31,
1326 269 1372 301 16.
1389 269 1540 301 Aetoliae

913 318 932 349 3
955 332 965 346 ⁹
982 319 1031 350 30·

869 351 1054 392 Callippus,
1079 353 1260 393 praefectus
1289 353 1398 385 classis
1427 354 1537 386 Mace-

912 395 1047 426 donicae
1062 406 1114 434 44,
1132 397 1181 427 28.

868 437 1058 476 Callithera,
1071 439 1228 478 oppidum
1245 447 1296 478 32,
1316 448 1363 478 13.

869 480 976 518 Calto,
990 481 1134 520 aequalis
1150 481 1344 522 Hieronymi
1362 491 1412 520 24,
1429 488 1458 521 5.

870 523 1032 555 Calonum
1052 523 1123 554 loco
1141 524 1413 564 spectatissimum
1429 533 1539 564 quem-

914 575 976 606 que
992 576 1067 597 cum
1083 567 1196 607 legatis
1211 567 1252 598 ad
1268 567 1452 607 Syphacem
1467 566 1540 597 mit-

914 608 954 640 tit
970 609 1080 649 Scipio
1096 619 1148 649 30,
1164 620 1193 648 4.

873 652 971 683 Calor
985 652 1102 683 fluvius
1118 662 1169 691 24,
1189 662 1236 691 14.
1261 660 1313 692 25,
1332 659 1380 692 17.

873 695 1070 735 Calpurnius
1086 695 1237 726 Flamma
1252 705 1304 732 22,
1319 694 1370 727 60.

874 738 912 769 C.
929 738 1126 778 Calpurnius
1142 748 1193 775 22,
1207 736 1258 770 61.

871 781 909 812 C.
926 781 1124 821 Calpurnius
1154 781 1229 812 Piso
1259 785 1387 821 praetor
1415 783 1541 812 creatur

915 831 966 862 25,
982 833 1032 862 41.
1057 828 1185 864 praetor
1204 825 1345 855 urbanus
1367 822 1417 862 26,
1437 833 1486 861 10,
1505 830 1541 862 15

913 871 946 897 et
972 876 1020 897 21.
1050 870 1216 907 prorogato
1240 865 1376 907 imperio
1402 866 1541 897 mittitur

913 909 946 939 in
971 909 1134 940 Etruriam
1161 910 1208 940 28.
1239 910 1373 950 Capuae
1397 914 1430 940 et
1453 918 1542 940 exer-

914 952 992 982 citui
1008 952 1192 992 praeficitur
1210 961 1260 992 27,
1272 951 1301 984 6.
1322 952 1439 983 iterum
1452 961 1542 991 prae-

914 995 1021 1025 ficitur
1047 995 1196 1026 Etruriae
1223 1004 1249 1035 7.
1288 998 1475 1035 propraetor
1500 994 1543 1025 ad

914 1042 1060 1068 senatum
1099 1039 1140 1069 de
1174 1038 1322 1069 Etruriae
1359 1037 1542 1068 defectione

917 1080 1025 1110 scribit
1043 1090 1090 1111 21.

875 1123 913 1154 C.
930 1123 1128 1162 Calpurnius
1159 1123 1234 1155 Piso
1264 1127 1389 1154 creatur
1418 1126 1547 1163 praetor

917 1174 969 1206 39,
987 1164 1016 1196 6.
1045 1166 1174 1196 sortitur
1198 1166 1392 1205 Hispaniam
1415 1165 1545 1196 ulterio-

916 1217 984 1238 rem
1006 1209 1024 1238 8
1045 1212 1077 1239 et
1099 1218 1148 1239 21.
1172 1208 1240 1239 eius
1260 1209 1293 1238 in
1311 1208 1473 1248 Hispania
1496 1217 1547 1238 res

915 1254 1024 1290 gestae
1051 1260 1092 1289 3ο
1116 1255 1148 1282 et
1173 1260 1223 1290 31.
1258 1251 1298 1281 de
1323 1250 1486 1281 Lusitanis
1512 1254 1545 1281 et

918 1293 1089 1325 Celtiberis
1118 1293 1298 1333 triumphat
1328 1303 1378 1332 42.
1421 1296 1548 1324 creatur

917 1336 1066 1366 triumvir
1089 1336 1236 1367 coloniae
1260 1336 1469 1367 deducendae
1494 1345 1548 1373 40,

920 1389 969 1420 29.
994 1389 1056 1410 cos.
1073 1387 1123 1418 35.
1146 1379 1282 1410 moritur
1299 1387 1350 1418 37.
1374 1378 1442 1409 eius
1461 1388 1548 1409 mors

920 1426 1082 1462 suspecta,
1097 1422 1175 1453 ibid.

879 1464 917 1497 L.
934 1465 1143 1505 Calpurnius,
1158 1465 1282 1505 legatus
1297 1465 1395 1496 Rom.
1411 1465 1453 1495 ad
1474 1474 1548 1495 con-

922 1507 1032 1538 cilium
1049 1508 1253 1539 Achaeorum
1271 1517 1323 1547 32,
1342 1517 1389 1549 19.

880 1551 1097 1590 Calycadnus,
1113 1550 1366 1590 promontorium
1384 1550 1436 1590 38,
1448 1549 1499 1589 38.

877 1594 1028 1633 Calydon
1046 1592 1097 1632 36,
1119 1603 1165 1625 11.

877 1636 1062 1674 Cambunii,
1077 1639 1204 1667 montes
1219 1645 1271 1674 42,
1290 1644 1339 1675 53.
1365 1646 1416 1674 44,
1435 1645 1462 1667 2.

877 1679 1017 1716 Cameli,
1033 1689 1113 1718 quos
1131 1679 1301 1710 dromadas
1322 1682 1448 1716 vocant,
1471 1681 1547 1709 ante

920 1721 1100 1761 equitatum
1118 1721 1268 1752 Antiochi
1289 1730 1340 1761 37,
1357 1731 1406 1759 40.

877 1764 1028 1796 Cameria
1053 1775 1073 1795 a.
1099 1764 1276 1804 Tarquinio
1304 1765 1356 1796 Pr.
1385 1767 1492 1804 capta,
1521 1772 1550 1801 1,

877 1851 1010 1882 Camers
1036 1850 1126 1888 olim,
1151 1861 1237 1881 nunc
1261 1849 1411 1882 Clusium
1437 1849 1547 1890 appe-l-

922 1894 1023 1924 latum
1044 1903 1091 1929 10,
1110 1903 1158 1932 24.

878 1937 1046 1968 Camertes
1064 1936 1179 1967 Umbri
1196 1946 1227 1977 9,
1245 1934 1293 1976 36.
1319 1936 1370 1973 28,
1386 1943 1436 1974 45.

878 1980 1115 2011 Camoenarum
1134 1980 1224 2009 lucus
1245 1989 1270 2016 1,
1289 1989 1337 2010 21.

879 2023 1049 2062 Campana
1065 2021 1146 2061 legio
1162 2032 1282 2062 poenas
1297 2022 1353 2052 dat
1370 2020 1421 2057 28,
1439 2021 1487 2052 28.

879 2065 1060 2104 Campania
1080 2075 1107 2102 2,
1124 2074 1173 2103 52.
1199 2064 1364 2105 provincia
1384 2064 1492 2095 evenit
1510 2064 1549 2095 C.

924 2108 1049 2138 Marcio
1067 2108 1182 2138 Rutilo
1201 2116 1229 2147 7,
1245 2108 1294 2146 38.

880 2150 1053 2190 Campani,
1083 2150 1183 2181 iuncti
1218 2149 1379 2188 Sidicinis,
1409 2150 1550 2190 compel-

923 2194 1034 2224 luntur
1055 2204 1075 2223 a
1098 2193 1296 2224 Samnitibus
1318 2193 1401 2224 intra
1424 2193 1552 2224 moenia

923 2247 980 2267 sua
1004 2245 1032 2276 7,
1053 2246 1100 2277 29.
1128 2236 1166 2266 iis
1190 2236 1373 2276 petentibus
1392 2236 1552 2267 auxilium

923 2290 943 2310 a
968 2279 1125 2310 Romanis
1147 2283 1292 2318 negatur,
1308 2279 1383 2309 ibid.
1405 2283 1438 2309 et
1459 2287 1500 2317 30
1520 2282 1553 2309 et

926 2331 977 2361 31.
1000 2332 1034 2353 se
1049 2322 1171 2352 dedunt
1188 2321 1356 2359 Romanis,
1372 2321 1449 2352 ibid.
1468 2325 1500 2352 et
1521 2322 1553 2359 8,

930 2375 976 2396 11.
1009 2365 1190 2396 multantur
1212 2375 1298 2405 agro,
1323 2364 1399 2396 ibid.
1429 2364 1555 2404 equites

927 2407 1085 2448 Campani
1103 2412 1193 2438 extra
1215 2418 1352 2448 poenam
1374 2411 1460 2445 sunt,
1477 2407 1553 2439 ibid.

925 2451 964 2481 iis
991 2451 1104 2482 civitas
1129 2450 1197 2482 sine
1223 2450 1372 2490 suffragio
1399 2451 1475 2481 data
1506 2460 1553 2488 14.

927 2493 1088 2533 Campani
1126 2497 1255 2524 senatus
1295 2493 1482 2533 obsequium
1520 2493 1554 2524 in

928 2537 1068 2577 plebem,
1084 2540 1116 2567 et
1139 2536 1242 2576 plebis
1262 2536 1392 2567 licentia
1410 2545 1460 2575 23,
1478 2545 1508 2574 2,
1524 2548 1555 2574 4.

928 2580 1062 2610 mittunt
1086 2580 1207 2619 legatos
1228 2580 1269 2610 ad
1288 2579 1466 2610 Varronem
1491 2590 1554 2611 cos.

927 2622 1002 2653 ibid.
1026 2623 1067 2653 ad
1083 2632 1137 2653 cos
1152 2622 1253 2653 oratio
1269 2621 1409 2653 consulis
1425 2631 1452 2660 5.
1477 2622 1555 2652 dcii-

927 2665 1014 2695 ciunt
1037 2666 1077 2696 ad
1102 2665 1320 2696 Hannibalem
1341 2673 1367 2704 7.
1398 2665 1555 2695 suffocant

930 2709 1095 2739 Romanos
1120 2708 1152 2738 in
1179 2708 1313 2745 balneis,
1340 2708 1416 2739 ibid.
1450 2707 1554 2747 oppri-

928 2755 1060 2782 muntur
1087 2759 1137 2790 35.
1173 2751 1371 2791 recipiuntur
1398 2750 1429 2780 in
1460 2751 1554 2780 tidem

930 2804 980 2832 24,
993 2802 1042 2834 47.
1069 2798 1183 2824 vocant
1201 2794 1419 2824 Hannibalem
1445 2801 1493 2830 25,
1511 2802 1555 2830 ¹5·

928 2836 1044 2867 obsessi
1057 2848 1077 2867 a
1091 2836 1258 2870 Romanis.
1271 2840 1344 2866 sunt
1361 2835 1558 2874 equestribus

930 2879 1058 2920 proeliis
1072 2879 1206 2910 victores
1221 2878 1271 2915 26,
1284 2889 1312 2916 4.
1336 2879 1376 2908 dc
1393 2875 1556 2916 republica

929 2933 986 2953 sua
998 2922 1169 2961 desperant
1187 2930 1232 2952 12.
1256 2920 1434 2952 deliberant
1447 2919 1488 2950 de
1503 2919 1555 2949 do-
