1888 3194
338 173 420 210 238
849 169 1221 211 EPITOMAE

342 258 544 301 Cornelio
572 259 775 309 Nasica,
765 275 809 300 m
838 259 1051 316 Capitolio
1082 260 1134 300 ab
1166 259 1435 315 optimatibus
1466 258 1625 300 occisus
1655 266 1729 307 est,

340 316 448 358 ictus
468 316 650 372 primum
670 317 913 382 fragmentis
933 316 1236 366 subselliorum,
1260 324 1303 357 et
1323 316 1433 357 inter
1454 315 1568 365 alios,
1591 315 1664 370 qui
1686 315 1730 355 in

339 372 485 414 eadem
502 373 708 415 seditione
725 375 850 415 occisi
866 383 996 423 erant,
1014 373 1273 438 insepultus'
1264 388 1307 414 in
1324 373 1484 414 fiumen
1504 372 1727 428 proiectus.

341 429 427 471 Res
460 439 675 486 praeterea
710 431 753 471 in
789 430 930 472 Sicilia
963 430 1075 471 vario
1111 445 1161 470 61
1163 439 1267 471 entu
1303 430 1498 471 adversus
1533 429 1730 485 fugitivos

338 496 475 543 gestas
497 487 695 529 continet.

972 654 1093 695 LIX.

339 767 727 817 NUMANTINI,
749 767 856 808 fame
887 767 1034 816 coacti,
1060 767 1139 823 ipsi
1172 782 1215 808 se
1248 782 1323 823 per
1348 768 1483 808 vicem
1515 768 1729 809 tradentes

338 825 663 866 trucidaverunt.
729 824 908 880 Captam
945 824 1091 865 urbem
1127 823 1267 880 Scipio
1301 824 1527 865 Africanus
1559 824 1728 874 delevit,

337 890 379 922 et
411 881 463 922 de
497 897 546 922 ea
579 881 863 938 triumphavit,
898 889 1046 937 quarto
1078 880 1243 922 decimo
1278 896 1389 922 anno
1421 890 1516 937 post
1551 880 1730 922 Cartha-

335 938 478 994 ginem
500 938 694 980 deletam.
741 938 788 979 P.
808 938 1005 994 Rupilius
1027 937 1203 980 consul
1193 953 1236 978 1n
1262 937 1404 979 Sicilia
1424 953 1521 979 cum
1541 938 1729 995 fugitivis

337 995 572 1037 debellavit.
635 995 956 1045 Aristonicus,r
936 995 1044 1052 regis
1066 995 1270 1036 Eumenis
1291 995 1414 1045 filius,
1437 995 1584 1036 Asiam
1605 1010 1730 1037 occu-

337 1054 478 1108 pavit3
512 1068 657 1108 quum,
692 1061 941 1094 testamento
974 1030 1110 1094 Attali
1141 1052 1250 1108 regis
1283 1052 1419 1109 legata
1449 1052 1607 1109 populo
1640 1052 1729 1094 Ro-

335 1124 472 1160 mano,
514 1110 645 1152 libeia
684 1125 772 1151 esse
814 1109 997 1152 deberet.
1062 1109 1278 1151 Adversus
1318 1125 1416 1151 eum
1457 1109 1504 1150 P.
1535 1109 1728 1151 Licinius

338 1167 512 1208 Crassus
539 1167 697 1217 consul,
720 1182 852 1223 quum
880 1167 993 1208 idem
1020 1166 1212 1223 pontifex
1241 1167 1448 1207 maximus
1469 1175 1589 1216 esset,
1612 1165 1728 1223 quod

335 1238 555 1280 nunquam
575 1232 699 1266 antea
714 1225 870 1265 factum
891 1232 990 1274 erat,
1008 1233 1127 1265 extra
1142 1222 1307 1264 Italiam
1328 1224 1549 1279 profectus,
1567 1223 1728 1280 proelio

335 1281 469 1322 victus
497 1290 539 1322 et
566 1281 726 1322 occisus
753 1290 826 1322 est.
890 1280 951 1322 Μ.
971 1256 1186 1337 Perperna
1212 1280 1359 1322 consul
1383 1281 1540 1322 victum
1562 1281 1727 1322 Aristo-

335 1338 478 1380 nicum
508 1338 552 1379 in
577 1338 838 1380 deditionem
867 1338 1039 1394 accepit.
1105 1338 1158 1386 Q.
1178 1337 1406 1393 Pompeius
1430 1346 1472 1379 et
1496 1337 1550 1386 Ω.
1569 1336 1728 1379 Metel-

335 1394 411 1444 lus,
435 1404 535 1436 tunc
563 1396 747 1451 primum
775 1404 952 1450 uterque
981 1410 1033 1436 ex
1061 1394 1183 1451 plebe
1205 1395 1302 1436 facti
1324 1409 1527 1444 censores,
1549 1394 1726 1436 lustrum

335 1451 629 1493 condiderunt.
694 1453 833 1494 Censa
863 1461 960 1493 sunt
990 1452 1146 1493 civium
1176 1452 1312 1507 capita
1342 1460 1530 1492 trecenta
1559 1460 1726 1507 septen-

335 1508 472 1550 decim
508 1509 650 1558 millia,
684 1509 926 1565 octingenta
960 1509 1110 1565 viginti
1146 1509 1235 1558 tria,
1270 1516 1435 1564 praeter
1467 1507 1648 1564 pupillos
1683 1516 1727 1550 et

335 1565 493 1607 viduas.
559 1565 612 1614 Ω.
634 1565 835 1607 Metellus
863 1581 1010 1607 censor
1037 1566 1212 1614 censuit,
1235 1574 1283 1606 ut
1307 1580 1453 1606 omnes
1476 1572 1728 1621 cogerentur

334 1622 488 1663 ducere
511 1638 674 1672 uxores,
696 1622 922 1664 liberorum
945 1622 1222 1664 creandorum
1242 1637 1375 1664 causa.
1425 1621 1575 1664 Exstat
1594 1622 1726 1664 oratio

334 1679 436 1729 eius,
459 1694 586 1735 quam
607 1682 827 1736 Augustus
855 1680 1023 1729 Caesar,
1049 1695 1181 1736 quum
1209 1679 1262 1720 de
1294 1679 1538 1720 maritandis
1568 1679 1726 1720 ordini-

334 1736 412 1777 bus
451 1744 607 1792 ageret,
643 1737 759 1778 velut
798 1736 843 1777 in
882 1736 986 1778 haec
1027 1745 1215 1792 tempora
1254 1736 1452 1792 scriptam
1491 1736 1537 1777 in
1575 1743 1726 1778 senatu

334 1793 534 1835 recitavit.
600 1792 650 1836 C.
671 1794 844 1835 Atinius
871 1793 1015 1836 Labeo
1045 1794 1237 1835 tribunus
1263 1793 1397 1849 plebis
1426 1793 1479 1842 Ω.
1499 1792 1725 1835 Metellum

335 1865 564 1900 censorem,
599 1866 624 1891 a
655 1866 739 1916 quo
775 1851 821 1892 in
856 1860 1001 1892 senatu
1038 1850 1219 1906 legendo
1255 1851 1502 1906 praeteritus
1537 1858 1638 1900 erat,
1671 1850 1725 1891 de

335 1922 435 1948 saxo
471 1908 595 1949 deiici
630 1908 774 1949 iussit:
823 1908 939 1963 quod
978 1923 1032 1949 ne
1068 1908 1200 1956 fieret,
1237 1907 1365 1948 ceteri
1399 1907 1557 1949 tribuni
1591 1906 1726 1963 plebis

334 1964 491 2005 auxilio
512 1964 694 2005 fuerunt.
761 1964 905 2012 Quum
931 1964 1072 2005 Carbo
1095 1964 1288 2005 tribunus
1308 1963 1442 2019 plebis
1462 1964 1724 2019 rogationem

335 2020 509 2070 tulisset,
536 2029 584 2061 ut
613 2020 797 2061 eundem
828 2021 1042 2062 tribunum
1073 2020 1199 2076 plebi,
1227 2020 1391 2076 quoties
1418 2020 1557 2070 vellet,
1583 2035 1723 2062 creare

333 2076 505 2126 liceret3
537 2078 796 2141 rogationem
827 2077 917 2118 eius
947 2077 994 2118 P.
1012 2077 1238 2118 Africanus
1267 2077 1507 2141 gravissima
1537 2077 1724 2119 oratione

335 2108 553 2174 dissuasit.
587 2149 632 2174 1n
660 2149 744 2189 qua
771 2134 893 2183 dixit,
924 2134 974 2175 T.
996 2133 1238 2175 Gracchum
1267 2149 1358 2175 1ure
1389 2149 1556 2176 caesum
1575 2134 1722 2176 videri.

338 2189 555 2231 Gracchus
594 2199 739 2232 contra
778 2191 905 2232 suasit
943 2191 1228 2247 rogationem:
1274 2191 1349 2232 sed
1393 2190 1533 2247 Scipio
1573 2191 1721 2234 tenuit.

335 2246 455 2288 Bella
493 2247 603 2288 inter
637 2248 900 2289 Antiochum
939 2246 1097 2304 Syriae,
1134 2257 1177 2289 et
1212 2247 1437 2290 Phraatem
1472 2248 1725 2290 Parthorum

333 2318 475 2360 regem
510 2313 639 2360 gesta,
676 2320 754 2346 nec
790 2305 921 2361 magis
957 2305 1123 2360 quietae
1159 2320 1224 2346 res
1252 2305 1442 2370 Aegypti
1471 2305 1721 2347 referuntur.

334 2337 613 2411 Ptolemaeus,
637 2361 867 2418 Euergetes
896 2362 1228 2418 cognominatus,
1255 2363 1308 2404 ob
1338 2362 1513 2404 nimiam
1543 2361 1723 2404 crudeli-

334 2426 463 2459 tatem
495 2418 579 2459 suis
611 2419 780 2469 inv1sus,
810 2434 981 2461 incensa
1013 2435 1038 2460 a
1068 2419 1225 2476 populo
1258 2419 1384 2476 regia,
1412 2419 1519 2460 clam
1549 2419 1723 2483 Cypron

334 2474 543 2539 profugit:
577 2484 631 2525 et,
654 2491 786 2532 quum
811 2476 940 2518 sorori
961 2476 1051 2518 eius
1075 2476 1338 2541 Cleopatrae,
1347 2491 1501 2541 quam,
1523 2475 1610 2517 filia
1632 2475 1722 2517 eius

334 2531 495 2587 virgine
526 2547 601 2588 per
627 2548 711 2574 V1n1
739 2548 987 2589 compressa,
1010 2543 1136 2589 atque
1164 2533 1209 2574 in
1237 2532 1550 2574 matrimonium
1580 2532 1721 2582 dueta,

333 2588 636 2644 repudiaverat,
653 2605 832 2646 regnum
852 2606 876 2631 a
896 2590 1051 2647 populo
1067 2590 1213 2631 datum
1234 2598 1353 2639 esset,
1370 2589 1557 2631 infensus
1572 2589 1720 2639 filium,

333 2660 461 2702 quem
498 2661 551 2687 ex
587 2646 657 2687 illa
691 2647 885 2697 habebat,
925 2646 1060 2711 Cypri
1099 2646 1266 2696 occidit,
1303 2654 1513 2703 caputque
1554 2646 1644 2688 eius
1678 2654 1722 2688 et

335 2717 494 2752 manuS,
537 2712 579 2744 et
618 2704 747 2760 pedes
787 2704 908 2746 matri
954 2704 1077 2745 misit.
1155 2703 1390 2745 Seditiones
1430 2718 1455 2744 a
1495 2703 1720 2745 triumviris

334 2759 482 2802 Fulvio
523 2759 685 2811 Flacco,
727 2769 770 2802 et
816 2761 865 2802 C.
888 2760 1095 2809 Graccho,
1137 2769 1180 2802 et
1226 2760 1276 2802 C.
1301 2760 1470 2817 Papirio
1510 2759 1720 2811 Carbone,

333 2832 432 2882 agro
460 2816 689 2859 dividendo
719 2818 879 2868 creatis,
906 2818 1135 2860 excitatae:
1170 2817 1322 2874 quibus
1351 2833 1483 2873 quum
1510 2817 1558 2859 P.
1581 2816 1721 2874 Scipio

333 2873 556 2917 Africanus
581 2875 878 2926 adversaretur
900 2875 1101 2931 fortisque
1127 2889 1173 2916 ac
1194 2874 1356 2916 validus
1377 2875 1429 2916 de
1455 2875 1524 2916 die
1546 2874 1719 2916 domum
