1888 3194
517 193 644 235 LIB.
678 193 842 234 XLIV.
888 193 1034 234 CAP.
1075 197 1136 234 10.
1445 197 1525 235 133

125 282 337 332 lateribus,
368 281 444 324 soli
475 297 562 323 non
591 282 804 324 habebant
833 296 960 338 super
989 281 1128 337 capita
1162 281 1271 322 elata
1305 291 1434 331 scuta,
1467 297 1520 324 ne
1539 291 1582 323 U.
1599 292 1638 324 C.
1660 293 1733 332 583·

125 340 334 381 nudarent
364 354 565 395 corpora3
599 339 674 380 sed
704 348 923 396 praetenta
952 339 1231 395 pugnantium
1264 353 1391 379 more.
1455 338 1522 379 Ita
1536 335 1574 364 A.
1598 335 1636 367 C.
1661 334 1730 375 ¹69-

125 411 204 438 nec
224 396 336 452 ipsos
358 396 441 438 tela
460 411 514 438 ex
535 412 655 438 muro
677 397 802 438 missa
825 396 1053 437 subeuntes
1081 395 1304 445 laeserunt,
1325 405 1368 436 et
1390 404 1521 436 testu—

124 453 214 495 dini
245 453 400 495 iniecta
426 454 571 495 imbris
598 454 644 495 in
671 453 846 495 modum
876 453 1037 494 lubrico
1067 453 1232 508 fastigio
1262 453 1437 493 innoxia
1466 452 1521 493 ad

123 510 256 552 imum
287 510 544 552 labebantur.
609 511 666 552 Et
696 511 855 560 consul,
877 520 1000 567 capto
1031 510 1112 551 iam
1144 509 1366 559 Heracleo,
1387 518 1521 551 castra

121 582 174 609 eo
231 569 435 618 romovit3
471 578 672 625 tanquam
702 568 848 618 Dium,
871 577 1012 624 atque,
1035 567 1134 608 inde
1165 576 1376 608 summoto
1406 582 1518 623 rege,

121 624 166 666 in
237 625 381 666 ieriam
415 625 541 667 etiam
573 641 877 682 progressurus.
943 624 1041 674 Sed,
1076 624 1252 666 hiberna
1284 624 1367 665 iam
1399 639 1520 680 prae-

120 697 283 739 parans,
306 683 393 724 vias
414 683 717 725 commeatibus
741 682 1024 724 subvehendis
1045 697 1099 723 ex
1122 681 1343 723 Thessalia
1362 680 1518 722 muniri

120 740 249 789 iubet,
272 750 315 782 et
345 740 443 797 eligi
475 741 634 782 horreis
667 750 904 797 opportuna
935 739 1038 789 loca,
1065 749 1259 795 tectaque
1291 738 1516 789 aedificari,

89 811 107 843 3
122 797 190 840 ubi
213 797 423 840 deversari
443 807 658 855 portantes
679 807 937 839 commeatus
957 806 1138 854 possent.

178 854 370 905 Perseus,
400 855 572 897 tandem
602 871 624 897 e
656 870 808 912 pavore
840 870 904 904 eo,
927 870 1012 911 quo
1043 854 1246 896 attonitus
1274 854 1422 904 fuerat,
1451 868 1518 895 re-

120 921 244 969 cepto
271 913 424 963 animo,
448 913 584 962 malle,
607 913 793 969 imperiis
820 912 905 954 suis
933 927 1020 954 non
1048 913 1385 968 obtemperatum
1413 926 1515 962 esse,

120 984 253 1026 quum
276 970 490 1026 trepidans
509 986 654 1026 gazam
677 971 721 1011 in
743 985 856 1011 mare
873 969 999 1011 deiici
1015 969 1172 1019 Pellae,
1191 968 1515 1010 Thessalonicae

120 1026 284 1068 navalia
303 1028 478 1068 iusserat
499 1027 681 1068 incendi.
745 1027 1030 1077 Andronicus,
1054 1026 1397 1068 Thessalonicam
1420 1026 1518 1067 mis-

87 1099 201 1134 4sus,
224 1093 406 1126 traxerat
436 1094 614 1140 tempus,
644 1084 688 1125 id
719 1084 856 1140 ipsum
888 1084 1004 1139 quod
1034 1083 1200 1133 accidit,
1229 1083 1517 1139 poenitentiae

119 1141 364 1198 relinquens
385 1141 535 1183 locum.
593 1141 809 1183 Incautior
831 1140 977 1182 Nicias
997 1140 1142 1182 Pellae
1163 1140 1425 1197 proiiciendo
1445 1155 1520 1196 pe·-

62 1244 65 1247 ,
88 1198 269 1246 seuniae
290 1208 465 1255 partem,
488 1199 605 1255 quod
625 1199 760 1240 fuerat
787 1208 960 1239 nactus:
993 1198 1068 1239 sed
1096 1198 1141 1238 in
1169 1212 1351 1239 errorem
1373 1212 1514 1239 emen-

118 1255 302 1298 dabilem
323 1256 434 1298 visus
455 1256 593 1313 lapsus
614 1271 716 1306 esse,
739 1255 855 1312 quod
882 1270 959 1312 per
987 1256 1220 1296 urinatores
1241 1269 1366 1296 omne
1387 1254 1518 1296 ferme

118 1322 354 1356 extractum
387 1323 462 1356 est.
540 1314 579 1355 T
581 1324 789 1370 antusque
820 1313 959 1370 pudor
989 1313 1078 1369 regi
1108 1312 1274 1370 pavoris
1304 1312 1395 1353 eius
1424 1311 1518 1362 fuit,

87 1379 168 1413 6ut
198 1371 431 1413 urinatores
462 1371 570 1413 clam
603 1371 783 1413 interfici
814 1371 1006 1420 iusserit3
1039 1370 1194 1412 deinde
1223 1368 1518 1411 Andronicum
1534 1381 1654 1413 Variae
1670 1393 1721 1413 ur-

119 1443 291 1485 quoque
312 1438 354 1470 et
377 1428 558 1470 Nician:
592 1444 646 1470 ne
699 1429 763 1470 uis
791 1438 875 1470 tam
900 1428 1111 1470 dementis
1139 1427 1307 1484 imperii
1327 1427 1519 1469 conscius
1532 1426 1731 1457 besaRom.

119 1487 350 1528 exsisteret.
413 1486 532 1528 Inter
551 1487 655 1528 haec
668 1444 730 1528 (ij,
748 1485 947 1536 Marcius,
970 1501 1068 1527 cum
1089 1485 1216 1527 classe
1238 1485 1290 1526 ab
1309 1484 1518 1526 Heracleo
1531 1469 1648 1542 {2²22OE
1662 1472 1732 1499 ‘⁶³¹¹'

120 1543 463 1586 Thessalonicam
484 1544 706 1601 profectus,
729 1552 771 1585 et
792 1558 940 1600 agrum
967 1542 1157 1600 pluribus
1184 1542 1299 1592 locis,
1317 1542 1520 1599 expositis

121 1615 196 1657 per
226 1600 347 1642 litora
378 1602 558 1651 armatis,
589 1601 670 1643 late
704 1601 892 1650 vastavit,
922 1610 965 1642 et
997 1609 1290 1657 procurrentes
1320 1600 1372 1641 ab
1403 1600 1520 1650 urbe,

121 1657 317 1700 secundis
346 1658 507 1715 aliquot
536 1659 717 1715 proeliis,
748 1658 932 1714 trepidos
963 1658 1074 1698 intra
1103 1657 1272 1699 moenia
1301 1656 1518 1713 compulit.

92 1714 299 1772 7Iamque
336 1716 415 1772 ipsi
451 1717 545 1757 urbi
583 1715 777 1757 terribilis
812 1725 914 1764 erat,
951 1730 1097 1770 quum,
1135 1714 1345 1770 dispositis
1385 1714 1521 1756 omnis

120 1773 287 1829 generis
315 1774 546 1824 tormentis,
569 1788 655 1814 non
677 1773 770 1829 vagi
800 1772 927 1814 modo
955 1772 1065 1813 circa
1092 1786 1245 1821 muros,
1268 1780 1426 1812 temere
1447 1786 1522 1828 ap-

123 1830 466 1887 propinquantes,
489 1830 563 1872 sed
594 1831 721 1872 etiam
753 1830 826 1886 qui
858 1830 901 1870 in
932 1830 1108 1870 navibus
1138 1838 1269 1878 eraut,
1296 1829 1406 1870 saxis
1438 1838 1522 1870 tor-

122 1897 266 1929 mento
301 1888 580 1929 emicantibus
614 1888 970 1944 percutiebantur.
1050 1886 1273 1927 Revocatis
1309 1886 1437 1942 igitur
1476 1886 1521 1927 in

120 1959 247 1986 naves
289 1945 504 1995 militibus,
546 1946 781 2000 omissaque
824 1943 1147 1985 Thessalonicae
1190 1943 1520 2000 oppugnatione,

122 2001 315 2044 Aeneam
338 2002 436 2044 inde
458 2012 620 2059 petunt.
687 2001 944 2050 Quindecim
973 2001 1104 2041 millia
1128 2015 1325 2057 passuum
1353 2016 1402 2042 ca
1423 2001 1521 2042 urbs

120 2059 249 2110 abest,
286 2059 484 2101 adversus
518 2060 713 2117 Pydnam
749 2059 897 2116 posita,
931 2058 1056 2100 fertili
1093 2073 1204 2114 agro.
1268 2057 1521 2099 Pervastatis

120 2116 275 2159 finibus
303 2118 406 2167 eius,
429 2117 619 2174 legentes
647 2132 775 2166 oram,
801 2116 1085 2172 Antigoneam
1112 2115 1376 2172 perveniunt.
1442 2114 1519 2164 Ibi,

120 2189 145 2216 e
195 2174 275 2216 essi
315 2175 360 2216 in
401 2185 567 2224 terram,
603 2175 740 2231 primo
780 2183 822 2215 et
857 2183 1073 2214 vastarunt
1113 2188 1233 2229 agros
1274 2173 1440 2228 passim,
1478 2184 1520 2213 et

1598 851 1662 890 10.

1531 907 1638 938 Pudet
1656 906 1727 955 Per-

1529 960 1583 997 sea
1600 959 1728 989 pavoris

1528 1002 1589 1024 sul.

119 2232 383 2288 aiquantum
445 2232 594 2274 raedae
626 2231 898 2273 contulerunt
928 2231 981 2272 ad
1012 2246 1149 2272 naves.

1215 2230 1329 2271 Dein
1361 2229 1521 2286 palatos

121 2304 193 2331 eos
219 2289 355 2331 adorti
382 2289 411 2331 B
435 2290 655 2339 acedoneS,
678 2289 799 2330 mixti
831 2288 996 2345 pedites
1027 2288 1289 2344 equitesque,
1311 2287 1520 2344 fugientes

121 2347 251 2389 effuse
282 2347 334 2389 ad
366 2362 478 2388 marc
510 2347 733 2403 persecuti,
756 2347 1012 2402 quingentos
1036 2346 1166 2386 fermc
1195 2344 1455 2394 occiderunt,
1477 2355 1520 2386 ct

122 2418 208 2446 non
230 2405 368 2446 minus
393 2414 610 2461 ceperunt.

165 2554 182 2585 3
206 2546 402 2584 Devermre]
442 2546 613 2575 Dt'vermri
645 2544 739 2576 Crev.
768 2549 801 2574 ct

124 2588 227 2619 Dmk.
245 2593 382 2619 servant.
430 2587 570 2618 Bckker.
588 2597 661 2618 curn
682 2587 801 2627 Kreys-

123 2630 202 2671 nigio
217 2630 386 2661 consentit.

166 2685 185 2712 4
209 2674 250 2704 ld
278 2674 383 2714 ipsum
414 2674 499 2714 quod
528 2674 660 2710 accidit]
698 2672 797 2708 Quod

123 2715 254 2754 quidem
293 2715 397 2755 ipsum
440 2715 570 2752 accidit,
608 2725 726 2754 nempe
765 2720 800 2744 ut

124 2767 228 2798 regem
247 2758 436 2797 poeniteret.
460 2760 567 2789 Cam.

168 2808 185 2838 5
210 2801 303 2838 Quod
314 2802 433 2839 suerat
453 2801 584 2838 naclux]
610 2810 652 2830 sc.
674 2800 802 2830 Partem

126 2842 295 2880 pecuniae,
312 2843 342 2873 id
359 2843 446 2882 quod
464 2844 565 2873 fut-rat
584 2847 708 2872 nactus.

168 2882 188 2913 6
215 2885 257 2915 U!
294 2885 492 2924 urinatores]
544 2886 657 2915 (ic-nun
700 2885 800 2914 homi-

126 2935 216 2959 num.
231 2936 366 2965 quorum
391 2938 466 2957 nain»
485 2932 532 2958 cat
555 2927 586 2957 in
609 2928 769 2958 mercibus
785 2938 802 2956 e

126 2968 203 2998 mari
221 2969 438 3005 eumin-udin,
454 2980 537 3008 qum:
559 2970 674 3009 navigii
695 2969 796 3009 gratier

125 3010 263 3041 iactatae
280 3010 407 3043 fuerint.
435 3011 562 3042 Maxu..

676 2403 769 2445 Ncc
798 2403 926 2453 aliud,
950 2418 1076 2460 quam
1105 2402 1254 2444 ultima
1281 2403 1519 2452 necessitas,

895 2552 910 2582 7
936 2546 1055 2581 Quum,
1084 2544 1244 2583 dispositis
1273 2544 1375 2574 omnis
1394 2544 1523 2582 generis

847 2588 1028 2624 tormentis]
1057 2587 1107 2616 Ab
1130 2586 1168 2616 iis
1187 2586 1241 2625 qui
1267 2586 1298 2616 in
1321 2587 1398 2616 urbe
1421 2590 1522 2615 cmnt.

843 2629 928 2659 Tota
950 2629 1100 2668 periodus
1121 2628 1239 2659 habore
1258 2629 1383 2658 videtur
1399 2627 1521 2666 aliquid

845 2672 969 2701 obscuri
1001 2676 1132 2710 propter
1160 2671 1292 2701 nimiam
1321 2671 1522 2700 brevitatem.

846 2715 966 2745 Sensus
991 2719 1057 2744 est:
1093 2714 1221 2753 irimque
1248 2713 1308 2753 ipsi
1338 2713 1406 2742 urbi
1435 2712 1521 2742 terri-

847 2756 919 2786 bilis
943 2761 1023 2791 erat,
1041 2766 1139 2795 quum
1166 2756 1273 2786 subito
1299 2765 1450 2785 conversa
1475 2759 1522 2784 cst

850 2809 954 2829 rerum
986 2799 1096 2834 sinuit-a„
1122 2798 1282 2837 dispositis
1313 2807 1408 2836 super
1438 2796 1524 2826 urbia

851 2852 959 2871 muros
981 2841 1161 2876 tormentis,
1177 2841 1293 2879 quibus
1320 2839 1470 2871 Romani,
1492 2842 1524 2866 ot

849 2883 878 2914 in
905 2883 998 2921 agris,
1022 2888 1053 2913 ct
1080 2884 1110 2913 in
1137 2883 1213 2922 ipsiu
1237 2893 1365 2921 quoquc
1390 2881 1525 2910 navibus

850 2926 1121 2965 percutit-luuntur.
1171 2926 1284 2963 Imque
1304 2924 1456 2954 umisa-re
1478 2922 1522 2951 in-

847 2974 941 3007 cepto
958 2968 1060 2997 cusu-ti
1080 2972 1162 2997 munt.
1191 2968 1297 2997 Ciu-:sa
