<?xml version="1.0" encoding="UTF-8"?>
<!DOCTYPE html PUBLIC "-//W3C//DTD XHTML 1.0 Transitional//EN"
    "http://www.w3.org/TR/xhtml1/DTD/xhtml1-transitional.dtd">
<html xmlns="http://www.w3.org/1999/xhtml" xml:lang="en" lang="en">
 <head>
  <title>
</title>
<meta http-equiv="Content-Type" content="text/html;charset=utf-8" />
  <meta name='ocr-system' content='tesseract 3.04.00' />
  <meta name='ocr-capabilities' content='ocr_page ocr_carea ocr_par ocr_line ocrx_word'/>
</head>
<body>
  <div class='ocr_page' id='page_1' title='image "./historiarumli04livyuoft/historiarumli04livyuoft_0449.png"; bbox 0 0 1888 3194; ppageno 0'>
   <div class='ocr_carea' id='block_1_1' title="bbox 347 181 1506 226">
    <p class='ocr_par' dir='ltr' id='par_1_1' title="bbox 347 181 1506 226">
     <span class='ocr_line' id='line_1_1' title="bbox 347 181 1506 226; baseline 0 0"><span class='ocrx_word' id='word_1_1' title='bbox 347 181 1042 226; x_wconf 84' lang='lat' dir='ltr'><strong>MANUSCRIPTORUM</strong></span> <span class='ocrx_word' id='word_1_2' title='bbox 1088 181 1280 225; x_wconf 89' lang='lat' dir='ltr'>LIVII.</span> <span class='ocrx_word' id='word_1_3' title='bbox 1424 187 1506 226; x_wconf 87' lang='lat'>437</span> 
     </span>
    </p>
   </div>
   <div class='ocr_carea' id='block_1_2' title="bbox 109 272 1507 1014">
    <p class='ocr_par' dir='ltr' id='par_1_2' title="bbox 109 272 1507 1014">
     <span class='ocr_line' id='line_1_2' title="bbox 115 272 1506 328; baseline -0.001 -13"><span class='ocrx_word' id='word_1_4' title='bbox 115 275 250 314; x_wconf 85' lang='lat' dir='ltr'>werda</span> <span class='ocrx_word' id='word_1_5' title='bbox 277 289 307 315; x_wconf 78' lang='lat' dir='ltr'>s.</span> <span class='ocrx_word' id='word_1_6' title='bbox 331 272 672 327; x_wconf 81' lang='lat' dir='ltr'>Kaiserswerder)</span> <span class='ocrx_word' id='word_1_7' title='bbox 693 272 738 313; x_wconf 92' lang='lat' dir='ltr'>in</span> <span class='ocrx_word' id='word_1_8' title='bbox 766 287 851 328; x_wconf 91' lang='lat' dir='ltr'>qua</span> <span class='ocrx_word' id='word_1_9' title='bbox 877 273 966 327; x_wconf 88' lang='lat' dir='ltr'>ipse</span> <span class='ocrx_word' id='word_1_10' title='bbox 994 279 1234 312; x_wconf 89' lang='lat' dir='ltr'>constructo</span> <span class='ocrx_word' id='word_1_11' title='bbox 1255 273 1506 314; x_wconf 88' lang='lat' dir='ltr'>monasterio</span> 
     </span>
     <span class='ocr_line' id='line_1_3' title="bbox 111 327 1507 385; baseline -0.001 -14"><span class='ocrx_word' id='word_1_12' title='bbox 111 329 226 372; x_wconf 90' lang='lat' dir='ltr'>diem</span> <span class='ocrx_word' id='word_1_13' title='bbox 254 330 401 372; x_wconf 90' lang='lat' dir='ltr'>clausit</span> <span class='ocrx_word' id='word_1_14' title='bbox 427 339 666 371; x_wconf 87' lang='lat' dir='ltr'>extremum</span> <span class='ocrx_word' id='word_1_15' title='bbox 695 329 811 385; x_wconf 85' lang='lat' dir='ltr'>(ann.</span> <span class='ocrx_word' id='word_1_16' title='bbox 837 328 956 384; x_wconf 88' lang='grc'>713.)</span> <span class='ocrx_word' id='word_1_17' title='bbox 1016 327 1137 369; x_wconf 90' lang='lat' dir='ltr'>Nihil</span> <span class='ocrx_word' id='word_1_18' title='bbox 1159 343 1370 369; x_wconf 86' lang='lat' dir='ltr'>moramur</span> <span class='ocrx_word' id='word_1_19' title='bbox 1393 328 1507 371; x_wconf 88' lang='lat' dir='ltr'>Suit-</span> 
     </span>
     <span class='ocr_line' id='line_1_4' title="bbox 114 385 1507 443; baseline -0.001 -15"><span class='ocrx_word' id='word_1_20' title='bbox 114 387 293 437; x_wconf 90' lang='lat' dir='ltr'>bertum,</span> <span class='ocrx_word' id='word_1_21' title='bbox 343 387 587 443; x_wconf 88' lang='lat' dir='ltr'>episcopum</span> <span class='ocrx_word' id='word_1_22' title='bbox 639 392 651 410; x_wconf 88' lang='lat'>‘</span> <span class='ocrx_word' id='word_1_23' title='bbox 672 388 789 428; x_wconf 75' lang='lat' dir='ltr'>nulla</span> <span class='ocrx_word' id='word_1_24' title='bbox 841 388 934 428; x_wconf 78' lang='lat' dir='ltr'>sedi</span> <span class='ocrx_word' id='word_1_25' title='bbox 987 386 1232 434; x_wconf 80' lang='lat' dir='ltr'>addietum‚&#39;</span> <span class='ocrx_word' id='word_1_26' title='bbox 1273 394 1320 426; x_wconf 86' lang='lat' dir='ltr'>ut</span> <span class='ocrx_word' id='word_1_27' title='bbox 1367 385 1507 441; x_wconf 89' lang='lat' dir='ltr'>inquit</span> 
     </span>
     <span class='ocr_line' id='line_1_5' title="bbox 112 442 1504 500; baseline -0.002 -15"><span class='ocrx_word' id='word_1_28' title='bbox 112 443 251 500; x_wconf 80' lang='lat' dir='ltr'>Belgii</span> <span class='ocrx_word' id='word_1_29' title='bbox 271 445 375 485; x_wconf 90' lang='lat' dir='ltr'>sacri</span> <span class='ocrx_word' id='word_1_30' title='bbox 395 454 541 485; x_wconf 86' lang='lat' dir='ltr'>auctor</span> <span class='ocrx_word' id='word_1_31' title='bbox 563 443 682 500; x_wconf 86' lang='lat' dir='ltr'>[tom.</span> <span class='ocrx_word' id='word_1_32' title='bbox 705 445 744 485; x_wconf 93' lang='lat' dir='ltr'>I.</span> <span class='ocrx_word' id='word_1_33' title='bbox 761 459 809 499; x_wconf 79' lang='lat' dir='ltr'>p.</span> <span class='ocrx_word' id='word_1_34' title='bbox 833 442 924 499; x_wconf 64' lang='lat'>402]</span> <span class='ocrx_word' id='word_1_35' title='bbox 973 442 1331 484; x_wconf 88' lang='lat' dir='ltr'>Dorostadensem</span> <span class='ocrx_word' id='word_1_36' title='bbox 1351 443 1504 493; x_wconf 87' lang='lat' dir='ltr'>vocari,</span> 
     </span>
     <span class='ocr_line' id='line_1_6' title="bbox 111 499 1505 555; baseline -0.001 -13"><span class='ocrx_word' id='word_1_37' title='bbox 111 515 208 542; x_wconf 90' lang='lat' dir='ltr'>cum</span> <span class='ocrx_word' id='word_1_38' title='bbox 243 501 287 541; x_wconf 93' lang='lat' dir='ltr'>in</span> <span class='ocrx_word' id='word_1_39' title='bbox 322 501 402 542; x_wconf 91' lang='lat' dir='ltr'>hoc</span> <span class='ocrx_word' id='word_1_40' title='bbox 443 501 535 542; x_wconf 90' lang='lat' dir='ltr'>loco</span> <span class='ocrx_word' id='word_1_41' title='bbox 570 501 729 542; x_wconf 87' lang='lat' dir='ltr'>diutius</span> <span class='ocrx_word' id='word_1_42' title='bbox 764 509 1080 549; x_wconf 87' lang='lat' dir='ltr'>commoratum,</span> <span class='ocrx_word' id='word_1_43' title='bbox 1114 508 1156 540; x_wconf 89' lang='lat' dir='ltr'>et</span> <span class='ocrx_word' id='word_1_44' title='bbox 1191 499 1332 555; x_wconf 91' lang='lat' dir='ltr'>plures</span> <span class='ocrx_word' id='word_1_45' title='bbox 1366 499 1505 540; x_wconf 90' lang='lat' dir='ltr'>saltim</span> 
     </span>
     <span class='ocr_line' id='line_1_7' title="bbox 110 556 1505 608; baseline -0.001 -9"><span class='ocrx_word' id='word_1_46' title='bbox 110 557 304 599; x_wconf 89' lang='lat' dir='ltr'>ecclesias</span> <span class='ocrx_word' id='word_1_47' title='bbox 334 558 563 608; x_wconf 80' lang='lat' dir='ltr'><strong>dedicasse,</strong></span> <span class='ocrx_word' id='word_1_48' title='bbox 585 558 682 599; x_wconf 90' lang='lat' dir='ltr'>satis</span> <span class='ocrx_word' id='word_1_49' title='bbox 713 566 889 599; x_wconf 90' lang='lat' dir='ltr'>constet.</span> <span class='ocrx_word' id='word_1_50' title='bbox 953 556 1069 597; x_wconf 91' lang='lat' dir='ltr'>Hinc</span> <span class='ocrx_word' id='word_1_51' title='bbox 1100 556 1182 597; x_wconf 90' lang='lat' dir='ltr'>iam</span> <span class='ocrx_word' id='word_1_52' title='bbox 1213 556 1421 597; x_wconf 87' lang='lat' dir='ltr'>coniicere</span> <span class='ocrx_word' id='word_1_53' title='bbox 1445 556 1505 598; x_wconf 84' lang='lat' dir='ltr'>fas</span> 
     </span>
     <span class='ocr_line' id='line_1_8' title="bbox 111 614 1504 669; baseline -0.001 -13"><span class='ocrx_word' id='word_1_54' title='bbox 111 623 174 656; x_wconf 86' lang='lat' dir='ltr'>est</span> <span class='ocrx_word' id='word_1_55' title='bbox 199 615 425 657; x_wconf 90' lang='lat' dir='ltr'>Livianum</span> <span class='ocrx_word' id='word_1_56' title='bbox 452 615 566 657; x_wconf 90' lang='lat' dir='ltr'>hunc</span> <span class='ocrx_word' id='word_1_57' title='bbox 593 624 780 656; x_wconf 90' lang='lat' dir='ltr'>nostrum</span> <span class='ocrx_word' id='word_1_58' title='bbox 810 614 1013 663; x_wconf 88' lang='lat' dir='ltr'>codicem,</span> <span class='ocrx_word' id='word_1_59' title='bbox 1037 614 1209 654; x_wconf 88' lang='lat' dir='ltr'>unicum</span> <span class='ocrx_word' id='word_1_60' title='bbox 1232 614 1405 669; x_wconf 85' lang='lat' dir='ltr'>quintae</span> <span class='ocrx_word' id='word_1_61' title='bbox 1431 614 1504 655; x_wconf 93' lang='lat' dir='ltr'>de-</span> 
     </span>
     <span class='ocr_line' id='line_1_9' title="bbox 110 671 1504 729; baseline -0.001 -16"><span class='ocrx_word' id='word_1_62' title='bbox 110 671 224 714; x_wconf 90' lang='lat' dir='ltr'>cadis</span> <span class='ocrx_word' id='word_1_63' title='bbox 264 673 544 729; x_wconf 84' lang='lat' dir='ltr'>superstitem,</span> <span class='ocrx_word' id='word_1_64' title='bbox 586 688 697 713; x_wconf 87' lang='lat' dir='ltr'>novo</span> <span class='ocrx_word' id='word_1_65' title='bbox 742 672 868 713; x_wconf 90' lang='lat' dir='ltr'>etiam</span> <span class='ocrx_word' id='word_1_66' title='bbox 908 671 1041 712; x_wconf 87' lang='lat' dir='ltr'>sancti</span> <span class='ocrx_word' id='word_1_67' title='bbox 1085 671 1329 726; x_wconf 83' lang='lat' dir='ltr'>possessoris</span> <span class='ocrx_word' id='word_1_68' title='bbox 1379 671 1504 713; x_wconf 89' lang='lat' dir='ltr'>titulo</span> 
     </span>
     <span class='ocr_line' id='line_1_10' title="bbox 109 728 1503 786; baseline -0.001 -16"><span class='ocrx_word' id='word_1_69' title='bbox 109 729 349 780; x_wconf 83' lang='lat' dir='ltr'>colendum,</span> <span class='ocrx_word' id='word_1_70' title='bbox 386 731 438 772; x_wconf 93' lang='lat' dir='ltr'>ab</span> <span class='ocrx_word' id='word_1_71' title='bbox 479 731 568 786; x_wconf 88' lang='lat' dir='ltr'>ipso</span> <span class='ocrx_word' id='word_1_72' title='bbox 613 729 824 771; x_wconf 88' lang='lat' dir='ltr'>Suitberto</span> <span class='ocrx_word' id='word_1_73' title='bbox 864 744 918 770; x_wconf 85' lang='lat' dir='ltr'>ex</span> <span class='ocrx_word' id='word_1_74' title='bbox 955 728 1164 769; x_wconf 87' lang='lat' dir='ltr'>Hibernia</span> <span class='ocrx_word' id='word_1_75' title='bbox 1204 728 1503 778; x_wconf 86' lang='lat' dir='ltr'>Dorostadum‚</span> 
     </span>
     <span class='ocr_line' id='line_1_11' title="bbox 109 786 1504 836; baseline -0.001 -9"><span class='ocrx_word' id='word_1_76' title='bbox 109 786 209 828; x_wconf 90' lang='lat' dir='ltr'>inde</span> <span class='ocrx_word' id='word_1_77' title='bbox 248 786 624 829; x_wconf 89' lang='lat' dir='ltr'>Caesariswerdam</span> <span class='ocrx_word' id='word_1_78' title='bbox 664 787 863 836; x_wconf 89' lang='lat' dir='ltr'>delatum,</span> <span class='ocrx_word' id='word_1_79' title='bbox 901 786 1103 827; x_wconf 83' lang='lat' dir='ltr'>continuo</span> <span class='ocrx_word' id='word_1_80' title='bbox 1144 786 1263 827; x_wconf 89' lang='lat' dir='ltr'>iuxta</span> <span class='ocrx_word' id='word_1_81' title='bbox 1300 786 1504 827; x_wconf 87' lang='lat' dir='ltr'>Rhenum</span> 
     </span>
     <span class='ocr_line' id='line_1_12' title="bbox 109 842 1505 900; baseline -0.001 -16"><span class='ocrx_word' id='word_1_82' title='bbox 109 843 261 886; x_wconf 88' lang='lat' dir='ltr'>itinere</span> <span class='ocrx_word' id='word_1_83' title='bbox 297 845 622 887; x_wconf 85' lang='lat' dir='ltr'>Laurishemum</span> <span class='ocrx_word' id='word_1_84' title='bbox 657 844 827 885; x_wconf 90' lang='lat' dir='ltr'>tandem</span> <span class='ocrx_word' id='word_1_85' title='bbox 861 843 1113 900; x_wconf 88' lang='lat' dir='ltr'>pervenisse,</span> <span class='ocrx_word' id='word_1_86' title='bbox 1148 843 1262 884; x_wconf 89' lang='lat' dir='ltr'>unde</span> <span class='ocrx_word' id='word_1_87' title='bbox 1283 843 1357 885; x_wconf 79' lang='lat' dir='ltr'>,ad</span> <span class='ocrx_word' id='word_1_88' title='bbox 1393 842 1505 899; x_wconf 88' lang='lat' dir='ltr'>Gry-</span> 
     </span>
     <span class='ocr_line' id='line_1_13' title="bbox 109 900 1502 958; baseline -0.001 -16"><span class='ocrx_word' id='word_1_89' title='bbox 109 915 263 943; x_wconf 90' lang='lat' dir='ltr'>naeum</span> <span class='ocrx_word' id='word_1_90' title='bbox 296 903 341 943; x_wconf 91' lang='lat' dir='ltr'>in</span> <span class='ocrx_word' id='word_1_91' title='bbox 375 902 629 951; x_wconf 86' lang='lat' dir='ltr'>Helvetiam,</span> <span class='ocrx_word' id='word_1_92' title='bbox 661 911 806 958; x_wconf 89' lang='lat' dir='ltr'>postea</span> <span class='ocrx_word' id='word_1_93' title='bbox 839 901 882 941; x_wconf 90' lang='lat' dir='ltr'>iu</span> <span class='ocrx_word' id='word_1_94' title='bbox 916 915 1053 942; x_wconf 89' lang='lat' dir='ltr'>arcem</span> <span class='ocrx_word' id='word_1_95' title='bbox 1084 901 1264 942; x_wconf 86' lang='lat' dir='ltr'>Ambras</span> <span class='ocrx_word' id='word_1_96' title='bbox 1297 900 1502 957; x_wconf 86' lang='lat' dir='ltr'>migravit,</span> 
     </span>
     <span class='ocr_line' id='line_1_14' title="bbox 110 958 1123 1014; baseline -0.001 -15"><span class='ocrx_word' id='word_1_97' title='bbox 110 967 249 1000; x_wconf 89' lang='lat' dir='ltr'>tutum</span> <span class='ocrx_word' id='word_1_98' title='bbox 271 975 385 1001; x_wconf 88' lang='lat' dir='ltr'>nune</span> <span class='ocrx_word' id='word_1_99' title='bbox 407 960 460 1001; x_wconf 93' lang='lat' dir='ltr'>ad</span> <span class='ocrx_word' id='word_1_100' title='bbox 482 959 730 1001; x_wconf 87' lang='lat' dir='ltr'>Danubium</span> <span class='ocrx_word' id='word_1_101' title='bbox 753 967 901 1000; x_wconf 85' lang='lat' dir='ltr'>nactus</span> <span class='ocrx_word' id='word_1_102' title='bbox 921 958 1123 1014; x_wconf 87' lang='lat' dir='ltr'>asylum.”</span> 
     </span>
    </p>
   </div>
   <div class='ocr_carea' id='block_1_3' title="bbox 93 1071 1506 1935">
    <p class='ocr_par' dir='ltr' id='par_1_3' title="bbox 107 1071 1506 1517">
     <span class='ocr_line' id='line_1_15' title="bbox 169 1071 1504 1130; baseline -0.001 -16"><span class='ocrx_word' id='word_1_103' title='bbox 169 1072 399 1130; x_wconf 82' lang='lat' dir='ltr'>Exemplar</span> <span class='ocrx_word' id='word_1_104' title='bbox 437 1074 563 1114; x_wconf 90' lang='lat' dir='ltr'>huius</span> <span class='ocrx_word' id='word_1_105' title='bbox 603 1073 760 1114; x_wconf 87' lang='lat' dir='ltr'>codicis</span> <span class='ocrx_word' id='word_1_106' title='bbox 802 1072 856 1113; x_wconf 89' lang='lat' dir='ltr'>ad</span> <span class='ocrx_word' id='word_1_107' title='bbox 896 1072 1144 1128; x_wconf 87' lang='lat' dir='ltr'>autographi</span> <span class='ocrx_word' id='word_1_108' title='bbox 1183 1071 1504 1114; x_wconf 88' lang='lat' dir='ltr'>similitudinem</span> 
     </span>
     <span class='ocr_line' id='line_1_16' title="bbox 109 1129 1504 1186; baseline -0.001 -14"><span class='ocrx_word' id='word_1_109' title='bbox 109 1145 352 1186; x_wconf 85' lang='lat' dir='ltr'>expressum</span> <span class='ocrx_word' id='word_1_110' title='bbox 383 1131 482 1172; x_wconf 89' lang='lat' dir='ltr'>huie</span> <span class='ocrx_word' id='word_1_111' title='bbox 514 1140 627 1171; x_wconf 92' lang='lat' dir='ltr'>tomo</span> <span class='ocrx_word' id='word_1_112' title='bbox 657 1129 890 1185; x_wconf 88' lang='lat' dir='ltr'>praefixum</span> <span class='ocrx_word' id='word_1_113' title='bbox 920 1139 994 1178; x_wconf 85' lang='lat' dir='ltr'>est,</span> <span class='ocrx_word' id='word_1_114' title='bbox 1017 1129 1136 1170; x_wconf 89' lang='lat' dir='ltr'>cuius</span> <span class='ocrx_word' id='word_1_115' title='bbox 1161 1129 1402 1170; x_wconf 86' lang='lat' dir='ltr'>facilitatem</span> <span class='ocrx_word' id='word_1_116' title='bbox 1430 1145 1504 1171; x_wconf 81' lang='lat' dir='ltr'>ex-</span> 
     </span>
     <span class='ocr_line' id='line_1_17' title="bbox 108 1185 1504 1229; baseline -0.001 0"><span class='ocrx_word' id='word_1_117' title='bbox 108 1187 429 1229; x_wconf 88' lang='lat' dir='ltr'>cellentissimus</span> <span class='ocrx_word' id='word_1_118' title='bbox 458 1197 501 1229; x_wconf 91' lang='lat' dir='ltr'>et</span> <span class='ocrx_word' id='word_1_119' title='bbox 531 1187 833 1228; x_wconf 83' lang='lat' dir='ltr'>illustrissimus</span> <span class='ocrx_word' id='word_1_120' title='bbox 863 1186 1074 1226; x_wconf 87' lang='lat' dir='ltr'>Dominus</span> <span class='ocrx_word' id='word_1_121' title='bbox 1096 1185 1324 1226; x_wconf 88' lang='lat' dir='ltr'>Mauritius</span> <span class='ocrx_word' id='word_1_122' title='bbox 1349 1185 1504 1227; x_wconf 88' lang='lat' dir='ltr'>Comes</span> 
     </span>
     <span class='ocr_line' id='line_1_18' title="bbox 108 1243 1506 1294; baseline -0.003 -7"><span class='ocrx_word' id='word_1_123' title='bbox 108 1245 162 1287; x_wconf 88' lang='lat' dir='ltr'>(le</span> <span class='ocrx_word' id='word_1_124' title='bbox 208 1245 527 1294; x_wconf 84' lang='lat' dir='ltr'>Dietrichstein‚</span> <span class='ocrx_word' id='word_1_125' title='bbox 570 1244 859 1285; x_wconf 87' lang='lat' dir='ltr'>Bibliothecae</span> <span class='ocrx_word' id='word_1_126' title='bbox 903 1243 1119 1284; x_wconf 89' lang='lat' dir='ltr'>Palatinae</span> <span class='ocrx_word' id='word_1_127' title='bbox 1161 1243 1415 1292; x_wconf 85' lang='lat' dir='ltr'>Praefectus,</span> <span class='ocrx_word' id='word_1_128' title='bbox 1463 1252 1506 1284; x_wconf 90' lang='lat' dir='ltr'>et</span> 
     </span>
     <span class='ocr_line' id='line_1_19' title="bbox 108 1300 1505 1359; baseline -0.001 -16"><span class='ocrx_word' id='word_1_129' title='bbox 108 1302 358 1345; x_wconf 88' lang='lat' dir='ltr'>clarissimus</span> <span class='ocrx_word' id='word_1_130' title='bbox 391 1313 517 1359; x_wconf 89' lang='lat' dir='ltr'>atque</span> <span class='ocrx_word' id='word_1_131' title='bbox 554 1302 860 1344; x_wconf 86' lang='lat' dir='ltr'>eruditissimus</span> <span class='ocrx_word' id='word_1_132' title='bbox 896 1300 1101 1357; x_wconf 85' lang='lat' dir='ltr'>Iosephus</span> <span class='ocrx_word' id='word_1_133' title='bbox 1135 1300 1245 1341; x_wconf 88' lang='lat' dir='ltr'>Baro</span> <span class='ocrx_word' id='word_1_134' title='bbox 1279 1300 1505 1342; x_wconf 90' lang='lat' dir='ltr'>Hammer-</span> 
     </span>
     <span class='ocr_line' id='line_1_20' title="bbox 107 1357 1504 1416; baseline -0.001 -15"><span class='ocrx_word' id='word_1_135' title='bbox 107 1359 318 1416; x_wconf 88' lang='lat' dir='ltr'>Purgstall</span> <span class='ocrx_word' id='word_1_136' title='bbox 358 1376 521 1402; x_wconf 89' lang='lat' dir='ltr'>summa</span> <span class='ocrx_word' id='word_1_137' title='bbox 570 1359 832 1400; x_wconf 84' lang='lat' dir='ltr'>humanitate</span> <span class='ocrx_word' id='word_1_138' title='bbox 883 1359 1026 1399; x_wconf 88' lang='lat' dir='ltr'>amicis</span> <span class='ocrx_word' id='word_1_139' title='bbox 1072 1358 1175 1398; x_wconf 87' lang='lat' dir='ltr'>meis</span> <span class='ocrx_word' id='word_1_140' title='bbox 1220 1357 1504 1413; x_wconf 87' lang='lat' dir='ltr'>praebendam</span> 
     </span>
     <span class='ocr_line' id='line_1_21' title="bbox 108 1415 1505 1474; baseline -0.001 -15"><span class='ocrx_word' id='word_1_141' title='bbox 108 1427 372 1468; x_wconf 85' lang='lat' dir='ltr'>curaverunt,</span> <span class='ocrx_word' id='word_1_142' title='bbox 395 1418 549 1474; x_wconf 88' lang='lat' dir='ltr'>quibus</span> <span class='ocrx_word' id='word_1_143' title='bbox 577 1417 664 1473; x_wconf 89' lang='lat' dir='ltr'>ipse</span> <span class='ocrx_word' id='word_1_144' title='bbox 693 1417 833 1458; x_wconf 92' lang='lat' dir='ltr'>animo</span> <span class='ocrx_word' id='word_1_145' title='bbox 862 1415 1138 1457; x_wconf 90' lang='lat' dir='ltr'>libentissimo</span> <span class='ocrx_word' id='word_1_146' title='bbox 1158 1415 1334 1471; x_wconf 87' lang='lat' dir='ltr'>gratiam</span> <span class='ocrx_word' id='word_1_147' title='bbox 1356 1430 1505 1472; x_wconf 88' lang='lat' dir='ltr'>aceep-</span> 
     </span>
     <span class='ocr_line' id='line_1_22' title="bbox 108 1475 1333 1517; baseline 0.001 -1"><span class='ocrx_word' id='word_1_148' title='bbox 108 1486 193 1516; x_wconf 89' lang='lat' dir='ltr'>tam</span> <span class='ocrx_word' id='word_1_149' title='bbox 216 1475 355 1517; x_wconf 88' lang='lat' dir='ltr'>velim.</span> <span class='ocrx_word' id='word_1_150' title='bbox 1330 1475 1333 1478; x_wconf 61' lang='grc'>’</span> 
     </span>
    </p>

    <p class='ocr_par' dir='ltr' id='par_1_4' title="bbox 93 1529 1505 1935">
     <span class='ocr_line' id='line_1_23' title="bbox 167 1529 1503 1589; baseline -0.001 -16"><span class='ocrx_word' id='word_1_151' title='bbox 167 1531 216 1573; x_wconf 90' lang='lat' dir='ltr'>In</span> <span class='ocrx_word' id='word_1_152' title='bbox 235 1532 466 1589; x_wconf 86' lang='lat' dir='ltr'>exemplari</span> <span class='ocrx_word' id='word_1_153' title='bbox 488 1532 580 1582; x_wconf 87' lang='lat' dir='ltr'>isto,</span> <span class='ocrx_word' id='word_1_154' title='bbox 599 1530 714 1587; x_wconf 92' lang='lat' dir='ltr'>quod</span> <span class='ocrx_word' id='word_1_155' title='bbox 735 1530 903 1571; x_wconf 90' lang='lat' dir='ltr'>initium</span> <span class='ocrx_word' id='word_1_156' title='bbox 923 1530 1016 1572; x_wconf 89' lang='lat' dir='ltr'>libr.</span> <span class='ocrx_word' id='word_1_157' title='bbox 1034 1529 1181 1571; x_wconf 89' lang='lat' dir='ltr'><strong>XLII.</strong></span> <span class='ocrx_word' id='word_1_158' title='bbox 1197 1529 1503 1586; x_wconf 89' lang='lat' dir='ltr'>complectitur,</span> 
     </span>
     <span class='ocr_line' id='line_1_24' title="bbox 108 1587 1504 1644; baseline -0.002 -14"><span class='ocrx_word' id='word_1_159' title='bbox 108 1589 527 1632; x_wconf 88' lang='lat' dir='ltr'>animadvertendum</span> <span class='ocrx_word' id='word_1_160' title='bbox 559 1599 634 1638; x_wconf 86' lang='lat' dir='ltr'>est,</span> <span class='ocrx_word' id='word_1_161' title='bbox 664 1603 797 1644; x_wconf 85' lang='lat' dir='ltr'>pauca</span> <span class='ocrx_word' id='word_1_162' title='bbox 827 1588 1036 1643; x_wconf 87' lang='lat' dir='ltr'>quaedam</span> <span class='ocrx_word' id='word_1_163' title='bbox 1067 1603 1091 1628; x_wconf 88' lang='lat' dir='ltr'>a</span> <span class='ocrx_word' id='word_1_164' title='bbox 1120 1587 1311 1628; x_wconf 89' lang='lat' dir='ltr'>versione</span> <span class='ocrx_word' id='word_1_165' title='bbox 1345 1587 1504 1644; x_wconf 86' lang='lat' dir='ltr'>Kreys-</span> 
     </span>
     <span class='ocr_line' id='line_1_25' title="bbox 107 1646 1505 1704; baseline -0.002 -15"><span class='ocrx_word' id='word_1_166' title='bbox 107 1648 268 1704; x_wconf 85' lang='lat' dir='ltr'>sigiana</span> <span class='ocrx_word' id='word_1_167' title='bbox 300 1648 547 1703; x_wconf 86' lang='lat' dir='ltr'>discrepare,</span> <span class='ocrx_word' id='word_1_168' title='bbox 583 1662 619 1688; x_wconf 86' lang='lat' dir='ltr'>e.</span> <span class='ocrx_word' id='word_1_169' title='bbox 650 1661 689 1701; x_wconf 79' lang='lat' dir='ltr'>g.</span> <span class='ocrx_word' id='word_1_170' title='bbox 722 1647 975 1701; x_wconf 77' lang='lat' dir='ltr'>prinsquam</span> <span class='ocrx_word' id='word_1_171' title='bbox 1011 1646 1053 1686; x_wconf 82' lang='lat' dir='ltr'>in</span> <span class='ocrx_word' id='word_1_172' title='bbox 1085 1646 1369 1700; x_wconf 73' lang='lat' dir='ltr'>magistratus</span> <span class='ocrx_word' id='word_1_173' title='bbox 1400 1660 1505 1700; x_wconf 83' lang='lat' dir='ltr'>pro—</span> 
     </span>
     <span class='ocr_line' id='line_1_26' title="bbox 93 1701 1504 1762; baseline -0.002 -16"><span class='ocrx_word' id='word_1_174' title='bbox 93 1707 412 1762; x_wconf 76' lang='lat' dir='ltr'>ficiscerentur,</span> <span class='ocrx_word' id='word_1_175' title='bbox 455 1703 570 1760; x_wconf 85' lang='lat' dir='ltr'>quod</span> <span class='ocrx_word' id='word_1_176' title='bbox 613 1704 657 1744; x_wconf 89' lang='lat' dir='ltr'>in</span> <span class='ocrx_word' id='word_1_177' title='bbox 700 1702 894 1744; x_wconf 86' lang='lat' dir='ltr'>omnibus</span> <span class='ocrx_word' id='word_1_178' title='bbox 940 1701 1196 1742; x_wconf 85' lang='lat' dir='ltr'>editionibus</span> <span class='ocrx_word' id='word_1_179' title='bbox 1241 1701 1408 1757; x_wconf 90' lang='lat' dir='ltr'>pariter,</span> <span class='ocrx_word' id='word_1_180' title='bbox 1456 1717 1504 1743; x_wconf 91' lang='lat' dir='ltr'>ac</span> 
     </span>
     <span class='ocr_line' id='line_1_27' title="bbox 109 1760 1505 1820; baseline -0.004 -16"><span class='ocrx_word' id='word_1_181' title='bbox 109 1763 423 1820; x_wconf 60' lang='lat' dir='ltr'>Kreyssigfflna,</span> <span class='ocrx_word' id='word_1_182' title='bbox 468 1764 725 1817; x_wconf 74' lang='lat' dir='ltr'>priusquam</span> <span class='ocrx_word' id='word_1_183' title='bbox 789 1761 1073 1815; x_wconf 73' lang='lat' dir='ltr'>magistratus</span> <span class='ocrx_word' id='word_1_184' title='bbox 1122 1760 1505 1814; x_wconf 73' lang='lat' dir='ltr'>proficiscerentur</span> 
     </span>
     <span class='ocr_line' id='line_1_28' title="bbox 107 1815 1503 1876; baseline -0.004 -15"><span class='ocrx_word' id='word_1_185' title='bbox 107 1821 258 1861; x_wconf 85' lang='lat' dir='ltr'>omissa</span> <span class='ocrx_word' id='word_1_186' title='bbox 298 1819 606 1876; x_wconf 87' lang='lat' dir='ltr'>praepositione</span> <span class='ocrx_word' id='word_1_187' title='bbox 648 1817 886 1859; x_wconf 77' lang='lat' dir='ltr'>exhibetur.</span> <span class='ocrx_word' id='word_1_188' title='bbox 957 1815 1025 1857; x_wconf 92' lang='lat' dir='ltr'>De</span> <span class='ocrx_word' id='word_1_189' title='bbox 1066 1815 1146 1857; x_wconf 92' lang='lat' dir='ltr'>hoc</span> <span class='ocrx_word' id='word_1_190' title='bbox 1187 1815 1332 1857; x_wconf 89' lang='lat' dir='ltr'>codice</span> <span class='ocrx_word' id='word_1_191' title='bbox 1373 1815 1503 1857; x_wconf 87' lang='lat' dir='ltr'>fusius</span> 
     </span>
     <span class='ocr_line' id='line_1_29' title="bbox 107 1875 1096 1935; baseline -0.003 -16"><span class='ocrx_word' id='word_1_192' title='bbox 107 1877 337 1935; x_wconf 83' lang='lat' dir='ltr'>disputavit</span> <span class='ocrx_word' id='word_1_193' title='bbox 357 1878 509 1920; x_wconf 89' lang='lat' dir='ltr'>Petrus</span> <span class='ocrx_word' id='word_1_194' title='bbox 531 1875 785 1919; x_wconf 89' lang='lat' dir='ltr'>Lambecius</span> <span class='ocrx_word' id='word_1_195' title='bbox 806 1889 917 1930; x_wconf 89' lang='lat' dir='ltr'>supr.</span> <span class='ocrx_word' id='word_1_196' title='bbox 937 1890 978 1930; x_wconf 92' lang='lat' dir='ltr'>p.</span> <span class='ocrx_word' id='word_1_197' title='bbox 997 1877 1096 1916; x_wconf 83' lang='lat'>411.</span> 
     </span>
    </p>
   </div>
  </div>
 </body>
</html>
