1888 3194
958 188 1252 228 INDEX.

422 262 601 294 Flaminius
622 263 724 296 circus
747 273 778 304 3,
800 273 850 305 54.
882 273 932 306 27,
957 274 1006 296 21.
1038 275 1089 304 40,

472 316 523 346 52.

425 348 628 380 Flaminium
645 349 695 388 26,
712 360 759 389 23.
785 358 834 390 27,
849 351 878 382 8.

425 391 464 424 C.
484 392 672 430 Flaminius,
692 404 812 431 censor,
828 394 910 424 viam
930 394 1044 433 munit,
1059 397 1091 424 et

466 435 585 466 circum
601 436 734 467 exstruit
757 445 807 475 23,
823 446 870 476 23.
893 436 1007 467 iterum
1025 447 1084 467 cos.

468 487 518 515 21,
535 486 584 516 57.
607 479 688 509 clam
705 479 737 509 in
754 479 947 518 provinciam
962 479 1039 517 abit,
1055 483 1086 509 et

468 520 608 551 Arimini
628 523 826 552 consulatum
848 522 907 552 init
930 529 965 560 15
989 525 1021 552 et
1036 520 1085 560 63.

470 564 511 594 de
525 573 563 594 eo
584 565 731 603 querelae
752 565 972 595 Romanorum
992 573 1042 602 22,
1061 573 1087 595 1.

470 605 538 637 eius
554 606 671 636 ferocia
691 616 718 645 3.
741 608 782 637 ad
803 607 1023 637 Trasimenum
1044 607 1087 636 la-

471 658 544 678 cum
570 648 803 679 circumventus
827 650 867 679 ab
894 649 1088 686 Hannibale,

470 690 503 721 in
519 691 638 730 proelio
655 692 739 721 cadit
755 690 845 728 4—6.

430 732 469 764 C.
479 733 665 770 Flaminius,
680 737 826 772 quaestor
843 732 893 770 26,
906 740 954 772 47.
978 732 1090 763 aedilis

471 774 589 806 curulis
601 784 651 813 33,
664 785 714 813 42.
737 775 832 805 tritici
846 775 950 805 decies
963 779 1091 805 centum

469 817 574 848 millia
602 817 683 848 binis
709 817 789 848 aeris
817 818 938 858 populo
968 817 1091 855 dividit,

470 860 546 890 ibid.
570 863 698 890 creatur
715 864 840 900 praetor
861 870 912 899 34,
932 868 981 899 54.
1004 860 1091 891 sorti-

470 906 523 932 tur
552 902 744 942 Hispaniam
773 903 949 934 citeriorem
980 910 1028 942 55.
1058 903 1090 933 in

472 944 632 985 Hispania
657 951 818 985 expugnat
845 946 1011 976 Litabrum
1035 955 1090 985 op-

471 988 583 1027 pidum
603 996 653 1027 35,
672 998 721 1019 22.
746 992 869 1019 creatur
889 999 950 1019 cos.
968 989 1019 1027 38,
1040 998 1090 1026 42.

473 1031 615 1061 defendit
641 1031 687 1061 M.
706 1031 856 1061 Fulvium
883 1035 992 1062 contra
1014 1032 1090 1062 Am-

471 1073 648 1104 bracienses
676 1084 725 1113 43.
762 1074 919 1104 Friniates
949 1074 1090 1114 Ligures,

471 1115 616 1155 pluribus
631 1116 776 1147 secundis
796 1116 923 1156 proeliis
941 1117 1042 1154 factis,
1057 1117 1090 1147 in

471 1158 665 1190 deditionem
680 1159 808 1199 accipit,
819 1160 920 1199 iisque
935 1169 1022 1190 arma
1036 1160 1089 1190 ad-

470 1200 542 1231 imit
564 1211 615 1242 39,
639 1212 665 1232 2.
698 1203 806 1232 domat
829 1203 992 1242 Apuanos,
1014 1201 1089 1233 ibid.

472 1243 555 1274 viam
570 1255 589 1274 a
607 1245 752 1276 Bononia
764 1245 909 1284 perducit
919 1244 1090 1282 Arretium,

470 1286 548 1317 ibid.
573 1287 717 1317 triumvir
741 1287 883 1318 coloniae
908 1287 1090 1327 Aquileiam

472 1329 678 1360 deducendae
698 1340 761 1360 una
782 1340 855 1360 cum
877 1329 990 1360 Publio
1014 1330 1088 1360 Cor-

471 1371 556 1402 nelio
573 1372 719 1412 Scipione
736 1372 854 1403 Nasica
869 1377 900 1402 et
917 1373 954 1403 L.
967 1372 1091 1403 Manlio

472 1414 608 1444 Acidino
624 1420 756 1453 creatus,
772 1424 823 1456 39,
839 1422 888 1454 55.
912 1425 962 1453 40,
979 1424 1028 1454 34.

431 1457 580 1488 Flamma
606 1457 689 1488 circa
714 1462 810 1497 caput
837 1458 936 1488 Servii
961 1456 1089 1488 infantis

473 1499 658 1530 dormientis
681 1510 707 1537 1,
729 1510 776 1541 39.
800 1510 819 1530 a
843 1500 947 1539 capite
966 1500 1088 1530 concio-

471 1541 577 1572 nantis
601 1542 715 1572 Marcii
739 1542 877 1573 emicans
902 1550 951 1581 25,
979 1552 1027 1583 39.
1057 1542 1090 1572 111

470 1584 571 1623 proris
580 1585 709 1615 navium
719 1586 872 1624 praelata,
880 1588 966 1615 arcet
974 1585 1090 1623 hostes,

471 1636 512 1656 ne
527 1627 656 1666 propius
670 1628 823 1658 accedant
840 1635 890 1666 37,
910 1637 960 1658 11.

431 1669 561 1701 Flavius
575 1669 734 1708 Lucanus,
746 1674 872 1710 praetor
888 1678 938 1710 25,
951 1669 997 1702 16.
1020 1680 1090 1710 pro-

473 1712 519 1742 dit
535 1712 584 1743 Ti.
603 1712 796 1751 Gracchum,
811 1713 886 1744 ibid.

431 1755 471 1787 C.
487 1754 617 1785 Flavius
643 1756 703 1787 Cn.
720 1756 757 1787 F.
778 1756 888 1793 scriba,
913 1756 1090 1796 humilique

471 1797 598 1828 fortuna
617 1802 714 1837 ortus,
729 1799 840 1830 aedilis
855 1799 972 1830 curulis
993 1810 1024 1841 9,
1040 1798 1089 1837 46.

472 1844 572 1871 certat
599 1841 746 1872 adversus
775 1841 906 1879 nobiles,
929 1842 1004 1873 ibid.
1041 1842 1090 1872 ius

472 1881 576 1921 civile,
604 1883 776 1923 repositum
810 1883 842 1914 in
876 1885 1090 1924 penetralibus

472 1926 672 1964 pontificum,
707 1927 844 1966 evulgat,
878 1927 952 1957 ibid.
994 1928 1091 1958 fastos

473 1967 555 1998 circa
570 1969 672 1999 forum
693 1969 725 1999 in
746 1970 819 2000 albo
840 1970 998 2009 proponit,
1013 1970 1088 2001 ibid.

473 2010 599 2041 dedicat
632 2013 743 2042 aedem
778 2012 985 2050 Concordiae,
1013 2012 1088 2044 ibid.

473 2054 614 2084 curulem
638 2055 748 2085 sellam
778 2055 836 2085 sibi
859 2055 962 2085 afferri
990 2054 1089 2093 iubet,

473 2105 546 2126 cum
566 2097 721 2128 nobilium
745 2107 839 2128 nemo
857 2097 885 2128 ei
905 2101 1088 2137 assurgeret,

471 2137 548 2169 ibid.

431 2180 479 2211 M.
494 2180 622 2212 Flavius
643 2182 697 2212 dat
715 2182 953 2213 viscerationem
968 2183 1088 2222 populo

472 2222 506 2252 in
536 2224 645 2254 funere
674 2224 783 2254 matris
811 2225 842 2262 8,
867 2235 915 2256 22.
945 2225 1089 2254 tribunus

473 2265 575 2303 plebis
597 2273 644 2305 37.
668 2267 728 2296 fert
747 2268 789 2297 ad
812 2268 978 2306 populum,
998 2271 1034 2296 ut
1055 2267 1087 2296 in

474 2306 673 2338 Tusculanos
687 2308 966 2346 animadvertatur,
979 2309 1055 2340 ibid.

433 2348 481 2378 M.
495 2348 686 2387 Flavoleius,
702 2351 844 2381 centurio
860 2361 890 2388 2,
905 2358 955 2389 45.
984 2358 987 2361 ’

432 2390 592 2429 Floronia,
608 2392 692 2431 virgo
714 2393 864 2430 Vestalis,
884 2392 984 2432 stupri
1005 2403 1087 2423 com-

477 2437 567 2472 perta
583 2444 633 2471 22,
649 2442 699 2473 57.

430 2474 647 2507 Flumentana
661 2480 752 2516 porta
768 2476 799 2515 6,
815 2487 862 2509 20.
888 2485 937 2517 35,
955 2487 1002 2509 21.

431 2516 581 2549 Foederis
603 2519 734 2550 feriendi
757 2520 835 2550 ritus
861 2530 888 2558 1,
911 2530 962 2558 24.
984 2520 1086 2551 foede-

473 2571 544 2591 rum
563 2561 624 2592 tria
644 2572 759 2601 genera
778 2571 829 2601 34,
850 2570 898 2602 57.
922 2564 961 2593 de
983 2563 1086 2593 foede-

472 2613 543 2634 rum
562 2603 629 2635 iure
643 2604 725 2635 inter
742 2605 905 2635 Romanos
924 2606 1086 2645 Carthagi-

473 2646 658 2686 niensesque
678 2647 865 2687 disceptatio
887 2657 936 2685 21,
956 2657 1001 2689 19.
1025 2649 1088 2678 foe-

474 2689 534 2720 dus
553 2689 772 2720 Romanorum
797 2700 869 2720 cum
896 2690 1012 2721 Poenis
1037 2699 1087 2729 30,

474 2739 515 2771 37
536 2735 567 2761 et
587 2741 636 2770 43.
660 2742 732 2762 cum
751 2732 872 2763 Aetolis
894 2731 943 2771 26,
964 2743 1012 2771 24.
1036 2733 1087 2772 38,

474 2784 504 2815 9.
533 2784 605 2804 cum
629 2774 781 2814 Philippo
804 2785 855 2816 29,
881 2784 927 2805 11.
959 2784 1010 2814 33,
1037 2784 1086 2814 30.

475 2826 548 2848 cum
566 2816 693 2847 Nabide
713 2826 764 2856 34,
785 2826 833 2857 35.
857 2818 1015 2848 Antiocho
1037 2818 1086 2857 38,

474 2859 524 2898 38.
555 2859 699 2899 Philippi
729 2870 801 2890 cum
828 2860 1011 2891 Hannibale
1037 2869 1086 2899 23,

474 2910 524 2942 33·

1132 266 1259 297 Foenus
1274 266 1451 298 unciarium
1473 274 1502 307 7,
1521 266 1568 300 16.
1591 268 1631 299 cf.
1647 270 1679 298 et
1695 273 1725 306 7,
1741 276 1789 298 21.

1174 309 1417 340 semunciarium
1440 310 1561 341 factum
1584 320 1624 341 ex
1649 309 1791 340 unciario

1178 359 1206 391 7,
1223 360 1271 392 27.
1294 352 1420 384 foenore
1440 353 1543 383 obruti
1563 352 1720 384 debitores
1740 360 1792 392 35,

1178 401 1195 412 μιν

1180 413 1205 433 l·

1129 437 1354 468 Foeneratores
1387 439 1564 469 multantur
1594 445 1623 478 7,
1654 437 1703 468 28.
1742 446 1791 474 10,

1172 488 1220 517 23.
1251 488 1301 519 35,
1326 490 1375 518 41.
1409 491 1517 511 eorum
1540 480 1726 520 improbitas
1759 480 1792 517 8,

1173 522 1221 553 28.
1244 533 1284 553 ex
1300 523 1445 554 Sardinia
1452 523 1602 564 fugantur
1617 532 1667 562 32,
1679 530 1727 562 27.
1751 522 1792 552 de

1171 565 1274 595 multa
1299 575 1408 595 eorum
1433 566 1600 606 quadrigae
1627 565 1790 596 inauratae

1172 605 1205 636 in
1222 607 1381 646 Capitolio
1397 608 1518 647 positae
1535 616 1586 647 35,
1602 617 1652 646 41.

1132 648 1217 678 Fons
1234 649 1385 679 Herculis
1402 659 1451 688 22,
1470 660 1495 681 1.

1132 691 1179 721 M.
1194 691 1347 721 Fonteius
1362 695 1485 722 creatur
1500 695 1625 732 praetor
1639 699 1691 731 45,
1705 702 1755 731 44.

1134 733 1171 764 P.
1187 734 1340 764 Fonteius
1366 734 1487 764 Balbus
1517 738 1639 764 creatur
1667 738 1793 774 praetor

1176 786 1228 813 44,
1247 784 1293 816 17.
1316 777 1443 807 sortitur
1459 775 1662 816 Hispaniam,
1676 777 1752 808 ibid.

1137 818 1174 849 P.
1191 818 1344 850 Fonteius
1369 819 1496 859 Capito,
1521 822 1647 859 praetor
1668 828 1721 858 43,
1745 828 1793 850 11.

1177 861 1304 892 sortitur
1319 862 1496 892 Sardiniam
1515 870 1562 901 17.

1134 903 1173 935 T.
1184 904 1348 942 Fonteius,
1364 905 1486 944 legatus
1502 911 1552 943 25,
1569 913 1617 944 34.
1641 903 1692 942 26,
1711 911 1757 944 17.

1135 946 1173 977 T.
1190 947 1343 977 Fonteius
1372 947 1488 987 Capito
1518 950 1641 977 creatur
1668 949 1793 987 praetor

1175 999 1227 1028 40,
1244 998 1292 1030 59.
1316 990 1442 1020 sortitur
1458 989 1650 1029 Hispaniam
1665 989 1792 1020 ulterio-

1174 1042 1242 1062 rem
1262 1042 1313 1071 41,
1335 1042 1362 1063 2.
1386 1033 1555 1072 proconsul
1578 1032 1612 1063 in
1633 1031 1794 1072 Hispania

1174 1084 1302 1105 manere
1317 1075 1443 1105 iubetur
1461 1085 1508 1117 19.

1133 1117 1312 1148 Fontinalis
1326 1121 1418 1158 porta
1434 1125 1484 1158 35,
1502 1127 1549 1149 10.

1134 1160 1249 1190 Forem
1266 1171 1305 1191 ex
1317 1161 1396 1191 aede
1413 1161 1535 1198 Lunae,
1545 1170 1626 1200 quae
1639 1159 1673 1191 in
1688 1161 1792 1191 Aven-

1175 1203 1242 1233 tino
1258 1207 1316 1241 est,
1331 1208 1455 1243 raptam
1473 1203 1533 1233 fert
1550 1207 1641 1233 atrox
1656 1205 1792 1242 tempes-

1174 1248 1234 1282 tas,
1250 1246 1324 1276 etin
1341 1245 1468 1285 posticis
1483 1245 1655 1285 parietibus
1670 1245 1794 1277 Cereris

1175 1288 1289 1328 templi
1303 1288 1402 1328 affigit
1418 1298 1468 1326 40,
1486 1298 1513 1319 2.

1133 1330 1207 1361 Fori
1222 1331 1255 1361 in
1278 1331 1361 1361 circo
1383 1331 1482 1370 quid?
1510 1340 1536 1368 1,
1552 1337 1590 1370 35
1612 1334 1645 1361 et
1661 1329 1711 1370 56.
1734 1340 1792 1370 pu-

1175 1373 1250 1404 blici
1268 1383 1317 1415 29,
1335 1380 1382 1413 37.

1135 1416 1281 1446 Formiae
1298 1423 1348 1455 35,
1365 1425 1414 1447 21.

1133 1458 1303 1488 Formiana
1318 1468 1395 1488 saxa
1411 1467 1462 1495 22,
1481 1456 1528 1488 16.

1132 1500 1310 1531 Formianis
1333 1500 1442 1531 civitas
1465 1499 1533 1530 sine
1552 1499 1699 1540 suffragio
1718 1501 1794 1531 data

1176 1543 1206 1580 8,
1225 1553 1271 1581 14.
1295 1547 1365 1573 tum
1380 1543 1473 1583 longo
1489 1546 1560 1582 post
1574 1545 1717 1583 tempore
1731 1544 1792 1574 suf-

1174 1586 1264 1625 fragii
1280 1586 1356 1616 latio
1372 1586 1423 1624 38,
1440 1584 1488 1625 36.

1133 1628 1323 1659 Formianus
1337 1639 1410 1668 ager
1428 1638 1476 1666 10,
1491 1637 1540 1667 31.
1562 1637 1654 1658 mons
1669 1637 1719 1670 39,
1735 1639 1785 1667 44.

1134 1671 1161 1701 F
1163 1670 1253 1702 ornix
1267 1671 1299 1701 in
1317 1670 1477 1711 Capitolio
1498 1680 1571 1701 cum
1593 1674 1716 1710 septem
1735 1670 1794 1711 sig-

1174 1714 1223 1744 nis
1240 1714 1357 1744 auratis
1372 1718 1403 1744 et
1419 1714 1541 1744 duobus
1562 1714 1651 1753 equis
1665 1713 1795 1757 'positus

1174 1766 1194 1787 a
1206 1757 1243 1788 P.
1254 1756 1403 1788 Cornelio
1420 1756 1568 1796 Scipione
1579 1756 1730 1787 Africano
1742 1763 1794 1796 37,

1175 1808 1203 1838 3.
1234 1799 1368 1830 fornices
1390 1800 1453 1830 duo
1477 1799 1517 1830 de
1538 1799 1696 1829 manubiis
1717 1798 1794 1829 facti

1174 1843 1214 1873 ab
1230 1842 1267 1873 L.
1283 1841 1432 1873 Stertinio
1456 1850 1506 1882 33,
1525 1848 1574 1880 27.
1604 1841 1740 1872 fornices
1759 1841 1794 1872 in

1173 1895 1275 1922 mure,
1290 1885 1357 1925 apti
1376 1885 1416 1915 ad
1431 1884 1661 1915 exeun-endum
1677 1882 1729 1924 36,
1744 1893 1793 1923 23.

1174 1927 1326 1958 fornicata
1343 1927 1392 1957 via
1408 1937 1458 1965 22,
1476 1926 1524 1967 36.

1133 1970 1160 2001 F
1163 1974 1294 2000 mtunae
1330 1970 1424 2001 aedes
1462 1970 1634 2001 Praeneste
1663 1977 1713 2007 23,
1745 1977 1792 2010 19.

1175 2013 1300 2043 Romae
1317 2013 1400 2043 intra
1417 2016 1541 2052 portam
1557 2011 1792 2043 Carmentalem

1173 2054 1320 2086 incendio
1335 2055 1510 2085 absumitur
1523 2061 1632 2092 24,47.
1654 2053 1794 2084 reficitur

1175 2105 1225 2136 25,
1241 2105 1266 2137 7.
1290 2098 1323 2128 in
1337 2098 1404 2127 foro
1418 2096 1524 2127 boario
1541 2102 1650 2135 33,27.
1672 2095 1792 2134 Eques-

1172 2140 1229 2170 tris
1244 2150 1294 2178 40,
1307 2149 1347 2177 40
1358 2143 1390 2170 et
1402 2150 1451 2178 44.
1474 2147 1525 2177 42,
1539 2148 1556 2177 3
1572 2141 1604 2168 et
1619 2147 1665 2168 10.
1688 2138 1793 2169 Fortis

1173 2182 1333 2212 Fortunae
1348 2182 1442 2212 aedes
1457 2190 1504 2218 10,
1516 2179 1566 2219 46.
1583 2188 1634 2220 27,
1647 2189 1692 2211 11.
1716 2181 1792 2211 For-

1172 2227 1270 2254 tunae
1300 2223 1464 2254 muliebris
1492 2223 1650 2262 templum
1681 2232 1711 2260 2,
1741 2233 1791 2261 40.

1174 2266 1385 2305 Primigeniae
1411 2266 1505 2296 aedes
1526 2265 1559 2295 in
1582 2265 1665 2295 colle
1685 2265 1792 2301 Quiri-

1172 2308 1237 2338 nali
1262 2318 1311 2348 34,
1335 2316 1383 2347 53.
1407 2316 1526 2355 43,.15.
1550 2308 1590 2338 cf.
1613 2311 1645 2356 et
1668 2317 1718 2356 29,
1736 2307 1790 2356 ’36.

1172 2351 1334 2381 Fortunae
1350 2351 1382 2380 in
1398 2351 1513 2390 Algido
1528 2350 1720 2390 supphcatlo
1733 2361 1791 2381 lm—

1173 2397 1284 2432 perata
1300 2402 1350 2431 21,
1365 2391 1415 2424 62.

1131 2435 1251 2473 Foruli,
1267 2435 1354 2466 vicus
1370 2435 1420 2474 26,
1439 2445 1486 2467 11.

1131 2478 1249 2508 Forum
1266 2479 1391 2509 Romae
1410 2487 1437 2516 1,
1456 2488 1502 2509 12.
1527 2480 1672 2508 ornatum
1694 2477 1791 2509 scutis

1171 2520 1288 2552 auratis
1310 2520 1500 2551 Samnitium
1515 2530 1546 2562 9,
1561 2530 1610 2558 40.
1639 2520 1714 2551 inde
1732 2520 1790 2551 ini-

1171 2563 1251 2593 tium
1267 2563 1324 2593 fori
1340 2562 1472 2594 ornandi
1487 2563 1527 2593 ab
1538 2562 1704 2600 aedilibus,
1713 2562 1790 2595 ibid.

1169 2606 1312 2635 medium
1334 2616 1431 2645 specu
1449 2608 1536 2636 vasto
1558 2605 1734 2645 collapsum
1757 2605 1790 2636 in

1171 2647 1359 2678 immensam
1381 2647 1583 2678 altitudinem
1604 2654 1633 2686 7,
1648 2646 1676 2679 6.
1707 2648 1791 2679 circa

1170 2687 1273 2720 somni
1299 2690 1395 2720 fastos
1420 2690 1453 2719 in
1477 2690 1551 2720 albo
1579 2690 1729 2729 proponit
1751 2691 1789 2722 C.

1171 2732 1311 2770 Flavius,
1332 2735 1380 2770 ut,
1402 2732 1528 2771 quando
1550 2733 1619 2772 lege
1643 2732 1693 2772 agi
1719 2743 1790 2773 pos-

1171 2778 1229 2812 set,
1254 2774 1384 2805 sciretur
1409 2784 1439 2816 9,
1463 2773 1514 2813 46.
1547 2774 1579 2805 in
1602 2775 1707 2805 forum
1733 2785 1790 2815 per

1172 2816 1322 2847 viatorem
1351 2817 1471 2848 accitae
1504 2821 1668 2849 matronae
1696 2827 1788 2849 vene-

1171 2859 1250 2890 ficae
1273 2860 1303 2896 8,
1326 2860 1372 2890 18.
1401 2859 1434 2890 in
1455 2859 1522 2890 foro
1544 2859 1649 2891 medio
1671 2859 1788 2900 captivi

1171 2906 1202 2932 et
1224 2901 1409 2933 defectionis
1430 2906 1573 2933 auctores
1593 2902 1685 2942 virgis
1706 2902 1788 2934 caesi
