1888 3194
352 179 433 216 288
870 176 1018 218 ΤΙΤΙ
1056 176 1234 218 LIVII

351 265 457 315 ris23
505 280 632 321 quem
669 264 842 322 quidem
885 281 1017 323 quum
1059 267 1112 307 ad
1156 281 1303 307 manus
1345 280 1566 315 sumerem,
1608 265 1747 307 statim

352 322 641 373 animadvelti,
668 324 744 364 sub
773 323 926 365 libris
915 339 960 364 m
989 339 1038 365 eo
1066 324 1276 365 contentis
1306 323 1586 378 antiquiorem
1617 322 1745 364 latere

351 380 612 436 scripturam,
654 380 779 422 libros
821 381 979 422 scilicet
1020 381 1180 423 Tobiae
1228 389 1471 436 ceterosque
1517 379 1745 435 antiquiori

351 437 592 487 characteri,
622 438 813 494 quisquis
843 438 909 487 sit,
938 454 963 479 a
993 437 1160 479 libiaiio
1191 438 1498 502 superscriptos
1521 452 1637 478 esse·
1628 468 1638 486 ,
1676 452 1746 478 co-

351 494 490 536 dicem
516 495 645 550 igitur
669 495 723 536 ad
752 495 797 536 id
827 495 1205 551 manuscriptorum
1232 510 1366 551 genus
1393 494 1617 559 pertinere,
1640 508 1746 550 quos

350 551 477 608 vulgo
512 552 732 608 rescriptos
767 561 930 601 vocant,
967 552 1133 602 rectius,
1167 553 1295 593 veibo
1329 551 1607 593 Ciceroniano
1639 550 1744 606 (vid.

353 609 461 665 Epp.
493 609 547 650 ad
578 609 675 650 Div.
705 608 775 649 lib.
798 609 866 649 vii.
894 623 959 664 ep.
987 609 1074 663 18.)
1104 609 1392 665 palimpsestos
1423 608 1591 650 dixeris.
1655 608 1746 649 Ne-

350 666 489 731 glecto
516 666 644 722 igitur
670 665 899 721 posteriore
928 664 1000 706 illo
1029 673 1162 714 textu,
1186 681 1260 721 qul
1288 674 1427 707 tamen
1456 675 1498 707 et
1525 666 1613 722 ipse
1636 665 1745 707 anti-

351 723 574 779 quissimus
605 731 679 772 est,
708 722 762 763 ad
793 721 1007 762 saeculum
1039 731 1232 763 octavum
1263 722 1432 763 fortasse
1463 723 1743 774 referendusss,

351 780 469 821 cuius
490 779 739 820 characteris
760 779 974 844 specimen
996 778 1273 820 Blanchinius
1297 779 1482 828 exhibet,
1505 794 1554 820 ea
1579 788 1744 821 tantum

351 837 577 892 inquirere,
599 844 740 892 atque,
763 837 798 877 si
825 851 1003 892 possem,
1026 851 1172 877 eruere
1202 836 1412 885 constitui,
1435 851 1543 891 quae
1571 836 1710 877 olim'
1699 852 1745 877 111

350 894 594 935 membrana
614 893 850 959 conscripta
870 901 999 935 erant.
1049 892 1143 934 Nec
1164 893 1284 934 aliter
1303 893 1438 934 facere
1461 893 1593 949 potui,
1612 909 1744 950 quum

350 950 456 992 Tuis
505 950 688 1006 vestigiis
738 950 946 1000 insistens,
997 950 1358 992 Praestantissime
1406 950 1653 1001 Kennicott,
1698 951 1744 992 in

349 1007 525 1049 aliarum
566 1008 803 1064 linguarum
847 1008 1061 1050 codicibus
1103 1008 1186 1049 iam
1223 1008 1388 1073 pridem
1430 1022 1742 1059 consueveram,

349 1080 457 1122 quae
488 1065 569 1107 alia
599 1080 748 1107 manus
778 1065 978 1115 illeverat,
1000 1080 1149 1122 parum
1179 1080 1336 1115 curare,
1358 1065 1403 1106 in
1430 1065 1475 1106 id
1503 1066 1618 1106 omni
1648 1080 1743 1107 meo

349 1123 489 1165 studio
517 1122 681 1173 collato,
712 1133 759 1164 ut
789 1131 974 1165 veterem
1007 1122 1273 1188 deletamque
1306 1123 1570 1164 restituerem
1597 1123 1743 1165 lectio-

348 1195 459 1222 nem.
523 1181 785 1237 Magnopere
807 1189 1021 1236 praeterea
1045 1180 1218 1221 miratus
1242 1195 1347 1230 sum,
1371 1179 1708 1221 Blanchinium
1696 1195 1743 1221 m

348 1237 678 1294 pervestigandis
698 1237 935 1279 vetustioris
955 1237 1046 1279 aevi
1067 1238 1352 1279 monumentis
1373 1236 1742 1303 diligentissimum

347 1295 561 1351 duplicem
588 1295 714 1336 huius
741 1294 897 1336 codicis
917 1294 1094 1336 formam
1121 1309 1175 1336 ne
1194 1295 1322 1335 verbo
1344 1293 1515 1350 quidem
1541 1294 1739 1351 attigisse.

351 1351 626 1393 Membranae
658 1360 799 1394 autem
831 1367 885 1393 ex
914 1352 1037 1393 variis
1072 1351 1317 1408 desumptae
1348 1351 1464 1392 fuere
1497 1351 1738 1393 codicibus.

347 1409 463 1465 quod
495 1410 693 1465 antiquae
724 1409 951 1465 scripturae
982 1409 1198 1450 diversitas
1228 1408 1439 1458 ostendit3
1471 1408 1740 1465 pluriumque

347 1467 390 1507 in
425 1466 504 1508 hoc
537 1466 644 1508 libro
674 1466 868 1508 codicum
902 1466 1136 1522 fragmenta
1168 1466 1445 1530 reperiuntur.
1507 1465 1665 1516 Prima,
1695 1466 1740 1508 in

347 1539 455 1580 quae
491 1523 634 1588 incidi,
670 1523 770 1564 folia
804 1523 904 1564 olim
943 1523 1160 1565 Ciceronis
1195 1522 1404 1565 orationes
1439 1523 1738 1573 continebant3

347 1595 565 1637 quumque
586 1581 631 1621 in
651 1580 878 1637 legendis
867 1580 918 1621 iis
939 1580 1053 1621 diem
1074 1595 1397 1630 consumseram,
1419 1579 1527 1621 nihil
1546 1580 1697 1623 inediti
1717 1595 1743 1623 a

346 1653 414 1679 me
455 1637 669 1679 detectum
706 1637 817 1679 vidi·
808 1670 818 1686 ,
866 1637 920 1679 ad
960 1637 1041 1679 alia
1076 1637 1230 1679 deinde
1267 1637 1460 1694 delapsus
1500 1652 1593 1679 sum
1627 1637 1740 1704 folia,

347 1710 527 1760 quorum
559 1695 763 1752 scriptura
794 1695 867 1751 (de
898 1695 1035 1751 priore
1068 1695 1150 1746 illa,
1185 1710 1271 1736 non
1304 1695 1358 1737 de
1393 1695 1626 1737 recentiore
1661 1695 1741 1737 im-

346 1753 492 1808 posita,
530 1767 695 1809 semper
736 1752 906 1809 loquor)
940 1752 1061 1794 valde
1104 1752 1278 1809 antiqua
1319 1761 1362 1794 et
1404 1767 1501 1794 cum
1538 1752 1741 1795 Terentio

348 1809 555 1852 Vaticano
582 1825 778 1866 magnam
809 1810 1127 1851 similitudinem
1157 1810 1310 1851 habere
1331 1809 1562 1851 videbatur.
1624 1810 1741 1852 Tan-

346 1867 444 1909 dem
475 1867 623 1909 folium
656 1867 938 1909 characterem
974 1882 1072 1924 prae
1108 1882 1151 1908 se
1184 1867 1344 1909 ferebat
1357 1866 1467 1932 plus
1497 1882 1625 1923 quam
1654 1867 1739 1909 dici

345 1933 484 1981 potest
504 1924 755 1989 elegantem,
777 1924 974 1974 nitidum,
996 1939 1183 1965 summae
1205 1924 1481 1980 antiquitatis,
1499 1923 1735 1966 uncialem·
1723 1941 1736 1975 ;

345 1997 575 2046 omnesque
601 1981 744 2030 animi,
767 1981 1009 2030 industriae,
1032 1981 1248 2022 oculorum
1270 1995 1420 2022 nervos
1440 1981 1655 2032 contendi,
1676 1990 1738 2032 ut,

345 2053 453 2095 quae
480 2038 673 2094 primitus
699 2038 853 2094 scripta
875 2037 1053 2088 fuerant,
1077 2038 1321 2079 invenirem.
1384 2037 1470 2079 Hic
1496 2037 1582 2079 illic
1609 2053 1739 2095 quae-

345 2196 384 2228 cf.
393 2195 432 2227 A.
444 2194 643 2233 Friederich,
656 2194 854 2225 Geschichte
867 2195 923 2225 der
934 2195 1016 2225 nach

344 2239 442 2269 Rom.
472 2237 659 2268 entfiihiten
694 2237 929 2276 Heidelberger
963 2237 1017 2267 Bi—

343 2280 501 2312 bliothek.
534 2280 727 2318 Karlsruhe,
768 2278 857 2310 1816.
893 2283 924 2310 et
963 2279 1017 2311 Fr.

344 2323 495 2360 Wi1ken,
533 2322 731 2353 Geschichte
768 2322 825 2352 der
862 2321 1017 2361 BHdung,

345 2365 542 2404 Beraubung
586 2365 653 2395 und
692 2364 918 2403 Vernichtung
961 2365 1018 2395 der

342 2408 430 2438 alten
447 2406 757 2446 Heidelbergischen
771 2406 1015 2437 Biichersamm-

343 2451 473 2490 lungen.
512 2449 722 2489 Heidelberg,
764 2450 853 2488 1817.
899 2449 1015 2488 quibus

343 2493 437 2529 adde,
453 2502 535 2531 quae
557 2492 696 2522 breviter
720 2492 781 2522 hac
804 2492 844 2522 de
867 2502 901 2522 re
924 2502 1014 2531 prae-

342 2535 427 2564 fatus
451 2538 498 2564 est
521 2534 698 2565 Creuzerus
721 2535 971 2565 Mcletematum
997 2545 1014 2564 e

342 2576 513 2615 disciplina
536 2575 737 2615 antiquitatis
761 2577 850 2607 Part.
874 2577 902 2608 Ι.
928 2587 959 2616 p.
986 2584 1014 2615 7,

340 2628 386 2658 sq.

385 2670 402 2690 2
428 2659 642 2691 Blanchinius
657 2659 690 2689 in
708 2659 868 2691 Vindiciis
884 2661 1014 2691 canoni-

341 2712 451 2733 carum
467 2702 697 2741 scripturarum
715 2702 862 2740 vulgatae
878 2703 1016 2733 Latinae

342 2744 491 2776 editionis
518 2754 548 2783 p.
575 2752 648 2782 321.
678 2743 766 2773 hune
794 2745 937 2774 codicem
969 2745 1014 2775 ait

342 2789 363 2803 “
376 2791 409 2818 et
424 2787 560 2818 mirifica
581 2789 743 2825 praestare
762 2786 966 2825 antiquitate,
981 2790 1013 2817 et

341 2833 461 2861 certam
483 2828 760 2868 Hieronymianae
783 2828 935 2858 versionis
957 2838 1010 2858 no-

341 2876 408 2902 tam
431 2872 464 2902 in
485 2870 719 2910 subscriptione
739 2873 1012 2910 repraesentare,''

340 2918 436 2953 atque
462 2914 569 2945 locum
599 2913 670 2944 Iob.
691 2912 758 2943 xlii.
785 2911 916 2944 12—16.
946 2914 1009 2944 “et

1062 2194 1154 2225 mille
1174 2194 1249 2235 iuga
1270 2196 1446 2226 boum—et
1470 2199 1557 2226 satur
1577 2195 1738 2234 dierum‚''

1062 2238 1117 2276 qui
1132 2238 1165 2268 in
1182 2238 1292 2268 codice
1308 2248 1339 2278 p.
1360 2246 1428 2276 150.
1446 2238 1564 2278 legitur
1578 2242 1622 2276 et,
1637 2249 1737 2278 quan-

1062 2284 1131 2310 tum
1159 2291 1198 2311 ex
1225 2280 1273 2318 iis,
1297 2290 1380 2320 quae
1404 2280 1606 2311 Niebuhrius
1629 2291 1660 2320 p.
1685 2279 1735 2313 26.

1061 2322 1183 2358 retulit,
1203 2323 1385 2362 intelligere
1405 2322 1508 2362 potui,
1527 2323 1736 2354 membranae

1061 2374 1101 2395 ex
1114 2365 1214 2395 Gellii
1226 2365 1388 2396 Noctibus
1395 2365 1513 2396 Atticis
1522 2366 1736 2405 depromptae

1061 2407 1234 2447 inscriptus
1249 2412 1307 2445 est,
1320 2407 1505 2447 speciminis
1521 2417 1617 2438 causa
1631 2407 1666 2438 in
1680 2417 1736 2439 aes

1059 2449 1196 2480 incisum
1213 2450 1355 2480 exhibet.

1102 2501 1119 2531 3
1145 2492 1301 2523 Similiter
1320 2493 1360 2523 de
1383 2491 1502 2523 codicis
1522 2494 1629 2523 aetate
1651 2492 1733 2524 iudi-

1059 2534 1144 2565 cavit
1175 2534 1376 2565 Niebuhrius
1404 2545 1436 2574 p.
1467 2544 1514 2565 11.
1539 2545 1585 2574 sq.
1629 2534 1734 2571 “Qui

1060 2577 1261 2616 vulgatum,”
1298 2577 1457 2617 inquiens,
1494 2578 1514 2592 ‘⁶
1527 2580 1649 2608 temere
1685 2587 1733 2608 as-

1058 2619 1233 2658 signandae
1264 2619 1418 2650 librorum
1448 2619 1563 2650 aetatis
1593 2628 1732 2649 errorem

1059 2661 1159 2692 vitare
1184 2662 1265 2699 vult,
1281 2661 1362 2691 nihil
1386 2660 1568 2691 accuratius
1591 2670 1731 2700 pronun-

1059 2703 1165 2739 tiabit,
1181 2713 1278 2742 quam
1299 2704 1396 2733 libros
1415 2712 1532 2740 sacros,
1548 2702 1603 2741 qui
1623 2702 1669 2733 ibi
1687 2703 1732 2733 le-

1057 2751 1187 2783 guntur,
1232 2749 1308 2775 ante
1351 2754 1453 2774 annos
1494 2745 1595 2775 ferme
1639 2744 1731 2776 mille

1057 2786 1194 2825 scriptos
1224 2789 1327 2824 esse,”
1358 2791 1391 2817 et
1420 2787 1504 2817 hanc
1535 2787 1730 2818 sententiam

1056 2828 1180 2858 idoneis
1218 2828 1366 2868 probavit
1401 2829 1610 2869 argumentis,
1646 2839 1730 2869 quae

1055 2871 1143 2909 apud
1160 2870 1265 2910 ipsum
1283 2871 1344 2911 legi
1361 2875 1503 2911 possunt.
