1888 3194
499 200 625 243 LIB.
659 199 828 243 XLIII.
875 201 1023 244 CAP.
1061 207 1123 245 15.
1420 207 1499 246 113

104 301 230 334 erunt
258 305 476 334 censuram
506 290 640 347 princi
698 306 717 332 s
746 290 937 341 civitatis,
969 291 1020 333 C.
1044 291 1239 333 Valerius
1270 291 1494 343 Laevinus,
1512 303 1555 336 U.
1572 303 1610 335 c.
1633 303 1705 343 583·

93 349 154 392 =P.
169 348 410 392 Postumius
426 347 622 398 Albinus,
643 306 695 389 ¹13³e
709 347 881 390 Mucius
904 348 1115 400 Scaevola,
1139 348 1202 390 M.
1218 348 1366 390 Iunius
1387 349 1496 391 Bru·
1508 347 1549 378 A.
1571 347 1611 379 C.
1636 345 1705 386 ¹69-

104 416 185 458 tus,
209 405 260 448 C.
280 405 486 447 Claudius
507 405 703 455 Pulcher,
727 406 793 447 Ti.
815 405 1087 463 Sempronius
1110 406 1340 449 Gracchus.
1403 406 1497 449 Hos

103 464 210 507 duos
233 478 427 506 censores
451 463 606 505 creavit
629 463 811 520 populus
840 463 1070 506 Romanus.
1136 463 1282 513 Quum
1307 464 1496 506 delectus
1510 472 1666 519 Deleetus
1680 481 1700 502 a

103 521 287 564 habendi
316 521 461 571 maior,
487 535 613 578 quam
639 521 752 571 alias,
781 530 952 579 propter
980 521 1307 564 Macedonicum
1337 521 1494 564 bellum
1509 515 1707 587 flffiffissbus

102 593 204 621 cura
222 588 342 628 esset,
360 579 551 620 consules
571 578 737 635 plebem
755 580 869 636 apud
889 589 1081 622 senatum
1097 580 1362 630 accusabant,
1381 580 1497 636 quod
1639 581 1646 588 '

71 644 146 684 4et
165 636 349 678 iuniores
365 652 451 678 non
472 636 786 693 responderent.
848 637 1064 680 Adversus
1086 653 1191 694 quos
1214 637 1265 679 C.
1287 637 1498 694 Sulpicius

71 703 146 741 set
175 693 238 736 M.
265 693 471 736 Claudius
506 704 717 751 praetores
751 694 885 752 plebis
915 711 1081 737 causam
1117 704 1305 752 egerunt.
1370 695 1498 737 ‘Non

71 751 385 819 6‘consulibus‚
410 752 484 794 sed
512 752 740 794 ambitiosis
767 752 1021 804 consulibus,
1043 753 1256 795 delectum
1283 753 1497 795 difficilem

74 815 243 870 7‘esse:
286 810 499 852 neminem
532 810 711 852 invitum
742 811 921 853 militem
951 812 1003 854 ab
1034 812 1083 853 iis
1113 811 1215 853 fieri.
1278 811 1331 853 Id
1361 820 1407 853 ut
1440 812 1498 853 ita

72 873 218 913 8‘esse
246 868 401 910 scirent
425 878 468 909 et
493 867 640 910 Patres
667 869 905 926 conscripti,
934 879 1156 926 praetores,
1186 869 1338 926 quibus
1363 878 1407 911 et
1437 870 1497 911 vis

105 926 187 967 ‘im
246 925 296 966 rii
324 926 462 967 minor
486 935 528 967 et
552 926 775 973 auctoritas
800 936 920 977 esset,
943 927 1168 977 delectum,
1190 928 1224 970 si
1252 927 1311 969 ita
1334 927 1497 969 senatui

72 983 173 1028 9‘vi
205 993 356 1033 eretur,
390 983 646 1040 perfecturos
681 985 796 1026 esse.’
853 984 908 1026 Id
938 985 1199 1041 praetoribus
1231 1000 1383 1042 magna
1417 985 1498 1027 Pa-

105 1050 215 1083 trum
249 1041 271 1062 ⁴*
302 1055 390 1082 non
429 1041 519 1082 sine
559 1041 822 1097 sugillatione
862 1042 1095 1093 consulum,
1136 1043 1382 1085 mandatum
1422 1052 1495 1084 est.

106 1097 329 1147 Censores,
344 1107 391 1139 ut
408 1113 498 1139 eam
517 1113 606 1140 rem
623 1098 882 1150 adiuvarent,
898 1100 957 1141 ita
974 1100 1018 1141 in
1034 1101 1237 1142 concione
1251 1100 1494 1143 edixerunt:

104 1162 116 1180 ‘
130 1154 292 1212 Legem
308 1156 453 1197 censui
469 1156 680 1198 censendo
696 1155 882 1198 dicturos
899 1172 1001 1207 esse,
1016 1167 1076 1208 ut,
1093 1167 1259 1215 praeter
1274 1173 1497 1200 commune

75 1227 88 1249 ι
104 1213 318 1255 ‘omnium
339 1213 495 1254 civium
516 1213 820 1265 iusiurandum,
843 1215 947 1256 haee
969 1215 1236 1258 adiurarent:
1270 1216 1340 1257 Tu
1361 1216 1499 1257 minor

104 1270 249 1312 ‘annis
275 1286 348 1313 sex
375 1282 419 1312 et
445 1271 725 1328 quadraginta
751 1287 808 1322 es,
832 1282 962 1330 tuque
991 1288 1044 1315 ex
1073 1273 1212 1315 edicto
1244 1273 1294 1316 C.
1313 1273 1498 1324 Claudii,

103 1328 197 1371 ‘Ti.
218 1327 457 1386 Sempronii
486 1344 707 1371 censorum
741 1330 796 1372 ad
823 1330 1036 1373 delectum
1067 1331 1278 1388 prodibis:
1311 1340 1367 1382 et,
1393 1347 1500 1388 quo-

103 1392 117 1412 ‘
130 1387 376 1444 tiescunque
405 1386 593 1429 delectus
613 1388 704 1438 erit,
726 1403 853 1445 quem
882 1388 947 1430 his
967 1390 1210 1431 censoribus
1236 1390 1499 1446 magistratus

104 1443 359 1495 ‘habebunt,
381 1444 416 1486 si
443 1444 563 1487 miles
590 1445 723 1490 factus
744 1461 828 1488 non
858 1447 951 1496 eris,
974 1447 1019 1488 in
1047 1447 1260 1489 delectum
1288 1447 1500 1504 prodibis.’

104 1501 227 1553 Item,
258 1503 359 1560 quia
387 1502 497 1544 fama
526 1512 628 1554 erat,
660 1503 814 1546 multos
844 1520 897 1546 ex
930 1504 1220 1547 Macedonicis
1249 1505 1498 1563 legionibus,

104 1559 274 1602 incertis
293 1561 594 1603 commeatibus
614 1576 691 1618 per
717 1563 990 1604 ambitionem
1018 1563 1331 1620 imperatorum,
1354 1564 1406 1605 ab
1427 1579 1501 1606 ex-

105 1617 239 1660 ercitu
266 1618 422 1668 abesse,
445 1618 670 1661 edixerunt
690 1619 743 1661 de
771 1619 986 1671 militibus,
1008 1621 1056 1662 P.
1074 1621 1214 1672 Aelio,
1247 1621 1298 1664 C.
1317 1621 1500 1679 Popillio

106 1674 359 1726 consulibus,
395 1685 540 1732 postve
577 1691 648 1718 cos
679 1677 871 1719 consules
904 1678 948 1719 in
990 1677 1288 1721 Macedoniam
1323 1679 1499 1736 scriptis,

108 1732 208 1783 ‘Ut,
238 1733 312 1790 qui
340 1748 485 1775 eorum
513 1734 555 1774 in
588 1733 709 1776 Italia
736 1744 887 1785 essent,
915 1735 1027 1777 intra
1052 1735 1142 1778 dies
1173 1737 1356 1794 triginta,
1385 1738 1499 1779 censi

107 1796 119 1816 ⁴
133 1791 248 1848 prius
267 1791 380 1847 apud
402 1806 504 1841 sese,
527 1793 570 1832 in
591 1792 847 1848 provinciam
870 1793 1078 1835 redirent:
1112 1794 1185 1850 qui
1213 1795 1256 1836 in
1279 1795 1408 1851 patris
1428 1804 1501 1836 aut

107 1854 120 1873 ‘
136 1849 201 1890 avi
222 1858 427 1906 potestate
445 1859 596 1899 essent,
615 1865 759 1891 corum
782 1851 953 1892 nomina
969 1851 1022 1893 ad
1043 1867 1086 1893 se
1103 1851 1339 1894 ederentur.
1394 1852 1500 1894 Mis-

107 1912 272 1947 ‘sorum
304 1922 474 1963 quoquc
506 1922 650 1948 causas
681 1923 769 1949 sese
805 1909 1046 1964 cognituros
1076 1925 1188 1951 esse:
1232 1920 1287 1960 et,
1320 1925 1500 1966 quorum

75 1969 229 2005 2‘ante
254 1964 428 2005 emerita
448 1964 657 2021 stipendia
699 1965 863 2021 ‘ratiosa
891 1966 1030 2008 missio
1062 1967 1141 2008 sibi
1169 1967 1255 2010 visa
1279 1978 1400 2018 essct,
1429 1984 1499 2010 cos

107 2027 120 2046 ‘
134 2021 286 2064 milites
302 2021 390 2063 fieri
410 2021 617 2064 iussuros)
677 1981 773 2064 fiee
790 2023 928 2065 edicto
952 2024 1163 2081 literisque
1177 2040 1403 2067 censorum
1426 2041 1501 2084 per

105 2079 194 2122 fora
213 2090 256 2121 et
277 2079 554 2122 conciliabula
574 2080 767 2130 dimissis,
792 2090 906 2123 tanta
928 2082 1154 2124 multitudo
1176 2083 1389 2125 iuniorum
1412 2083 1500 2125 Ro-

107 2152 217 2179 mam
239 2138 448 2187 convcnit‚
473 2147 519 2180 ut
537 2139 675 2194 gravis
704 2139 795 2180 urbi
819 2141 940 2181 turba
961 2140 1127 2182 insolita
1147 2151 1265 2183 esset.
1330 2141 1501 2184 Praeter
1582 2143 1644 2182 15.

105 2194 316 2237 delectum
348 2211 507 2246 eorum,
540 2212 645 2252 quos
676 2197 718 2238 in
750 2197 1090 2254 supplementum
1128 2199 1237 2241 mitti
1270 2201 1499 2257 oportebat,

106 2263 306 2311 quattuor
332 2270 357 2294 a
379 2253 429 2296 C.
452 2254 640 2311 Sulpicio
667 2265 858 2312 praetore
879 2256 1057 2313 scriptae
1089 2256 1277 2314 legiones
1304 2267 1415 2307 sunt,
1438 2258 1502 2299 in·-

151 2429 169 2457 4
193 2419 237 2450 Et
260 2420 420 2457 iuniores]
454 2430 496 2450 sc.
517 2418 624 2449 Etiam
647 2419 708 2457 illi,
729 2420 783 2459 qui

873 2421 892 2450 8
916 2422 1039 2458 Quibus
1064 2426 1094 2452 el
1123 2424 1169 2452 vis
1194 2423 1320 2463 imperii
1346 2425 1450 2454 minor
1472 2429 1502 2455 ct

106 2461 148 2493 ad
165 2461 251 2493 bella
267 2461 342 2492 foris
363 2463 503 2502 gerenda
525 2466 651 2509 praesto
667 2467 783 2493 essent.

828 2465 1004 2495 auctoritas
1026 2466 1122 2503 esset]
1164 2465 1313 2501 Quorum
1340 2470 1373 2497 et
1400 2466 1504 2497 minor

107 2504 148 2536 cf.
163 2514 250 2544 nupt.
267 2503 287 2536 i.
306 2513 357 2544 43.

150 2555 169 2587 5
194 2548 384 2587 Praetores]
408 2547 461 2578 lta
479 2547 663 2578 Perizonius
677 2558 784 2579 emcn-

108 2589 198 2621 dnvit
214 2600 272 2630 pro
293 2591 377 2630 vulg.
397 2591 533 2627 tribuni,
549 2600 649 2630 quum
673 2591 783 2622 literae

107 2633 192 2664 duae
209 2642 260 2664 Ριι.
276 2632 445 2664 oscitantia
469 2633 667 2664 librariorum
685 2633 716 2665 in
731 2644 782 2666 rn.

108 2684 277 2749 pefferam
295 2680 439 2707 mutatae
455 2679 568 2707 essent.

194 2719 361 2750 Neminem
379 2720 517 2750 invitum
533 2720 663 2751 militem
684 2720 723 2750 ab
746 2721 785 2750 iis

100 2760 198 2801 fieri]
232 2761 284 2793 Sic
309 2763 445 2801 probant
466 2762 629 2802 Sulpicius
650 2766 681 2793 ct
699 2762 784 2793 Mar-

110 2803 213 2834 cellus
239 2804 425 2834 ambitiosos
454 2816 522 2835 esse
550 2805 709 2841 consult-u,
731 2805 784 2844 qui

110 2851 199 2877 metu
222 2847 433 2878 offensionum
463 2847 622 2878 neminem
649 2848 786 2878 militare

114 2887 247 2919 invitum
265 2895 423 2927 cogerent.

159 2938 175 2968 7
201 2932 239 2961 ld
261 2937 297 2962 ue
320 2934 365 2962 ita
389 2935 472 2971 csse]
504 2933 548 2964 Ut
581 2934 690 2964 l'ntrca
713 2944 786 2963 con-

114 2972 224 3012 scripti
237 2985 364 3013 quoque
381 2975 497 3005 scirent
515 2976 543 3005 id
563 2976 605 3005 itu
623 2987 701 3007 vet-se.

177 3028 273 3055 vm..
298 3029 356 3056 lv.

831 2511 983 2545 potestas,
999 2511 1031 2537 et
1046 2507 1151 2538 minor
1166 2508 1309 2548 dignatio
1324 2513 1414 2540 esset.
1463 2509 1501 2540 ln

828 2550 962 2589 imperio
988 2553 1036 2581 est
1064 2550 1108 2581 vis
1134 2551 1290 2589 cogendi:
1327 2553 1504 2583 auctoritas

830 2592 1066 2623 venerationem
1087 2594 1247 2625 conciliat.
1279 2594 1318 2625 cf.
1334 2605 1420 2635 supr.
1438 2595 1457 2626 i.
1477 2604 1503 2634 7.

830 2636 985 2666 Evander
1000 2641 1067 2666 tum
1082 2647 1121 2667 ea
1137 2660 1145 2668 .
1162 2660 1170 2668 .
1187 2660 1194 2668 .
1212 2660 1219 2667 .
1233 2639 1424 2669 auctoritate
1440 2650 1503 2668 mu-

826 2679 876 2717 yis
891 2689 987 2718 quam
1004 2679 1136 2718 imperio
1152 2681 1280 2720 reyebat
1295 2681 1373 2712 loca.
1397 2681 1503 2712 szv.

871 2730 892 2760 9
908 2722 1036 2761 Alagma
1048 2723 1188 2753 I'atrum
1205 2745 1213 2753 .
1229 2746 1237 2754 .
1254 2724 1279 2761 .]
1297 2723 1420 2754 Vocem
1434 2735 1503 2755 con-

830 2765 975 2795 sensione
989 2769 1060 2804 post
1075 2770 1205 2804 'mlv-um
1219 2765 1334 2797 adiecit
1348 2766 1506 2806 Sigonius,

832 2809 866 2836 nt
883 2817 1032 2837 mancum
1053 2808 1157 2838 locum
1175 2809 1330 2849 expleret.

879 2859 888 2878 ι
918 2850 1171 2890 Iusiurandum]
1200 2853 1240 2882 cf.
1254 2852 1347 2892 Supr.
1365 2852 1441 2882 xxii.
1457 2854 1506 2889 38.

876 2901 891 2922 ἰ
918 2894 1069 2923 (lratinsa
1101 2895 1222 2931 ›nisa-io]
1257 2906 1299 2925 sc.
1324 2896 1420 2930 Quae
1454 2904 1507 2933 [ιι-Γ

832 2935 1040 2965 ambitionem
1059 2939 1089 2965 vt
1107 2937 1240 2973 gratiam
1260 2937 1430 2975 impetrata
1449 2942 1505 2965 vat.

833 2977 984 3007 'l'i'nxmu

1267 3034 1277 3058 1
