1888 3194
343 160 422 199 156
862 156 1011 199 TITI
1049 156 1227 198 LIVII

131 259 176 290 U.
193 258 232 290 C.
255 259 327 298 584.
341 247 436 289 culo
466 247 510 288 in
543 247 668 304 plani
700 247 925 289 descensus
960 247 1049 289 fuit.
1115 247 1211 288 Hoc
1247 260 1386 287 lerum
1423 254 1532 287 statu
1560 245 1739 288 Perseus

128 302 170 333 A.
195 302 234 333 C.
258 301 328 334 168.
341 305 566 370 ambigere,
589 304 694 360 quid
713 304 823 346 facto
845 319 961 361 opus.
1028 305 1187 354 Quum,
1211 313 1354 360 aperta
1374 304 1457 345 iam
1485 318 1561 359 per
1587 302 1738 344 saltum

197 2021 264 2059 36.

134 2075 267 2106 Aemilii

133 2120 306 2149 cunctatio.

340 362 419 412 via,
443 369 662 411 metueiet,
684 377 738 402 ne
765 362 1056 403 circumiretur
1080 376 1104 402 a
1126 361 1342 410 Romanis,
1365 361 1538 402 omnino
1568 375 1738 401 necesse

340 428 442 469 erat,
465 427 513 460 ut
542 428 616 459 aut
645 419 698 459 ad
725 419 918 475 Pydnam
949 419 1150 460 recedens
1180 418 1343 460 hostem
1374 418 1432 459 ibi
1463 426 1737 474 exspectaret,

340 477 418 518 sub
444 476 573 517 muris
604 476 790 516 munitae
820 477 934 517 urbis
966 476 1126 517 minore
1158 475 1345 531 periculo
1376 483 1632 523 certaturus,
1665 482 1739 515 aut

341 534 471 590 copiis
492 548 567 589 pel
588 533 710 574 urbes
733 532 1012 574 Macedoniae
1035 533 1242 588 dispersiS,
1265 532 1559 587 convectisque
1581 531 1627 572 in
1647 531 1740 572 loca

342 591 569 632 munitiora
604 590 792 646 frugibus
832 599 958 645 atque
1000 590 1234 645 pec01ibus,
1275 589 1496 645 populatos
1535 603 1655 644 agros
1695 597 1739 629 et

342 648 506 689 nudum
538 647 647 688 hosti
678 647 937 702 relinqueret
967 646 1112 687 solum.
1178 647 1351 700 Anceps
1371 646 1600 686 fluctuabat
1627 646 1739 687 inter

341 704 445 746 haec
473 704 558 745 duo
589 703 762 744 consilia
793 718 901 758 regis
932 703 1107 743 animus.
1173 703 1315 743 Amici
1337 703 1466 743 tutius
1488 718 1657 758 quoque
1679 702 1737 752 id,

341 761 457 818 quod
488 761 703 801 honestius
734 760 852 809 foret,
882 760 975 809 iati,
1007 759 1294 808 hortabantur,
1326 767 1372 800 ut
1398 774 1565 814 pugnae
1596 774 1738 800 casum

341 818 614 881 experiretur.
680 823 691 840 ‘
709 816 818 857 Eum
849 824 892 857 et
922 831 1099 857 numero
1130 826 1338 872 praestare
1361 815 1559 881 militum,
1578 824 1621 857 et
1641 831 1738 858 vero

343 875 498 916 ‘etiam
519 874 662 915 virtuti
691 873 861 914 credeie
887 873 1055 923 debere,
1079 888 1205 929 quam
1232 873 1465 929 ingenitam
1493 873 1643 914 animis
1671 888 1739 914 ac-

343 938 543 973 ‘censura
563 946 733 987 quoque
757 939 896 972 essent
917 930 987 971 illa
1008 946 1032 971 v
1022 930 1262 971 alidissima
1282 939 1324 971 et
1345 930 1601 972 sanctissima
1625 930 1739 986 apud

343 989 560 1030 ‘homines
596 988 649 1029 ad
682 988 844 1029 fortiter
876 988 1152 1044 pugnandum
1186 988 1471 1038 incitamenta,
1503 1002 1610 1038 arae,
1641 988 1737 1038 foci,

343 1052 493 1095 ‘sacra,
517 1046 627 1087 inter
649 1061 756 1101 quae
785 1054 828 1086 et
857 1060 933 1101 pro
955 1045 1107 1100 quibus
1129 1045 1415 1086 dimicandum
1438 1053 1569 1095 esset3
1602 1053 1646 1086 et
1665 1060 1739 1101 pa-

342 1109 508 1144 ‘rentes
529 1119 576 1144 ac
598 1103 820 1159 coniuges3
854 1117 928 1143 rex
954 1103 1139 1158 denique
1171 1103 1259 1158 ipse
1290 1103 1541 1158 inspectans,
1563 1117 1738 1158 seseque

342 1166 354 1184 ‘
367 1160 411 1201 in
433 1169 594 1216 partem
612 1160 864 1200 discriminis
881 1160 1069 1201 offerens.
1076 1161 1084 1177 '
1131 1159 1212 1200 His
1229 1169 1366 1201 motus
1382 1174 1456 1200 rex
1477 1159 1531 1200 ad
1551 1174 1738 1216 pugnam

341 1233 429 1259 sese
456 1218 723 1273 comparavit,
747 1225 801 1266 et,
825 1231 957 1272 quum
982 1217 1282 1258 retrocessisset
1307 1216 1361 1257 ad
1381 1216 1591 1273 Pydnam,
1614 1216 1739 1257 simul

341 1283 474 1316 castra
503 1274 625 1323 locat,
652 1274 778 1314 simul
807 1274 976 1315 instruit
1003 1275 1148 1323 aciem,
1175 1289 1298 1315 suum
1329 1274 1481 1329 cuique
1513 1273 1738 1315 ductorum

341 1347 495 1372 munus
528 1331 753 1387 locumque
786 1331 980 1387 assignat,
1014 1340 1215 1387 tanquam
1245 1331 1384 1372 statim
1413 1346 1467 1372 ex
1495 1331 1645 1372 itinere
1674 1331 1739 1372 di-

341 1389 581 1429 micaturus.
646 1388 784 1444 Regio
816 1398 904 1429 erat
934 1388 1187 1429 huiusmodi.
1254 1388 1442 1444 Campus
1463 1388 1736 1444 explicandae

340 1445 553 1502 phalangi,
583 1446 651 1486 cui
680 1454 823 1501 aperta
853 1454 895 1486 et
925 1445 1135 1501 aequabili
1166 1445 1339 1502 planitie
1362 1460 1466 1501 opus
1487 1455 1563 1495 est,
1585 1460 1739 1502 oppor-

342 1514 492 1551 tunus;
526 1518 612 1544 non
634 1503 692 1543 ita
713 1511 866 1551 tamen,
886 1511 933 1543 ut
948 1502 1068 1544 facile
1090 1503 1325 1558 promoveri
1346 1511 1508 1558 posset:
1541 1503 1735 1559 p'erpetui

341 1560 496 1601 deinde
519 1560 657 1609 colles,
680 1561 754 1615 qui
785 1559 866 1601 levi
898 1568 1129 1601 armaturae
1156 1568 1246 1601 tum
1274 1559 1524 1615 refugiendi,
1547 1568 1638 1601 tum
1659 1560 1739 1602 cir-

341 1617 636 1659 cumcursandi
669 1617 834 1673 copiam
868 1617 1128 1673 praeberent.
1193 1617 1356 1658 Amnes
1389 1617 1487 1666 duo,
1522 1616 1738 1659 Aesonem

341 1674 533 1724 alterum,
556 1674 734 1715 alterum
758 1674 951 1715 Leucum
976 1674 1137 1715 incolae
1159 1674 1386 1730 appellant,
1409 1674 1599 1731 quamvis
1620 1675 1739 1716 tenui

342 1740 432 1773 tum
453 1732 633 1773 fluerent
654 1747 776 1787 aqua,
794 1731 954 1788 aliquid
975 1741 1115 1773 tamen
1137 1732 1296 1787 negotii
1315 1732 1516 1773 facessere
1535 1731 1740 1774 Romanis

341 1805 462 1845 posse
496 1789 758 1830 videbantur.
822 1788 1044 1839 Aemilius,
1081 1790 1234 1830 iunctis
1270 1804 1367 1830 cum
1404 1789 1560 1831 Nasica
1594 1789 1738 1846 copiis,

342 1856 457 1888 recta
487 1846 541 1887 ad
571 1846 734 1887 hostem
766 1846 825 1887 ire
855 1847 1003 1902 pergit.
1067 1846 1229 1887 Verum
1250 1847 1304 1887 ad
1324 1855 1597 1902 conspectum
1618 1861 1740 1888 exer-

343 1904 451 1945 citus
481 1911 524 1944 et
553 1918 731 1944 numero
762 1912 805 1944 et
832 1904 979 1944 robore
1008 1903 1190 1944 militum
1220 1903 1476 1952 validissimi,
1499 1912 1542 1944 et
1572 1903 1738 1960 egregie

344 1960 549 2010 instructi,
572 1969 615 2001 et
641 1960 775 2015 parati
806 1960 860 2000 ad
889 1975 1089 2015 pugnam,
1112 1960 1368 2016 stupefactus
1388 1960 1585 2010 substitit,
1607 1961 1740 2002 multa

344 2032 487 2058 secum
517 2025 728 2072 reputans.
792 2016 1002 2072 Tempus]
1027 2017 1126 2057 anni
1157 2026 1251 2072 post
1278 2017 1576 2058 circumactum
1603 2018 1739 2060 solsti-

345 2074 451 2115 tium
472 2083 583 2114 erat:
617 2074 720 2114 hora
741 2073 826 2114 diei
848 2074 930 2114 iam
959 2074 1012 2115 ad
1038 2074 1257 2115 meridiem
1278 2075 1499 2130 vergebat:
1533 2075 1612 2116 iter
1632 2075 1740 2116 mul-

345 2140 388 2172 to
408 2131 579 2187 pulvere
612 2139 654 2171 et
684 2130 961 2171 incalescente
994 2131 1079 2172 sole
1110 2131 1266 2172 factum
1288 2140 1388 2172 erat.
1451 2131 1675 2174 Lassitudo
1696 2141 1740 2174 et

344 2188 433 2229 sitis
463 2188 545 2229 iam
576 2188 846 2237 sentiebatur,
875 2197 930 2237 et,
960 2188 1133 2229 meridie
1165 2189 1360 2238 instante,
1390 2189 1521 2245 magis
1551 2203 1772 2231 accessu-4

344 2260 438 2286 rum
460 2254 686 2300 utrumque
711 2245 949 2300 apparebat.
1015 2245 1171 2286 Statuit
1199 2246 1256 2287 510
1288 2246 1458 2287 affectos
1488 2247 1648 2288 recenti
1678 2256 1740 2288 at-

344 2317 427 2358 que
449 2302 613 2357 integro
634 2302 744 2343 hosti
764 2317 851 2342 non
873 2302 1065 2343 obiicere.
1117 2302 1201 2344 Sed
1221 2312 1359 2344 tantus
1380 2303 1504 2345 ardor
1524 2303 1568 2344 in
1589 2304 1740 2346 animis

344 2359 399 2401 ad
419 2359 707 2400 dimicandum
729 2359 939 2415 utrimque
962 2369 1061 2409 erat,
1085 2369 1132 2401 ut
1153 2360 1314 2401 consuli
1345 2376 1431 2402 non
1460 2361 1622 2402 minore
1650 2369 1738 2403 arte

345 2416 399 2457 ad
419 2431 515 2457 suos
536 2415 780 2465 eludendos,
803 2431 929 2472 quam
960 2417 1013 2457 ad
1044 2417 1195 2467 hostes,
1219 2433 1324 2473 opus
1349 2426 1469 2460 esset.
1532 2417 1739 2460 Nondum

345 2473 539 2515 omnibus
560 2473 786 2522 instructis,
805 2474 984 2515 instabat
1006 2475 1183 2515 tribunis
1204 2475 1399 2525 militum,
1416 2484 1462 2516 ut
1481 2484 1740 2517 maturarent

345 2531 573 2571 instruere:
612 2530 857 2571 circumibat
894 2531 980 2587 ipse
1018 2532 1198 2580 ordines,
1235 2532 1396 2573 animos
1432 2533 1612 2574 militum
1643 2533 1741 2575 hor-

346 2587 475 2628 tando
506 2587 550 2627 in
580 2602 766 2643 pugnam
798 2588 1064 2630 accendebat.
1128 2589 1194 2630 Ibi
1222 2589 1359 2644 primo
1387 2589 1542 2630 alacres
1573 2590 1741 2646 signum

345 2644 595 2709 poscebant:
629 2644 798 2694 deinde,
829 2655 1034 2701 quantum
1065 2646 1317 2688 incresceret
1347 2655 1496 2695 aestuS,
1528 2656 1572 2687 et
1600 2647 1740 2688 vultus

347 2702 486 2742 minus
506 2701 695 2758 vigentes
716 2710 759 2742 et
780 2718 902 2743 voces
923 2703 1135 2759 segniores
1157 2711 1288 2753 erant,
1310 2711 1352 2744 et
1373 2702 1547 2759 quidam
1577 2703 1741 2744 incum-

343 2842 346 2844 .
390 2825 410 2851 4
432 2815 845 2854 Accessarumutrmnque]
865 2813 1020 2844 sc.LaSS1-
1067 2815 1164 2853 plane
1196 2815 1293 2845 modo
1327 2818 1436 2844 noster
1469 2825 1555 2854 supr.
1588 2825 1667 2846 xxx,
1699 2825 1741 2854 30

346 2856 494 2886 tudinem
520 2860 552 2886 et
575 2856 671 2887 sitim.
723 2856 859 2886 Generis
883 2856 1019 2886 mutatio
1065 2859 1085 2871 ⁴⁶
1099 2860 1189 2886 tuam
1212 2856 1476 2895 adolescentiam,
1494 2861 1527 2887 et
1548 2861 1741 2896 perpetuam

348 2898 481 2928 offendit
526 2898 739 2929 Gronovium.
796 2898 859 2929 Sed
905 2899 1018 2928 eodem
1064 2898 1432 2934 felicitatein,feroci01·a
1442 2902 1612 2938 utraque.”
1632 2900 1740 2932 CREv.
