1888 3194
560 137 978 180 EDITIONUM
1023 139 1213 180 LIVII.
1502 148 1586 186 449

305 227 418 283 apud
451 226 665 268 Maittaire
699 227 743 268 in
773 227 928 269 Annal.
953 227 1142 284 Typogr.
1166 237 1266 269 tom.
1293 228 1325 269 I.
1356 245 1397 285 p.
1421 234 1518 273 314.
1542 242 1585 273 et

304 293 405 326 tom.
432 283 510 325 IV.
534 298 575 339 p.
599 286 695 325 545.
761 283 953 340 Suspicio
983 293 1126 326 tamen
1156 293 1232 333 est,
1254 284 1363 327 hanc
1393 297 1436 328 et
1465 303 1582 343 prae-

302 340 526 382 cedentem
547 341 740 382 eamdem
762 356 865 391 esse,
887 356 1116 398 earumque
1138 341 1324 392 alteram,
1347 352 1389 383 et
1409 345 1583 400 quidem

301 397 422 447 hanc,
445 412 498 439 ex
515 397 603 439 solo
624 413 845 455 operarum
867 413 1006 439 errore
1027 408 1168 440 natam
1190 412 1291 439 esse.

190 456 310 496 1493.
343 452 538 496 Venetiis
582 470 658 512 per
700 455 944 497 Mattheum
988 454 1180 512 Capcasa
1214 455 1501 506 Parmensem,
1539 458 1582 498 in

240 511 374 552 forma
394 512 563 554 maiore.

356 567 572 611 Maittaire
594 569 638 610 in
660 569 819 611 Annal.
844 569 1030 626 Typogr.
1054 579 1154 611 tom.
1173 569 1228 612 V.
1250 579 1345 627 part
1365 570 1424 613 II.
1446 585 1486 627 p.
1512 575 1579 613 23.

296 624 527 668 editionem
549 627 659 668 hanc
680 627 928 668 memoravit
948 643 1002 668 ex
1026 626 1202 669 Orland.
1225 643 1265 684 p.
1288 631 1386 670 418.

185 685 309 725 1495.
344 681 579 725 Mediolani
620 699 696 741 per
733 683 981 726 Uldericum
1021 683 1342 736 Scinzenzeller‚
1379 686 1580 742 impensis

239 739 475 782 Alexandri
498 741 745 791 Minutiani,
767 742 812 783 in
832 742 966 783 forma
987 742 1157 784 maiore.

353 797 599 840 Editionem
640 798 749 840 hanc
792 814 1028 841 memorans
1074 799 1290 841 Maittaire
1331 801 1376 841 in
1417 801 1576 844 Annal.

295 854 335 895 T
395 870 482 912 ogr.
512 865 612 898 tom.
644 855 677 897 I.
706 871 746 912 p.
771 860 867 898 332.
895 867 937 898 et
965 867 1065 898 tom.
1091 856 1168 899 IV.
1191 872 1231 913 p.
1256 861 1352 900 590.
1387 867 1575 909 testatur,

293 870 504 954 affinem
536 914 626 955 eius
653 913 736 969 legi
764 914 868 955 haec
896 915 1046 956 verba:
1084 920 1094 938 ‘
1113 914 1328 971 Impressit
1351 915 1576 958 Uldericus

295 974 306 993 ‘
325 968 592 1012 Sinzenzeler
611 971 811 1026 impensis
830 970 1066 1019 Alexandri
1088 971 1319 1014 Minutiani
1334 989 1344 1022 ;
1372 988 1426 1014 ex
1447 989 1575 1030 quam

294 1027 546 1068 ‘emendato
579 1028 823 1084 exemplari,
846 1029 880 1069 si
910 1043 1008 1069 cum
1041 1030 1190 1070 ceteris
1221 1029 1423 1080 conferes,
1446 1046 1572 1086 quam

292 1082 514 1125 ‘facillime
547 1084 769 1140 intelliges,
801 1085 1096 1126 candidissime
1135 1086 1291 1135 lector3
1337 1088 1404 1128 cui
1447 1089 1572 1129 etiam

291 1139 581 1182 ‘librariorum
603 1141 784 1197 culpam,
808 1151 1014 1198 quantum
1036 1142 1167 1192 licuit,
1191 1143 1302 1184 idem
1330 1144 1574 1186 Alexander

291 1203 525 1253 ‘praestare
558 1208 731 1240 conatus
762 1208 839 1248 est,
867 1198 1103 1240 Mediolani
1134 1200 1271 1255 pridie
1303 1216 1431 1256 quam
1460 1202 1569 1243 Lud.

290 1260 302 1279 ‘
318 1253 380 1296 Μ.
409 1254 484 1296 SF.
516 1256 684 1313 Anglus
708 1256 903 1313 princeps
930 1256 1260 1313 sapientissimus
1289 1257 1414 1299 huius
1439 1259 1572 1300 incliti

289 1312 481 1368 ‘imperii
511 1323 723 1370 sceptrum
755 1324 798 1355 et
829 1313 995 1355 ducalia
1025 1314 1205 1370 insignia
1230 1329 1254 1355 3
1277 1314 1570 1357 Maximiliano

288 1369 566 1426 ‘imperatore
611 1387 687 1427 per
732 1371 917 1427 legatum
963 1372 1185 1428 acciperet.
1250 1373 1382 1413 Anno
1427 1373 1570 1414 salutis

288 1433 300 1451 ‘
318 1427 853 1471 M.CCCC.LXXXXV.
877 1428 945 1470 die
970 1430 1122 1471 XXV.
1147 1428 1266 1470 Maii.

176 1486 299 1526 1495.
334 1483 526 1526 Venetiis
560 1501 636 1542 per
671 1486 918 1543 Philippum
956 1486 1153 1528 Pincium
1191 1485 1490 1538 Mantuanum,
1526 1489 1570 1529 in

228 1541 362 1583 forma
382 1543 542 1584 maiori.

345 1598 393 1640 In
427 1599 505 1640 1130
535 1599 722 1642 editione
754 1610 1002 1656 repetuntur
1046 1599 1138 1642 6Μ.
1159 1601 1339 1642 Antonii
1373 1600 1570 1643 Sabellici

287 1661 298 1680 ‘
315 1657 581 1698 brevissimae
609 1658 650 1699 in
674 1658 844 1699 Livium
873 1658 1179 1707 annotationes,
1203 1657 1303 1699 loeis
1323 1673 1399 1700 suo
1420 1659 1567 1700 ordine

287 1718 387 1755 ‘aut
422 1715 466 1755 in
502 1715 714 1771 integrum
751 1715 966 1764 restitutis,
1001 1724 1073 1756 aut
1110 1715 1153 1756 in
1191 1714 1339 1765 fronte,
1374 1731 1427 1757 ne
1464 1717 1566 1772 quid

286 1777 297 1794 ‘
315 1780 471 1813 temere
489 1772 787 1821 offenderetur,
805 1773 919 1813 brevi
944 1772 1084 1813 iudice
1106 1772 1287 1813 relictis.'
1349 1772 1404 1814 Iis
1425 1783 1567 1814 autem

283 1829 565 1884 praemittitur
586 1830 715 1886 ipsius
740 1829 933 1871 Sabellici
955 1830 1156 1885 praefatio
1183 1835 1194 1852 ⁶
1210 1829 1264 1870 ad
1286 1829 1567 1886 Magnificum

285 1892 353 1927 ‘et
387 1896 668 1942 praestantem
704 1887 841 1928 virum
876 1887 1157 1928 Benedictum
1195 1886 1448 1928 Cornarium
1486 1888 1567 1929 Pa-

284 1948 296 1966 ‘
313 1943 479 1984 tricium
528 1943 768 1985 Venetum.'
841 1944 913 1985 Ad
962 1945 1091 1985 finem
1143 1944 1236 1985 libri
1287 1944 1390 1986 11300
1441 1946 1567 1986 verba

281 2001 505 2042 subiuncta
537 2000 686 2042 video:
734 2001 812 2042 ‘T.
845 2001 955 2042 Livii
990 2001 1183 2043 Patavini
1217 2001 1397 2042 decades
1430 2002 1564 2058 expli-

283 2058 440 2107 ‘ciunt,
464 2058 657 2100 Venetiis
715 2074 760 2100 er
788 2058 1035 2114 Philippum
1058 2058 1254 2100 Pincium
1278 2058 1563 2100 Mantuanum

281 2120 294 2139 ‘
309 2129 472 2157 summa
491 2131 592 2158 cura
613 2125 656 2157 et
708 2116 868 2172 iligenti
897 2116 1037 2157 studio
1059 2116 1295 2171 impressae.
1361 2116 1490 2158 Anno
1512 2117 1563 2158 ab

281 2178 292 2196 ‘
310 2171 605 2215 Incarnatione
652 2173 829 2215 Domini
878 2172 1366 2215 M.CCCC.XCV.III.
1416 2173 1563 2215 Nonas

281 2229 577 2280 ‘Novembris‚
611 2230 851 2288 Imperante
887 2230 1162 2272 Serenissimo
1184 2229 1428 2286 Augustino
1461 2231 1563 2272 Bar-

281 2293 291 2310 ‘
307 2287 468 2337 badico,
492 2287 768 2330 Venetiarum
790 2288 898 2329 duce
919 2287 1185 2329 felicissimo.'

168 2346 288 2385 1498.
324 2344 517 2386 Venetiis
547 2361 622 2402 per
648 2345 1017 2387 Bartholomaeum
1045 2345 1098 2386 de
1124 2344 1253 2386 Zanis
1280 2345 1333 2386 de
1356 2344 1560 2396 Portesio‚

221 2401 263 2442 in
285 2401 418 2444 forma
439 2402 606 2444 maiore.

336 2459 569 2501 Recensuit
619 2459 727 2501 hanc
773 2460 1004 2502 editionem
1052 2458 1267 2500 Maittaire
1313 2459 1358 2500 in
1402 2459 1557 2501 Annal.

276 2515 462 2573 Typogr.
499 2526 597 2558 tom.
630 2515 662 2558 I.
693 2532 730 2573 p.
763 2520 859 2558 353.
890 2526 932 2558 et
966 2525 1051 2556 tom
1082 2516 1157 2557 IV.
1182 2532 1221 2572 p.
1251 2519 1348 2558 662.
1384 2516 1557 2566 addens,

274 2588 368 2614 03111
395 2574 485 2615 81110
515 2575 625 2615 110118
656 2574 869 2630 prodiisse.
935 2572 1096 2614 Eadem
1123 2583 1311 2615 servatur
1338 2574 1381 2614 in
1409 2573 1559 2614 biblio-

275 2630 398 2672 theca
425 2631 681 2681 Traiectina,
710 2631 822 2673 unde
855 2630 1056 2672 utendam
1087 2631 1243 2687 accepi,
1272 2646 1320 2672 30
1341 2630 1484 2678 didici,
1515 2631 1556 2670 in

274 2701 325 2728 03
346 2702 388 2729 re
449 2689 545 2730 titas
566 2689 691 2730 fuisse
717 2688 913 2730 Sabellici
933 2688 1255 2730 Anuotationes.
1306 2687 1377 2728 Ad
1399 2687 1556 2728 calcem

275 2743 364 2785 eius
402 2745 478 2786 ibri
508 2745 611 2787 11300
639 2746 904 2787 ascribuntur
926 2746 1077 2788 verba:
1114 2752 1124 2768 ‘
1142 2745 1192 2786 T.
1220 2744 1330 2786 Livii
1363 2744 1553 2785 Patavini

275 2800 481 2843 ‘decades
510 2818 564 2844 ex
598 2803 757 2852 licium,
792 2802 984 2844 Venetiis
1015 2817 1091 2858 per
1124 2801 1468 2843 Bartholomeum
1502 2800 1554 2839 ‹le

277 2863 288 2880 ‘
308 2857 437 2899 Zanis
471 2859 524 2900 de
558 2818 748 2901 gon-tenio
783 2874 947 2901 summa
981 2874 1081 2900 01113
1115 2868 1157 2899 01
1189 2857 1380 2913 diligenti
1416 2856 1554 2897 studio

221 2927 318 2955 vor..
344 2928 403 2955 iv.
1309 2928 1335 2950 0
1357 2928 1384 2965 g
