1888 3194
512 166 794 209 LIBROR.
840 167 1145 212 DEPERD.
1446 180 1528 220 251

686 423 972 467 LXXXVII.

135 534 339 580 SULLA
362 534 413 578 C.
433 534 634 585 Marium,
656 536 845 578 exercitu
877 537 968 578 eius
995 537 1088 580 fuso
1115 537 1343 596 deletoque
1373 539 1427 582 ad
1458 541 1534 584 Sa-

131 595 376 651 criportum,
394 593 439 634 in
460 593 618 650 oppido
635 593 863 636 Praeneste
881 594 1072 637 obsedit:
1107 597 1255 638 urbem
1274 597 1457 640 Romam
1479 615 1532 641 ex

130 652 399 694 inimieorum
421 651 614 692 manibus
634 652 816 708 recepit:
851 651 1039 694 Marium
1057 669 1278 711 erumpere
1297 665 1533 698 tentantem

129 709 297 766 repulit.
350 708 574 750 Praeterea
593 723 659 750 res
679 724 704 750 a
724 709 873 766 legatis
892 710 996 761 eius,
1013 711 1163 754 eadem
1186 713 1343 770 ubique
1363 713 1533 756 fortuna

130 767 327 824 partium,
349 775 486 823 gestas
506 767 708 808 continet.

674 999 984 1041 LXXXVIII.

133 1111 337 1155 SULLA
372 1111 627 1161 Carbonem,
662 1111 853 1152 exercitu
888 1111 978 1152 eius
1014 1111 1105 1153 fuso
1141 1112 1196 1153 ad
1234 1113 1441 1164 Clusium,
1479 1115 1533 1157 ad

130 1169 375 1212 Faventiam
399 1168 723 1224 Fidentiamque
752 1183 886 1218 caeso,
910 1167 1035 1210 Italia
1061 1169 1252 1226 expulit:
1286 1186 1383 1212 cum
1413 1172 1533 1214 Sam-

127 1227 301 1276 nitibus,
319 1226 394 1282 qui
415 1225 492 1268 soli
508 1241 561 1267 ex
579 1225 737 1267 Italicis
757 1225 924 1282 populis
945 1226 1135 1268 nondum
1157 1242 1272 1270 arma
1291 1239 1532 1284 posuerant,

127 1284 249 1326 iuxta
276 1284 425 1326 urbem
447 1283 686 1325 Romanam
715 1292 814 1325 ante
842 1292 1008 1340 portam
1038 1283 1250 1326 Collinam
1279 1286 1530 1329 debellavit:

127 1352 458 1399 recuperataque
499 1341 728 1398 republica,
761 1341 1087 1398 pulcherrimam
1123 1342 1340 1385 victoriam
1382 1344 1534 1386 crude-

128 1399 259 1450 litate,
291 1408 451 1456 quanta
485 1399 530 1440 in
565 1398 683 1441 nullo
718 1398 941 1440 hominum
976 1399 1069 1450 fuit,
1103 1400 1355 1457 inquinavit.
1421 1401 1533 1444 Octo

128 1457 262 1499 millia
280 1457 520 1499 deditorum
549 1457 595 1498 in
615 1456 715 1498 villa
741 1457 911 1513 publica
939 1457 1188 1499 trucidavit:
1223 1458 1407 1501 tabulam
1436 1475 1532 1516 pro-

129 1515 368 1571 scriptionis
403 1515 645 1571 proposuit:
692 1515 839 1556 urbem
875 1530 923 1556 ac
961 1524 1092 1556 totam
1129 1515 1294 1558 Italiam
1331 1517 1532 1559 caedibus

129 1572 333 1629 replevit:
373 1572 483 1613 inter
507 1587 610 1628 quas
644 1587 790 1614 omnes
818 1572 1116 1614 Praenestinos
1149 1574 1331 1616 inermes
1364 1575 1531 1617 concidi

130 1630 275 1672 iussit:
310 1628 510 1678 Marium,
532 1630 729 1670 senatorii
755 1629 915 1671 ordinis
939 1630 1089 1680 virum,
1116 1632 1306 1672 cruribus
1331 1632 1533 1674 brachiis-

161 1703 214 1729 ue
250 1687 402 1737 fractis,
432 1687 601 1728 auribus
631 1687 869 1742 praesectis,
904 1695 947 1728 et
983 1688 1141 1729 effossis
1177 1688 1321 1738 oculis,
1351 1691 1528 1731 necavit.

130 1703 185 1786 ἓ).
210 1745 386 1794 Marius,
422 1744 649 1785 Praeneste
683 1744 873 1785 obsessus
905 1759 930 1785 a
963 1744 1164 1786 Lucretio
1202 1745 1353 1796 Ofella,
1396 1746 1532 1789 Sulla-

130 1818 279 1844 narum
301 1802 483 1858 partium
501 1802 602 1852 viro,
622 1816 752 1857 quum
771 1816 846 1858 per
862 1802 1104 1843 cuniculum
1128 1811 1315 1859 captaret
1337 1804 1529 1855 evadere,

129 1869 298 1917 saeptus
328 1860 379 1901 ab
408 1859 610 1908 exercitu,
634 1868 811 1900 mortem
843 1859 919 1900 sibi
951 1860 1167 1910 conscivit,
1194 1860 1238 1901 id
1266 1870 1341 1911 est,
1364 1862 1408 1902 in
1437 1863 1529 1918 ipso

129 1917 339 1967 cuniculo,
393 1931 495 1958 uum
517 1916 692 1957 sentiret
713 1931 755 1957 se
778 1916 955 1958 evadere
984 1932 1071 1958 non
1097 1933 1231 1973 posse,
1254 1934 1349 1960 cum
1373 1919 1529 1962 Pontio

129 1974 342 2024 Telesino,
383 1988 487 2029 ugae
509 1973 677 2023 comite,
700 1974 843 2015 stricto
872 1974 1083 2030 utrimque
1111 1975 1265 2031 gladiO,
1289 1977 1527 2019 concurrit:

127 2047 256 2090 quem
297 2029 414 2074 'uum
443 2031 678 2081 occidisset,
701 2031 789 2088 ipse
818 2032 983 2073 saucius
1010 2031 1251 2089 impetravit
1279 2048 1304 2075 a
1330 2050 1461 2085 servo,
1485 2045 1531 2076 ut

127 2105 171 2133 se
193 2090 282 2133 occi
315 2098 417 2132 eret.

695 2260 957 2303 LXXXIX.

130 2375 195 2418 M.
220 2374 473 2418 BRUTUS
503 2390 527 2416 a
560 2374 642 2416 Cn.
662 2373 832 2430 Papirio
863 2373 1072 2423 Carbone,
1096 2374 1169 2430 qui
1198 2373 1425 2416 Cossuram
1457 2391 1530 2433 ap-

129 2433 307 2491 pulerat,
338 2433 485 2474 missus
516 2447 621 2473 nave
653 2431 875 2488 piscatoria
906 2430 1171 2488 Lilybaeum,
1202 2441 1248 2473 ut
1278 2433 1527 2489 exploraret,

130 2507 183 2533 an
216 2492 274 2533 ibi
306 2491 535 2547 Pompeius
566 2499 687 2539 esset,
719 2498 761 2530 et
797 2489 1109 2530 circumventus
1145 2505 1170 2530 a
1204 2491 1393 2540 navibus,
1426 2507 1530 2548 quas

130 2548 360 2606 Pompeius
381 2549 562 2597 miserat,
586 2547 627 2587 in
651 2562 693 2588 se
717 2561 916 2587 mucrone
939 2561 1070 2597 νει-50,
1089 2547 1141 2588 ad
1165 2557 1390 2589 transtrum
1414 2550 1530 2591 navis

130 2607 312 2648 obnixus
340 2606 525 2662 corporis
552 2604 755 2661 pondere,
777 2613 820 2645 et
847 2604 1051 2645 incubuit.
1118 2604 1198 2646 Cn.
1220 2605 1461 2662 Pompeius,
1486 2607 1528 2648 in

134 2663 317 2705 Siciliam
344 2679 440 2705 cum
468 2663 643 2719 imperio
665 2678 689 2703 a
710 2671 857 2703 senatu
884 2663 1044 2712 miSS1iS,
1074 2661 1154 2703 Cn.
1178 2662 1432 2713 Carbonem,
1456 2665 1528 2720 qui

130 2721 236 2763 flens
276 2721 535 2763 muliebriter
579 2729 756 2761 mortem
800 2719 907 2769 tulit,
944 2730 1113 2776 captum
1155 2721 1321 2762 occidit.
1399 2722 1527 2770 Sulla,

132 2777 311 2820 dictator
338 2778 482 2827 factus,
510 2778 625 2834 quod
655 2792 780 2819 nemo
810 2792 997 2835 unquam
1027 2778 1194 2828 fecerat,
1224 2794 1320 2820 cum
1350 2780 1529 2820 fascibus

132 2834 279 2890 viginti
331 2845 530 2891 quattuor
577 2835 789 2892 processit.
868 2835 929 2877 Le
964 2835 1054 2877 ibus
1104 2836 1223 2877 novis
1274 2836 1527 2893 reipublicae

132 2900 285 2933 statum
316 2893 590 2941 confirmavit,
616 2893 879 2934 tribunorum
913 2851 1046 2948 {ffcbis
1078 2902 1327 2948 potestatem
1361 2894 1525 2936 minuit.
