1888 3194
295 206 377 250 376
785 205 1195 249 PRAEFATIO

300 312 492 374 Quintio,
524 311 629 354 ibid.
660 320 835 355 senatus
867 316 995 356 datus
1025 331 1104 370 pro
1132 321 1304 357 senatus
1332 321 1397 356 est
1426 316 1567 364 datus,
1593 328 1688 369 cap.

297 381 367 422 525.
387 376 472 436 [Sus
499 381 586 422 sive
607 383 736 437 prins
756 398 836 437 pro
850 384 968 438 pius,
995 399 1090 438 cap.
1113 386 1182 425 26.
1208 384 1442 425 decarisset
1464 398 1543 438 pro
1566 384 1691 424 decu-

299 448 494 498 curisset,
526 464 620 504 cap.
643 451 712 491 27.
741 451 788 492 C.
812 451 1107 506 Sempronium
1140 466 1218 505 pro
1246 452 1555 506 Sempronium,
1584 451 1689 492 ibid.

298 515 350 555 L.
374 516 606 558 Stertinius
641 532 720 571 pro
756 519 809 558 L.
835 518 1072 568 Steranins,
1111 520 1213 559 ibid.
1252 519 1485 559 Restitutis
1521 519 1575 559 iis
1613 533 1692 572 pro

297 583 542 634 Restitutis,
578 586 735 625 omisso
771 586 840 634 iis,
877 585 981 626 ibid.
1019 592 1170 626 metum
1191 586 1394 640 fecerunt
1431 601 1509 640 pro
1542 591 1692 626 metam

299 659 517 705 ceperant,
540 667 632 706 cap.
657 653 725 693 23.
749 653 949 707 opinione
974 668 1052 706 pro
1078 654 1330 708 opinionem,
1359 653 1464 694 ibid.
1486 653 1694 708 profugit

298 732 378 771 pro
405 719 622 773 perfilgit,
660 719 764 759 ibid.
803 719 1024 760 Pistratus
1058 734 1138 773 pro
1176 719 1456 769 Pisistratus,
1496 720 1601 761 ibid.
1643 735 1693 761 eo

298 785 396 840 ipso
416 787 566 827 timore
587 801 673 827 rem
694 787 755 826 aa'
773 786 973 827 indicium
991 787 1217 842 protraxit
1244 801 1323 841 pro
1347 801 1396 827 eo
1422 787 1517 842 ipso
1544 788 1695 827 timore

298 853 360 892 aa'
383 852 583 892 indicium
606 853 849 907 protraxit,
878 854 982 894 ibid.
1015 860 1061 894 ut
1087 868 1253 894 servum
1283 854 1497 894 consciam
1525 854 1696 895 tolleret

297 935 377 974 pro
415 935 581 961 servam
614 921 826 962 consciam
859 922 1044 971 tolleret,
1084 921 1189 962 ibid.
1231 921 1333 976 qnia
1367 936 1447 975 pro
1484 922 1535 969 is,
1574 922 1694 976 qnia,

297 989 402 1030 ibid.
442 989 607 1043 quidem
643 1004 722 1043 pro
759 989 946 1044 qnidam,
984 1004 1077 1042 cap.
1115 990 1184 1030 29.
1227 989 1440 1030 conscisse
1480 1004 1560 1044 pro
1600 1005 1695 1031 con-

297 1056 440 1106 stisse,
471 1057 576 1098 ibid.
610 1058 896 1112 quaerendam
929 1072 1008 1111 pro
1040 1057 1308 1112 querendum,
1339 1057 1443 1098 ibid.
1476 1057 1557 1098 toti
1587 1058 1696 1099 enim

297 1124 542 1179 interempti
562 1130 686 1165 erant
707 1139 787 1179 pro
812 1131 874 1165 tot
899 1125 1006 1165 enim
1036 1125 1265 1179 intercepti
1286 1130 1423 1174 erant,
1446 1124 1552 1166 ibid.
1577 1125 1694 1181 quia,

298 1192 342 1232 ni
377 1192 678 1247 impetrassent
713 1207 792 1246 pro
826 1192 970 1246 quiam
1002 1192 1318 1246 impetrassent,
1351 1206 1444 1245 cap.
1476 1192 1546 1232 30.
1578 1192 1697 1233 Bar-

294 1259 434 1313 gyliis
469 1274 548 1312 pro
578 1259 809 1314 Bargylis,
844 1259 947 1299 ibid.
983 1255 1185 1299 libertate
1219 1259 1306 1299 sive
1343 1258 1584 1299 libertatem
1616 1274 1694 1314 pro

298 1326 511 1376 libertate,
558 1326 661 1367 ibid.
706 1327 812 1381 qnid
855 1340 933 1379 pro
979 1326 1066 1380 qui,
1108 1325 1213 1366 ibid.
1257 1325 1575 1380 tranfugasqae
1614 1341 1695 1381 pro

297 1394 651 1449 transfugasque,
674 1407 766 1447 cap.
790 1394 859 1434 31.
884 1393 1065 1434 consilia
1092 1407 1171 1446 pro
1202 1393 1398 1441 concilia,
1421 1393 1525 1433 ibid.
1551 1393 1694 1448 agita-

298 1461 454 1502 bantur
483 1475 563 1516 pro
594 1462 911 1510 tractabantur,
942 1461 1046 1502 ibid.
1081 1461 1306 1501 caritatem
1339 1475 1392 1501 ac
1423 1461 1696 1516 magistatem

296 1543 378 1582 pro
419 1528 661 1577 caritatem,
702 1529 990 1583 magistatem,
1026 1527 1130 1568 ibid.
1174 1528 1375 1582 accipere
1416 1542 1493 1582 pro
1533 1527 1694 1582 accipi,

297 1611 392 1650 cap.
416 1597 485 1637 32.
516 1597 560 1637 in
589 1596 770 1637 mediam
799 1611 945 1637 aream
973 1610 1053 1650 pro
1084 1596 1129 1636 in
1159 1596 1340 1636 mediam
1371 1610 1557 1645 arenam,
1587 1596 1693 1638 ibid.

297 1664 615 1706 Macedonibus
665 1678 773 1717 quae
823 1678 902 1718 pro
943 1662 1362 1718 M'acedonibusqae,
1413 1677 1538 1718 quae,
1587 1663 1693 1705 ibid.

297 1732 502 1773 Pthiotas
528 1746 608 1786 pro
634 1731 882 1780 PhthiotaS,
913 1730 1016 1771 ibid.
1050 1730 1186 1771 somni
1217 1745 1367 1771 vanam
1398 1730 1584 1786 speciem
1613 1745 1694 1785 pro

298 1799 449 1840 somnii
469 1813 621 1839 vanam
642 1798 842 1853 speciem,
865 1798 969 1839 ibid.
994 1795 1120 1838 tantzi
1140 1798 1228 1839 sive
1249 1803 1413 1838 tantum
1435 1813 1513 1852 pro
1535 1803 1694 1849 tantus,

296 1866 400 1907 ibid.
426 1866 708 1921 voluptatium
736 1880 815 1919 pro
843 1866 1121 1920 voluptatum,
1144 1880 1238 1920 cap.
1261 1866 1331 1907 33.
1357 1865 1588 1907 iacentium
1614 1880 1694 1920 pro

296 1934 558 1983 iacientium,
589 1933 693 1974 ibid.
721 1933 882 1987 procul
913 1946 936 1973 e
960 1932 1162 1987 periculo
1196 1947 1274 1986 pro
1302 1933 1462 1987 procul
1481 1933 1694 1988 periculo,

296 2002 402 2043 ibid.
428 2001 576 2057 gloria
608 2006 648 2041 et
664 2000 846 2055 fructas
867 2015 946 2053 pro
979 2001 1153 2054 gloriae
1188 2006 1229 2040 et
1249 2000 1447 2054 finctus,
1480 1999 1584 2041 ibid.
1618 2001 1698 2042 sed

297 2070 438 2111 maria
473 2068 652 2109 traiciat
689 2082 767 2121 pro
801 2067 939 2108 maria
974 2067 1169 2116 traiciat,
1203 2067 1306 2108 ibid.
1344 2067 1525 2108 libertas
1561 2067 1695 2108 omnis

304 2137 500 2178 Graciae
520 2142 650 2190 atque
670 2135 808 2176 Asiae
828 2135 954 2176 arbes
976 2150 1054 2189 pro
1076 2134 1286 2175 liberatas
1308 2149 1448 2175 omnes
1475 2134 1695 2175 Graeciae

299 2211 429 2260 atque
458 2203 596 2244 Asiae
627 2203 841 2251 civitates,
874 2217 968 2256 cap.
1002 2203 1072 2243 34.
1106 2202 1162 2242 iis
1196 2217 1273 2256 pro
1307 2202 1390 2251 his,
1422 2201 1527 2242 ibid.
1561 2201 1695 2243 Ptho-

300 2272 424 2313 lornei
445 2286 592 2326 regum
614 2285 692 2324 pro
715 2270 986 2311 Phtotomaei
1015 2284 1206 2324 regnum,
1235 2269 1341 2310 ibid.
1371 2269 1586 2310 Perrhebi
1615 2283 1695 2323 pro

299 2339 503 2387 Perhebi‚
539 2338 643 2379 ibid.
681 2337 886 2378 Pthiotae
915 2345 958 2377 et
994 2336 1230 2377 Pthioticis
1266 2350 1345 2390 pro
1382 2336 1618 2377 Phthiotae
1651 2343 1696 2377 et

300 2406 580 2455 Phthioticis,
613 2405 717 2446 ibid.
743 2405 931 2459 fuerant
967 2404 1237 2459 profuerat,
1281 2418 1375 2458 cap.
1420 2404 1489 2444 35.
1527 2403 1696 2458 Ephesi

301 2481 400 2515 ante
420 2489 498 2528 pro
520 2473 834 2528 Ephesiantcn,
857 2473 959 2513 ibid.
991 2473 1051 2512 act
1079 2487 1182 2526 rege
1214 2486 1292 2526 pro
1322 2472 1383 2512 ad
1407 2485 1566 2526 regem,
1587 2470 1693 2512 ibid.

302 2557 353 2583 ne
374 2542 418 2582 ni
439 2542 477 2582 si
499 2541 613 2596 quid,
638 2540 787 2582 vocula
807 2540 851 2580 ni
873 2540 1062 2589 inducta,
1086 2554 1165 2593 pro
1193 2539 1238 2579 ni
1267 2539 1305 2578 si
1334 2538 1449 2592 qaid,
1473 2536 1624 2578 vocula
1650 2539 1695 2579 ni

303 2610 474 2663 punctis
510 2615 670 2657 notata,
707 2608 812 2648 ibid.
855 2607 1048 2648 Graecia
1079 2606 1231 2646 estatis
1262 2605 1383 2654 dieb3
1425 2605 1512 2645 sive
1547 2605 1695 2646 diebus

303 2691 384 2731 pro
425 2675 617 2716 Graecia
653 2675 805 2715 estatis
840 2675 968 2724 theb;‚
1003 2674 1106 2715 ibid.
1143 2673 1187 2713 in
1219 2672 1503 2712 altercatione
1535 2687 1615 2726 pro
1650 2672 1695 2713 in

303 2743 639 2790 altercationem,
661 2756 755 2793 cap.
773 2741 842 2781 36.
861 2741 928 2781 M.
942 2740 1110 2781 Acilius
1132 2739 1316 2779 Glabrio
1334 2753 1412 2792 pro
1429 2738 1495 2779 M.
1510 2738 1693 2789 Acilius,

304 2810 407 2851 ibid.
431 2810 542 2850 inter
562 2809 743 2849 tumulos
763 2809 965 2862 quosdam
987 2822 1064 2859 pro
1086 2807 1129 2847 in
1151 2806 1331 2847 tumulos
1352 2807 1569 2861 quosdam,
1587 2807 1692 2848 ibid.

305 2879 372 2920 M.
394 2877 606 2933 Ogulnius
645 2891 726 2931 pro
762 2875 828 2917 Μ.
851 2875 1076 2930 Ogutinus,
1114 2875 1216 2917 ibid.
1252 2875 1373 2917 hoste
1405 2890 1484 2930 pro
1518 2876 1692 2927 hostem,
