1888 3194
373 181 454 220 120
879 175 1029 218 ΤΙΤΙ
1070 172 1251 216 LIVII

163 279 208 311 U.
225 279 263 310 C.
286 279 358 318 583-
371 277 442 311 ten
466 267 586 324 Epiri
606 266 821 309 castellum
850 266 1018 308 adortus
1038 279 1295 323 oppugnare,
1317 272 1360 309 et
1380 263 1537 306 auxilia
1558 262 1763 305 Athama-

163 323 204 354 A.
227 323 265 354 C.
291 321 361 364 ¹⁶9·
372 341 476 368 num
501 326 540 367 T
543 326 952 382 hresprotorumque,
974 335 1139 381 praeter
1168 324 1408 365 Romanum
1438 321 1682 371 exercitum,
1708 320 1763 362 ad

373 399 446 426 sex
467 383 599 425 millia
617 383 837 424 hominum
857 397 999 423 secum
1016 381 1215 423 adduxit:
1249 396 1389 437 neque
1414 394 1564 436 operae
1580 378 1764 435 pretium

373 442 485 492 fecit,
505 441 650 492 Cleva,
668 441 742 497 qui
758 440 926 482 relictus
947 455 972 481 a
992 440 1145 481 Perseo
1166 447 1268 489 erat,
1286 454 1382 480 cum
1399 437 1536 479 valido
1556 435 1764 493 praesidio

166 506 302 537 Perseus
320 506 363 554 ad
375 499 640 542 defendente.
704 497 760 539 Et
781 498 972 548 Perseus,
995 497 1202 539 Elimeam
1229 496 1453 553 profectus,
1475 503 1518 536 et
1542 494 1652 536 circa
1671 507 1797 540 eamg

165 549 308 580 Stratum
327 553 564 600 “exercitu
592 556 779 606 lustrato,
811 555 861 596 ad
898 555 1097 605 Stratum,
1129 554 1373 595 vocantibus
1404 552 1601 609 Epirotis,
1634 550 1798 604 ducit.9

379 615 539 657 Stratus
559 613 812 655 validissima
836 621 926 654 tum
947 613 1044 654 urbs
1066 611 1258 653 Aetoliae
1281 620 1380 652 erat.
1445 610 1533 652 Sita
1552 618 1615 651 est
1640 618 1767 665 super

377 672 653 715 Ambracium
681 672 833 720 sinum,
855 686 985 726 prope
1014 684 1181 711 amnem
1203 669 1420 710 Inachum.
1485 667 1598 709 Cum
1618 666 1764 708 decem
1782 685 1795 707 1

377 730 560 772 millibus
589 729 782 785 peditum
813 743 863 769 eo
897 727 1106 784 profectus
1137 735 1200 768 est
1229 735 1272 768 et
1302 726 1514 782 equitibus
1543 724 1763 766 trecentis:

377 803 483 844 quos
521 786 739 843 pauciores
772 794 944 841 propter
978 783 1190 840 angustias
1224 783 1384 824 viarum
1425 791 1468 823 et
1502 782 1767 838 asperitatem

378 845 512 886 duxit.
574 843 720 884 Tertio
750 841 818 883 die
847 857 979 898 quum
1006 841 1264 897 pervenisset
1293 840 1347 881 ad
1374 838 1536 881 Citium
1566 847 1767 888 montem,

378 903 450 944 vix
480 910 757 957 transgressus
783 908 954 956 propter
983 898 1249 941 altitudinem
1281 897 1402 948 nivis,
1427 897 1567 939 locum
1597 911 1767 953 quoque

378 959 521 1001 castris
547 973 669 1015 aegre
697 957 870 999 invenit.
931 957 1150 999 Profectus
1177 955 1290 1006 inde,
1312 955 1443 1011 magis
1471 955 1570 1011 quia
1599 968 1768 996 manere

378 1032 466 1059 non
495 1024 673 1074 poterat,
703 1030 830 1071 quam
858 1015 974 1071 quod
1001 1013 1226 1056 tolerabilis
1253 1024 1325 1055 aut
1354 1013 1421 1055 via
1444 1020 1516 1054 aut
1546 1020 1769 1069 tempestas

379 1083 500 1125 esset,
522 1089 619 1116 cum
639 1073 802 1129 ingenti
822 1073 1058 1122 vexatione,
1075 1071 1298 1128 praecipue
1319 1071 1617 1120 iumentorum,
1639 1069 1769 1111 altero

379 1132 448 1174 die
465 1132 519 1174 ad
540 1131 744 1188 templum
765 1129 889 1180 Iovis,
913 1129 1120 1171 Nicaeum
1137 1144 1265 1186 quem
1285 1136 1449 1178 vocant,
1468 1128 1609 1184 posuit
1623 1136 1767 1168 castra.

380 1189 454 1231 Ad
475 1189 741 1231 Arachthum
762 1188 861 1229 inde
883 1188 1054 1237 flumen,
1071 1187 1221 1228 itinere
1242 1186 1406 1242 ingenti
1426 1200 1609 1235 emenso,
1631 1193 1771 1226 reten-

380 1258 447 1289 tus
477 1247 698 1289 altitudine
723 1246 869 1295 amnis,
898 1245 1061 1286 mansit.
1128 1244 1226 1293 Quo
1251 1244 1384 1300 spatio
1412 1242 1612 1299 temporis
1641 1250 1801 1298 pontez

379 1305 579 1362 perfecto,
597 1304 798 1345 traductis
814 1303 944 1359 copiis
960 1303 1045 1344 diei
1060 1317 1300 1358 progressus
1316 1302 1408 1350 iter,
1425 1301 1595 1342 obvium
1617 1299 1771 1341 Archi-

380 1363 551 1404 damum
572 1361 806 1418 principem
836 1360 1098 1410 Aetolorum,
1120 1356 1195 1416 per
1215 1375 1342 1415 quem
1371 1359 1410 1400 ei
1443 1358 1606 1400 Stratus
1634 1357 1772 1399 trade-

235 1429 303 1468 22,
380 1421 514 1470 batur,
536 1419 695 1461 habuit.
758 1418 822 1460 Eo
849 1418 918 1459 die
945 1418 999 1459 ad
1027 1418 1156 1458 finem
1184 1417 1271 1472 agri
1300 1415 1444 1458 Aetoli
1470 1424 1605 1457 castra
1623 1415 1769 1471 posita.

171 1484 315 1533 ⁸Stratum
382 1477 489 1519 Inde
505 1477 634 1519 altero
650 1476 719 1518 die
737 1476 790 1518 ad
814 1475 998 1517 Stratum
1014 1484 1285 1532 perventum:
1320 1474 1404 1524 ubi,
1419 1488 1549 1530 prope
1566 1472 1770 1514 Inachum

171 1531 312 1601 iIrjtrant·
382 1550 550 1577 amnem
577 1534 720 1576 castris
747 1533 905 1591 positis,
935 1548 1067 1589 quum
1095 1540 1370 1588 exspectaret,
1398 1532 1550 1573 effusos
1577 1530 1773 1571 omnibus

187 1580 324 1601 tomam.
381 1593 511 1650 portis
528 1592 704 1634 Aetolos
719 1592 764 1632 in
785 1591 912 1632 fidem
933 1606 1049 1632 suam
1071 1599 1282 1639 venturos,
1297 1589 1455 1630 clausas
1475 1596 1626 1645 portaS,
1644 1596 1772 1644 atque

381 1652 471 1707 ipsa
490 1666 540 1692 ea
559 1658 695 1699 nocte,
714 1664 798 1705 qua
816 1657 998 1698 venerat,
1016 1656 1232 1704 receptum
1255 1647 1497 1688 Romanum
1517 1645 1773 1702 praesidium

382 1723 479 1750 cum
510 1707 560 1749 C.
580 1707 763 1763 Popillio
783 1706 922 1762 legato
950 1705 1123 1747 invenit.
1186 1704 1418 1761 Principes,
1445 1703 1519 1760 qui
1543 1703 1774 1760 praesentis

383 1765 631 1807 Archidami
652 1764 898 1806 auctoritate
920 1763 1123 1819 compulsi
1139 1777 1279 1818 regem
1303 1762 1585 1811 arcessieram,
1608 1761 1774 1802 obviam

383 1838 547 1880 egresso
569 1822 828 1864 Archidamo
853 1821 1064 1878 segniores
1084 1820 1195 1870 facti,
1217 1820 1357 1862 locum
1385 1819 1581 1861 adversae
1602 1818 1774 1860 factioni

383 1880 588 1922 dederant
611 1880 665 1921 ad
695 1878 924 1935 Popillium
952 1893 1048 1919 cum
1080 1877 1194 1919 mille
1225 1877 1438 1933 peditibus
1467 1877 1519 1918 ab
1547 1876 1775 1917 Ambracia

383 1937 689 1980 arcessendum.
741 1936 793 1977 In
807 1945 993 1992 tempore
1008 1943 1051 1976 et
1066 1935 1318 1984 Dinarchus,
1332 1934 1566 1990 praefectus
1582 1933 1773 1990 equitum

383 1996 522 2052 gentis
554 1994 818 2043 Aetolorum,
855 2008 951 2034 cum
992 1992 1201 2033 sexcentis
1232 1992 1445 2048 peditibus
1480 2000 1523 2032 et
1561 1991 1775 2047 equitibus

384 2062 555 2094 centum
586 2051 712 2093 venit.
777 2049 884 2091 Satis
912 2049 1141 2098 constabat,
1170 2063 1280 2098 eum,
1308 2057 1508 2104 tanquam
1537 2048 1590 2090 ad
1621 2048 1775 2090 Persea

385 2110 644 2158 tendentem,
676 2107 860 2149 Stratum
888 2107 1074 2149 venisse:
1108 2114 1268 2147 mutato
1297 2106 1451 2147 deinde
1480 2121 1577 2147 cum
1596 2106 1775 2148 'fortuna

385 2168 539 2216 animO,
563 2165 766 2207 Romanis
787 2180 844 2215 se,
866 2164 1062 2206 adversus
1083 2179 1191 2220 quos
1210 2172 1396 2213 venerat,
1418 2164 1615 2206 iunxisse.
1678 2163 1774 2205 Nec

385 2224 590 2281 Popillius
620 2223 815 2271 securior,
848 2237 973 2278 quam
1005 2221 1184 2263 debebat
1215 2236 1315 2271 esse,
1348 2222 1458 2263 inter
1488 2230 1573 2263 tam
1603 2220 1775 2263 mobilia

384 2281 555 2338 ingenia
594 2289 693 2322 erat.
758 2279 908 2321 Claves
947 2287 1161 2336 portarum
1201 2279 1518 2335 custodiamque
1559 2293 1773 2321 murorum

385 2355 481 2380 suae
499 2337 711 2394 extemplo
727 2337 941 2394 potestatis
961 2337 1083 2378 fecit:
1118 2336 1382 2378 Dinarchum
1399 2336 1658 2393 Aetolosque
1676 2351 1772 2378 cum

384 2398 601 2438 iuventute
627 2395 873 2437 Stratiorum
889 2395 933 2435 in
950 2409 1088 2436 arcem
1104 2409 1179 2451 pcr
1194 2395 1390 2451 praesidii
1406 2394 1585 2451 speciem
1604 2394 1770 2436 amovit.

427 2553 446 2582 8
461 2552 636 2589 Elimeam]
657 2550 781 2582 Urbem
796 2549 829 2580 in
845 2550 973 2590 regione
987 2549 1055 2580 Eli·
1099 2560 1160 2581 rOS.
1185 2550 1290 2582 Cnssv.

383 2595 526 2625 miotide.
1146 2603 1157 2623 1
1185 2594 1295 2632 Prope
1324 2603 1449 2623 amnem
1475 2593 1651 2631 Inachum]
1693 2593 1771 2622 Ina-

426 2647 446 2678 9
468 2635 878 2673 AdSlratum‚vocantihus
890 2636 1051 2675 Epirotis]
1098 2636 1192 2666 chum
1213 2645 1270 2674 pro
1292 2635 1376 2674 vulg.
1392 2636 1567 2665 Acheloum
1587 2634 1773 2665 emendavit.

385 2680 436 2710 Ex
452 2679 490 2709 iis
505 2689 587 2718 quae
603 2681 790 2717 sequuntur,
807 2677 931 2707 videtur
948 2678 1053 2717 legen·
1100 2677 1315 2717 Kreyssigius,
1338 2687 1435 2716 quem
1457 2681 1622 2708 auctorem
1645 2680 1774 2708 secutus

384 2723 460 2752 dum
491 2732 558 2752 esse
588 2721 694 2760 potius
716 2721 846 2751 Aetolis.
901 2720 1054 2759 Namque
1098 2723 1145 2750 est
1162 2720 1304 2750 Bekker.

383 2766 508 2795 Stratus
537 2765 612 2794 urbs
640 2764 785 2795 Aetoliae
815 2766 882 2794 est:
919 2762 1054 2792 traditur
1142 2772 1157 2792 2
1182 2763 1326 2799 Alansil]
1349 2761 1473 2791 Vocem
1491 2761 1632 2800 aliquam
1648 2760 1702 2791 hic
1717 2771 1770 2792 ex-

383 2818 438 2848 per
465 2806 696 2838 Archidamum
728 2805 905 2845 principem
930 2806 1051 2836 Aetolo·
1098 2804 1210 2835 cidisse
1241 2808 1348 2834 censet
1380 2803 1575 2841 Perizonius,
1599 2803 1654 2842 qui
1677 2805 1772 2842 diem,

381 2861 453 2880 rum
467 2863 490 2880 :-
514 2850 651 2888 denique
674 2859 742 2885 rex,
767 2847 822 2878 ubi
845 2849 885 2878 ad
910 2847 1051 2878 Stratum
1097 2848 1238 2883 biduum,
1253 2847 1302 2877 vel
1320 2847 1385 2877 tale
1402 2846 1478 2885 quid
1495 2846 1663 2878 desiderat.
1708 2847 1769 2878 Lo-

381 2892 525 2929 accessit,
555 2894 721 2931 exspectat
753 2891 868 2921 effusos
905 2889 1053 2920 omnibus
1096 2900 1169 2920 cum
1185 2889 1343 2921 asteriscis
1358 2888 1482 2920 notavit
1498 2889 1638 2920 Bekker.

381 2935 480 2976 portis
502 2936 628 2966 Aetolos
650 2934 682 2964 in
705 2934 803 2965 fidem
827 2943 916 2965 suam
941 2936 1050 2963 ventu-
