1888 3194
381 188 463 227 358
874 188 1286 231 PRAEFATIO

368 293 531 345 fecerat
559 305 636 347 pro
669 292 805 333 dubios
836 297 1028 335 sententia
1055 302 1196 350 patres
1219 296 1394 349 fecerat,
1435 292 1577 349 Sigon.
1596 319 1649 326 —-
1664 292 1773 335 Ibid.

380 362 479 400 satis
510 362 590 400 iam
620 367 712 401 ante
743 362 870 402 videri
900 377 979 402 esse
1010 377 1087 418 pro
1117 365 1216 403 satis
1249 365 1330 403 iam
1361 368 1453 402 ante
1480 362 1654 402 dividere
1683 376 1775 411 esse,

384 426 525 484 Sigon.
556 436 600 469 et
626 427 946 485 Drak.—-Cap.
971 432 1038 470 26.
1074 445 1175 485 quas
1206 431 1404 470 videretur
1434 444 1509 485 pro
1540 444 1641 485 quas
1670 429 1777 469 vide-

383 502 534 545 rentur,
557 494 623 537 Fr.
643 495 940 552 Gron.—Cap.
965 499 1032 539 27.
1057 513 1179 538 ovans
1199 513 1245 537 ex
1265 504 1426 538 senatus
1447 498 1623 538 consulto
1643 497 1778 537 urbem

384 571 442 604 est
461 566 663 619 inyressus
684 578 759 619 pro
781 579 869 604 cum
891 564 976 604 sive
999 579 1119 619 quum
1142 580 1187 604 ex
1206 565 1547 605 senatusconsulto
1568 565 1702 604 urbem
1721 569 1780 604 est

381 634 580 687 inyressus
607 631 692 672 sive
721 639 818 671 esset
841 633 1053 686 inqraesus,
1076 630 1198 686 Pigh.
1215 654 1265 660 —
1281 631 1388 673 Ibid.
1412 639 1593 673 auctores
1600 634 1780 687 fuerant

381 714 457 755 pro
479 706 659 740 auctores
667 701 856 753 fuerunt,
880 699 945 739 Fr.
966 697 1097 739 Gron.
1114 725 1167 730 —-
1183 698 1288 754 Cap.
1313 702 1380 740 28.
1404 702 1584 754 opinione
1603 702 1778 741 omnium

381 784 458 824 pro
478 771 696 823 opinionem
713 769 901 816 omnium,
920 766 1036 822 quod
1056 781 1110 807 ex
1132 766 1374 807 coniectura
1394 775 1611 823 receptum
1631 775 1779 823 postea

381 836 427 876 in
457 835 602 877 codice
633 835 788 876 inveni.
807 833 985 875 —Ibid.
1014 836 1146 874 iussus
1177 834 1387 889 Zeuxippo
1414 835 1513 875 dare
1541 850 1663 890 quam
1689 837 1779 890 pri-

382 919 503 954 mum,
526 906 622 959 quia
643 919 720 944 non
745 918 821 959 pro
843 905 960 943 iussit
980 903 1190 957 Zeuxippo
1210 903 1308 942 dare
1328 917 1449 957 quam
1463 904 1656 957 primum.
1717 903 1777 953 Is,

382 975 478 1029 quia
509 988 599 1021 non,
630 971 694 1013 Fr.
722 971 854 1013 Gron.
873 996 926 1004 —
942 970 1049 1012 Ibid.
1074 971 1347 1012 Anthedonem
1377 985 1454 1026 pro
1475 970 1689 1012 Atenorem
1712 969 1780 1012 vel

382 1041 578 1090 Athenas,
599 1039 795 1081 Glarean.
807 1062 857 1069 —
872 1038 980 1081 Ibid.
1004 1040 1171 1094 aliisque
1190 1052 1267 1094 pro
1289 1039 1462 1093 aliquae,
1479 1036 1563 1079 Iac.
1582 1037 1780 1079 Gron.—

386 1108 490 1164 Cap.
515 1111 582 1150 29.
606 1108 815 1163 Efferavit
833 1123 880 1148 ea
901 1108 1036 1147 caedes
1057 1121 1134 1162 pro
1155 1106 1422 1161 Efferaverat
1449 1107 1598 1156 caedes,
1624 1104 1775 1147 Gelen.

381 1201 437 1206 —
453 1175 561 1217 Ibid.
604 1182 860 1217 commeantes
904 1190 980 1231 pro
1021 1182 1270 1224 commeatus,
1317 1174 1467 1216 Gelen.
1485 1200 1542 1205 —
1557 1173 1667 1216 Ibid.
1709 1175 1781 1229 qui

382 1251 622 1286 testarentur
674 1247 796 1285 socios
849 1258 926 1300 pro
983 1246 1054 1299 qui
1108 1250 1347 1284 testarentur
1396 1245 1524 1293 sociis,
1578 1242 1702 1284 Crev.
1721 1266 1779 1271 —

382 1311 489 1353 Ibid.
514 1313 595 1369 Ap.
619 1313 789 1354 Claudio
819 1327 895 1368 pro
925 1313 975 1352 P.
1003 1312 1186 1361 Claudio,
1219 1310 1361 1367 Sigon.
1379 1333 1431 1340 —
1447 1310 1555 1352 Ibid.
1586 1311 1777 1366 completa

381 1388 507 1422 essent
531 1396 607 1437 pro
635 1382 898 1436 complessent,
921 1379 1052 1420 Drak.
1069 1404 1120 1411 —
1137 1378 1245 1420 Ibid.
1269 1381 1525 1419 decreverant
1549 1392 1625 1434 pro
1646 1379 1778 1419 decre-

381 1457 535 1499 verunt,
557 1449 623 1490 Fr.
646 1448 777 1490 Gron.
794 1471 844 1477 —
863 1447 967 1504 Cap.
992 1451 1058 1488 30.
1083 1448 1357 1502 Bithynorum
1377 1461 1454 1502 pro
1475 1447 1775 1501 Bithyniorum,

381 1517 447 1558 Fr.
470 1516 768 1559 Gron.—-—Ibid.
793 1518 962 1565 tradere,
978 1523 1143 1571 praeter
1167 1518 1339 1571 quinque
1367 1529 1444 1571 pro
1475 1516 1645 1564 tradere,
1666 1517 1776 1570 quin,

381 1585 504 1641 Pigh.
523 1594 567 1626 et
588 1583 970 1625 Meibom.-Ibid.
988 1585 1086 1638 plus
1106 1586 1278 1640 quinque
1299 1584 1412 1624 milia
1432 1589 1681 1623 armatorum
1700 1595 1777 1638 pro

374 1656 471 1710 plus
506 1656 730 1710 quinyentis
759 1659 1022 1702 armatorum,
1057 1652 1207 1709 Pigh.;
1246 1652 1305 1694 ita
1339 1661 1494 1702 tamen,
1527 1661 1576 1694 ut
1606 1654 1778 1708 quinque

381 1723 552 1763 millibus
579 1721 848 1763 scribendum
876 1729 1076 1762 censeret.
1096 1743 1147 1749 —
1168 1720 1272 1776 Cap.
1297 1723 1363 1761 31.
1388 1722 1515 1761 iuberi
1535 1721 1678 1761 liberas
1697 1735 1777 1761 esse

379 1805 456 1846 pro
478 1792 607 1831 iubere
629 1791 771 1830 liberas
791 1805 882 1838 esse,
906 1788 972 1829 Fr.
995 1788 1127 1830 Gron.
1146 1813 1199 1819 —
1214 1788 1322 1830 Ibid.
1346 1805 1426 1830 sese
1446 1804 1556 1829 mare
1577 1790 1777 1830 traiecisse

379 1873 455 1914 pro
476 1874 556 1899 esse
576 1874 686 1898 mare
707 1860 917 1907 traiecisse,
936 1856 1066 1898 Drak.
1078 1882 1130 1887 —
1147 1856 1251 1913 Cap.
1272 1860 1338 1898 33.
1363 1859 1432 1898 sed
1449 1859 1582 1898 maria
1598 1858 1779 1898 traiiciat

379 1942 455 1983 pro
491 1929 624 1967 maria
657 1928 847 1976 traiiciat,
881 1925 1041 1967 Iacobs.
1060 1925 1234 1967 ——Ibid.
1269 1928 1469 1980 concipere
1500 1940 1576 1981 pro
1609 1927 1774 1979 concipi,

383 1995 523 2052 Sigon.
540 1995 711 2036 —Ibid.
729 1996 928 2048 fortunae
956 1996 1125 2049 inqentis
1151 2008 1228 2049 pro
1243 1996 1445 2047 fortunae
1459 1996 1603 2049 qentis,
1629 1992 1771 2049 Sigon.

379 2087 431 2092 --
450 2063 555 2118 Cap.
580 2066 647 2103 34.
675 2063 965 2117 Locrensesque
994 2077 1070 2117 pro
1098 2062 1329 2112 Locrenses,
1359 2069 1396 2103 et
1425 2077 1538 2117 quae,
1563 2062 1706 2103 Ursin.
1722 2083 1774 2092 -—

383 2131 487 2187 Cap.
507 2134 573 2172 35.
598 2132 654 2171 ad
673 2132 938 2171 rebellandum
959 2144 1035 2186 pro
1055 2131 1112 2169 ad
1129 2131 1366 2179 bellandum,
1388 2129 1583 2171 Glarean.
1598 2129 1770 2172 —Ibid.

379 2201 453 2240 alii
472 2201 608 2240 leniter
623 2202 751 2254 questi
769 2206 863 2239 sunt
881 2213 956 2254 pro
977 2199 1051 2238 alii
1070 2199 1204 2238 taliter
1220 2201 1347 2253 questi
1365 2205 1459 2239 sunt
1473 2198 1540 2239 vel
1557 2200 1631 2239 aliz·
1649 2200 1773 2239 inter-

379 2271 508 2323 que-sti
524 2275 628 2317 sunt,
650 2266 773 2308 Crev.
796 2293 844 2300 κ-
858 2266 964 2307 Ibid.
989 2269 1030 2307 in
1052 2267 1345 2307 altercationem
1366 2281 1442 2322 pro
1463 2268 1770 2316 altercationem,

382 2336 523 2392 Sigon.
540 2361 592 2366 —
608 2335 711 2391 Cap.
737 2338 804 2376 36.
834 2336 1000 2376 Silanus
1020 2349 1095 2390 pro
1117 2335 1323 2390 Syllanus,
1348 2333 1490 2390 Sigon.
1507 2359 1560 2364 -
1575 2333 1681 2391 Cap.
1700 2335 1768 2377 37.

378 2407 586 2445 exercitum
604 2405 737 2444 eadem
752 2406 830 2453 via,
845 2419 925 2458 qua
939 2405 1175 2452 adduxerat,
1190 2405 1347 2444 reduxit
1358 2418 1434 2459 pro
1450 2405 1584 2444 eadem
1596 2405 1675 2452 via,
1689 2418 1771 2458 qua

378 2473 614 2521 adduxerat,
630 2473 798 2522 reduoeit,
815 2471 928 2512 Duk.
940 2471 1109 2513 —Ibid.
1126 2488 1242 2528 eoque
1256 2479 1343 2513 tuta
1361 2474 1445 2512 loca
1460 2486 1536 2527 pro
1549 2487 1671 2526 eaque
1682 2478 1770 2513 tuta
1826 2500 1829 2502 >

379 2542 476 2589 loca,
509 2539 575 2580 Fr.
597 2539 728 2580 Gron.
748 2563 800 2567 —
816 2538 924 2580 Ibid.
957 2541 1113 2580 Laevos
1147 2555 1223 2596 pro
1254 2541 1394 2588 Lenos,
1431 2538 1573 2594 Sigon.
1593 2561 1643 2567 —
1659 2538 1766 2580 Ibid.

377 2611 552 2664 octaqeni
569 2623 644 2664 pro
661 2611 882 2663 octirzyerzti,
902 2607 966 2648 Fr.
989 2607 1121 2648 Gron.
1138 2630 1189 2636 —
1205 2607 1308 2663 Cap.
1329 2611 1396 2648 38.
1420 2609 1477 2648 ad
1493 2608 1769 2663 Lampsacum

377 2678 686 2732 oppii-quandam
719 2691 794 2732 pro
827 2678 883 2717 ad
907 2677 1180 2730 Lampsacum
1213 2677 1536 2730 oppuqnandum,
1566 2675 1682 2731 quod
1714 2691 1768 2717 ex

376 2745 617 2787 coniectura
655 2744 806 2799 recepi.
823 2771 876 2777 --
892 2743 997 2799 Cap.
1033 2746 1101 2783 40.
1146 2743 1218 2783 Ad
1257 2759 1302 2783 ea
1346 2745 1570 2798 recipienda
1611 2746 1653 2784 in
1693 2759 1768 2785 an-

376 2816 528 2869 tiquum
564 2816 626 2854 ius
657 2815 803 2853 venisse
830 2827 905 2868 pro
933 2813 1004 2852 Ad
1031 2828 1077 2851 ea
1093 2812 1291 2866 fitcz'enda
1320 2813 1360 2851 in
1396 2813 1605 2866 antiquum
1640 2814 1767 2853 venis-

374 2890 458 2922 sent
489 2881 553 2923 vol
587 2884 744 2931 venisse,
779 2881 843 2922 Fr.
867 2879 1024 2929 Gron.;
1060 2880 1118 2920 ita
1152 2887 1305 2929 tamen,
1336 2888 1381 2921 ut
1410 2895 1495 2921 non
1527 2880 1764 2935 recipienda,
