1888 3194
924 195 1216 233 INDEX.

414 271 541 307 cuntur,
567 272 600 299 et
629 269 757 299 nullum
786 277 887 308 genus
915 270 1046 300 calami-

414 311 489 342 tatis
519 311 799 350 contumeliaeque
828 321 893 342 non
923 312 1046 343 editum

414 354 448 384 in
465 353 601 384 Volscos
622 361 671 392 53.
706 353 744 384 iis
766 353 912 385 indutiae
934 354 968 384 in
991 365 1046 385 an-

414 406 472 426 nos
493 396 705 435 quadraginta
730 396 825 426 datae
849 404 898 435 54.
935 396 1046 427 Volsci

413 437 593 469 instaurant
608 438 731 468 bellum
750 438 800 476 58.
831 438 965 469 vincunt
980 439 1046 469 Ro-

413 490 527 510 manos
550 488 600 520 59.
631 484 820 520 oppugnant
850 484 953 511 castra
980 481 1045 511 Ro-

413 532 583 553 manorum
599 521 649 560 64.
684 523 856 552 vincuntur
870 522 920 561 65.
955 533 1046 562 prae-

414 565 533 595 dantur
568 574 660 604 agros
697 564 913 595 Hernicorum
949 573 980 602 3,
1015 563 1035 595 6

414 610 551 646 pergunt
566 606 599 636 in
615 616 705 646 agros
722 607 818 637 Rom.
834 607 890 636 sed
909 607 1046 636 caedun-

413 652 466 679 tur
491 659 608 688 magno
633 658 779 684 numero,
800 651 831 677 et
854 657 971 677 nomen
995 658 1046 677 eo-

413 701 484 720 rum
508 700 609 729 prope
632 690 757 719 deletur
781 695 798 727 7
815 692 847 719 et
869 689 897 719 8.
933 689 1047 720 Volsci

414 736 446 762 et
459 732 565 770 Aequi
576 731 700 761 bellum
715 731 896 760 instaurant
909 740 955 762 10.
980 731 1046 761 vin-

414 777 532 803 cuntur
553 782 603 804 22.
627 773 666 803 cf.
683 776 716 802 et
731 771 782 803 60.
816 772 964 803 obsident
988 774 1046 803 Ar-

414 816 508 846 deam
526 826 555 852 4,
570 824 600 856 9.
634 826 654 845 a
669 814 828 845 Romanis
850 814 1046 853 obsidentur,

413 857 489 888 ibid.
514 857 602 894 victi,
617 857 727 887 dedito
751 857 832 887 duce
857 858 915 887 sub
935 857 1046 896 iugum

412 899 587 929 mittuntur
613 909 660 930 10.
699 909 773 929 cum
796 898 918 938 Aequis
940 900 1046 930 denuo

414 941 572 972 Romanis
597 942 721 971 bellum
746 941 888 971 inferunt
913 940 962 972 26.
990 951 1045 981 op·

414 987 560 1022 pugnant
583 987 686 1014 castra
705 983 845 1013 consulis
861 990 909 1022 27.
943 987 1046 1014 castra

416 1026 609 1056 Volscorum
636 1025 807 1064 capiuntur
831 1035 880 1065 29.
915 1025 1045 1064 captivi,

414 1071 541 1106 praeter
555 1071 727 1104 senatores,
742 1068 989 1105 venumdamur,
1002 1068 1044 1098 ib.

413 1111 519 1140 denuo
532 1111 654 1140 bellum
671 1109 812 1140 inferunt
826 1109 984 1140 Romanis
995 1116 1046 1149 37,

414 1160 453 1190 55
482 1155 514 1182 et
541 1151 592 1190 56.
629 1152 801 1182 vincuntur
825 1158 875 1190 57.
914 1152 1047 1191 capiunt

416 1195 629 1233 Verruginem
640 1194 750 1233 oppid.
763 1194 812 1232 58.
832 1204 943 1224 eorum
956 1204 1047 1233 agros

413 1237 655 1275 depopulantur
675 1235 817 1266 Romani
834 1243 883 1276 59.
914 1235 1046 1266 vincun-

413 1282 466 1308 tur
482 1278 593 1309 Volsci
609 1277 660 1309 61.
688 1277 882 1317 praesidium
898 1278 1047 1308 obsident

413 1321 453 1351 ad
474 1321 589 1351 Anxur
605 1328 634 1358 5,
654 1319 700 1351 16.
733 1329 847 1359 pacem
868 1319 1047 1358 impetrant

415 1372 463 1401 23.
491 1363 609 1393 iterum
630 1362 763 1401 capiunt
785 1372 874 1392 arma
895 1363 1047 1392 adversus

413 1405 581 1434 Romanos
597 1403 628 1441 6,
645 1414 674 1434 2.
704 1413 814 1434 eorum
837 1407 939 1434 castra
960 1404 1047 1443 capit

413 1447 585 1482 Camillus,
599 1446 676 1477 ibid.
702 1447 743 1476 ad
760 1445 957 1476 deditionem
974 1447 1045 1475 sub-

412 1489 553 1528 iguntur,
573 1488 649 1518 ibid.
681 1491 834 1517 renovato
857 1488 956 1525 bello,
980 1488 1045 1518 vin-

413 1534 529 1560 cuntur
555 1529 649 1560 6—8.
686 1530 845 1559 rebellant
875 1539 921 1560 11.
960 1530 1046 1560 unde

414 1572 542 1603 Volscis
563 1575 595 1602 et
611 1571 733 1611 Aequis
754 1571 850 1602 toties
868 1571 960 1602 victis
983 1572 1046 1602 suf-

412 1615 546 1645 fecerint
568 1614 689 1644 milites
715 1623 762 1644 12.
801 1613 973 1644 vincuntur
997 1623 1044 1653 13.

414 1656 631 1687 Praenestinis
657 1655 831 1694 coniuncti,
858 1660 1046 1696 expugnant

412 1699 572 1730 Satricum
597 1708 647 1730 22.
680 1698 853 1728 vincuntur
876 1707 914 1737 23
939 1702 971 1729 et
996 1708 1045 1736 24.

412 1743 611 1781 populantur
639 1751 751 1780 agrum
779 1741 967 1771 Romanum
995 1749 1046 1779 31.

412 1794 522 1814 eorum
539 1783 605 1822 agri
620 1784 828 1813 devastantur
842 1794 862 1813 a
878 1783 1047 1821 Romanis,

411 1827 489 1857 ibid.
525 1826 706 1856 funduntur
732 1834 782 1863 32.
818 1825 990 1855 vincuntur
1019 1833 1046 1865 7,

415 1877 463 1907 27.
502 1878 612 1898 eorum
643 1867 803 1897 exercitus
833 1867 977 1897 consedit
1005 1868 1047 1897 ad

413 1910 571 1941 Satricum
592 1910 622 1947 8,
642 1920 668 1940 1.
703 1919 776 1939 cum
798 1909 927 1939 Volscis
949 1910 1047 1940 dubio

414 1954 520 1983 Marte
536 1956 728 1991 pugnatum..
742 1951 819 1982 ibid.
848 1951 976 1990 fugiunt
992 1962 1046 1982 no-

413 1999 476 2033 cte,
501 1994 579 2025 ibid.
618 1994 732 2024 Volsci
762 1993 912 2024 Antiates
940 2003 969 2031 2,
996 2003 1046 2033 33.

414 2036 567 2068 Ecetrani
585 2046 615 2074 2,
634 2044 683 2074 25.

372 2081 511 2113 Volscus
526 2089 600 2118 ager
619 2088 667 2116 10,
688 2088 713 2109 1.

376 2121 551 2158 Volsciani,
579 2120 761 2160 Hispaniae
788 2120 902 2160 populi
925 2130 975 2158 21,
998 2130 1045 2161 19.

413 2175 467 2197 eos
483 2167 593 2194 eontra
610 2164 738 2194 Poenos
753 2163 928 2193 sollicitant
949 2162 1047 2203 legati

414 2206 567 2243 Romani,
590 2206 668 2236 ibid.
705 2215 816 2235 eorum
841 2206 966 2236 celebre
991 2215 1049 2244 per

414 2248 610 2288 Hispaniam
626 2249 667 2278 ad
684 2248 805 2287 legatos
819 2248 987 2278 Romanos
1000 2257 1048 2277 rc-

413 2300 579 2330 sponsnm,
595 2290 673 2320 ibid.

372 2335 421 2365 M.
435 2332 586 2363 Volscius
610 2331 730 2368 Fictor,
753 2331 808 2369 qui
831 2330 978 2360 tribunus
1002 2330 1046 2368 pl.

413 2376 529 2409 fuerat,
555 2372 645 2402 testis
673 2373 706 2402 in
733 2373 913 2402 Caesonem
942 2371 1045 2406 Quin-

414 2416 514 2447 ctium
531 2413 655 2444 exsistit
670 2422 701 2451 3,
716 2423 762 2451 13.
787 2413 815 2443 ei
832 2412 917 2442 diem
934 2413 1047 2442 dicunt

415 2460 455 2489 A.
473 2456 643 2488 Cornelius
659 2458 692 2485 et
708 2455 751 2490 Q.
770 2454 934 2491 Servilius,
950 2464 1046 2493 quae-

414 2504 525 2536 stores,
540 2498 627 2537 quod
642 2497 760 2527 falsum
783 2507 841 2535 pro
862 2495 1046 2526 testimonio

415 2542 547 2573 dixisset
571 2550 620 2577 24.
653 2540 824 2569 damnatus
849 2542 882 2569 et
907 2537 940 2568 in
966 2538 1046 2569 exsi-

415 2585 495 2614 lium
512 2582 598 2614 exire
613 2581 717 2612 iussus
734 2590 782 2621 29.

375 2625 605 2661 Volsinienses,
620 2624 671 2654 vel
688 2622 839 2660 Volsinii,
853 2632 930 2661 gens
951 2622 1046 2653 Etru-

414 2678 479 2705 sca,
494 2668 657 2698 incursant
675 2666 934 2705 agrosRomanos
950 2674 979 2702 5,
996 2673 1046 2703 31.

415 2711 587 2741 vincuntur
600 2717 648 2746 32.
672 2708 710 2737 iis
725 2707 869 2737 indutiae
886 2706 917 2736 in
936 2707 1046 2746 viginti

414 2761 516 2783 anuos
538 2752 644 2787 datae,
667 2750 744 2780 ibid.
778 2749 866 2788 apud
883 2749 1048 2779 Volsinios

416 2794 499 2826 clavi
528 2793 617 2824 fuere
647 2791 769 2821 indices
795 2801 963 2827 annorum,
992 2791 1046 2820 fixi

416 2838 448 2867 in
471 2836 597 2874 templo
617 2833 765 2871 Nortiae,
782 2833 938 2863 Etruscae
955 2833 1046 2863 Deae

419 2887 447 2918 7,
458 2887 486 2918 3.
510 2875 763 2908 Volsiniensium
777 2875 900 2915 aliquot
916 2875 1047 2906 castella

1133 271 1164 301 vi
1187 269 1274 310 capit
1295 270 1333 301 P.
1351 268 1486 309 Decius,
1500 280 1563 302 cos.
1579 281 1612 312 9,
1627 280 1678 310 41.
1711 281 1762 306 eo-

1133 323 1203 343 rum
1227 323 1302 353 ager
1316 317 1458 344 vastatur
1472 314 1513 344 ab
1529 313 1567 345 L.
1584 313 1764 352 Postumio,

1133 356 1264 385 consule
1284 365 1332 393 10,
1349 362 1399 394 37.

1091 396 1241 435 Volsinii,
1257 398 1343 435 urbs,
1362 407 1410 436 10,
1426 403 1476 436 37.
1502 403 1554 436 27,
1570 406 1621 436 23.

1091 439 1291 470 Voltumnae
1320 440 1431 470 fanum
1462 450 1493 477 4,
1515 448 1564 478 23.
1589 446 1620 478 5,
1644 446 1692 480 17.
1721 439 1765 470 ad

1134 482 1334 512 Voltumnae
1354 482 1466 511 fanum
1485 481 1660 512 concilium
1675 481 1764 512 omni

1134 523 1282 553 Etruriae
1311 523 1470 553 indictum
1496 533 1526 561 4,
1555 532 1606 562 23,
1633 530 1686 562 25,
1711 522 1764 554 61.

1133 568 1165 594 et
1182 572 1211 602 5,
1231 570 1278 602 17.
1305 565 1342 594 fit
1357 564 1402 594 ibi
1418 564 1595 596 coniuratio
1611 566 1765 597 adversus

1133 606 1301 636 Romanos
1315 604 1347 642 6,
1360 615 1388 636 2.

1090 647 1282 684 Volumnia,
1296 657 1378 678 uxor
1393 647 1557 679 Coriolani
1574 658 1604 685 2,
1619 658 1671 686 40.

1092 689 1130 720 L.
1151 689 1359 726 Volumnius,
1386 699 1448 721 cos.
1476 699 1552 719 cum
1578 690 1765 722 Sallentinis

1132 741 1284 771 prospere
1308 731 1433 762 bellum
1458 731 1539 770 gerit
1564 742 1597 772 9,
1622 741 1674 771 42.
1706 733 1765 764 ite-

1132 783 1204 803 rum
1220 784 1283 804 cos.
1304 783 1352 811 10,
1372 781 1418 812 15.
1452 773 1486 803 in
1502 773 1671 804 Samnium
1693 784 1765 814 pro-

1132 815 1247 851 fectus,
1262 815 1414 854 relinquit
1430 815 1640 855 provinciam,
1651 819 1689 846 ut
1699 817 1766 856 Ap.

1132 857 1271 889 Claudio
1288 858 1430 897 collegae
1445 868 1541 897 opem
1552 858 1635 889 ferat
1650 858 1698 889 18.
1721 862 1766 897 et,

1132 903 1206 938 post
1227 899 1370 938 aliquam
1393 900 1545 930 adversus
1571 910 1646 931 eum
1669 901 1765 931 alter-

1132 941 1305 979 cationem,
1327 941 1485 981 egregiam
1508 952 1583 972 cum
1605 952 1644 972 eo
1667 941 1765 973 victo-

1131 983 1211 1013 riam
1234 987 1387 1023 reportat,
1405 983 1482 1014 ibid.
1498 986 1531 1014 et
1549 993 1597 1025 19.
1626 983 1709 1014 redit
1730 983 1765 1014 in

1132 1026 1312 1063 Samnium,
1344 1029 1377 1056 et
1413 1025 1568 1065 opprimit
1604 1025 1766 1057 Samnites

1132 1068 1338 1106 praedatores
1367 1067 1570 1106 Campaniae
1596 1077 1646 1098 20.
1690 1078 1765 1107 pru-

1133 1110 1244 1140 dentia
1267 1109 1335 1140 eius
1358 1112 1391 1140 et
1413 1109 1590 1140 moderatio
1612 1109 1646 1140 in
1667 1109 1764 1140 comi-

1132 1151 1185 1182 tiis
1201 1151 1421 1182 consularibus
1438 1160 1478 1182 20
1493 1155 1525 1181 et
1542 1161 1591 1183 21.
1619 1162 1659 1182 ex
1674 1162 1764 1183 sena—

1132 1195 1333 1224 tusconsulto
1356 1197 1388 1224 et
1411 1193 1580 1233 plebiscito
1603 1193 1633 1225 ei
1655 1203 1764 1233 proro-

1131 1239 1243 1275 gatum
1263 1236 1296 1266 in
1317 1246 1439 1266 annum
1456 1235 1628 1275 imperium
1646 1245 1697 1267 22.
1729 1236 1765 1267 in

1133 1277 1265 1308 Samnio
1287 1278 1424 1308 feliciter
1443 1288 1493 1307 res
1511 1277 1591 1316 gerit
1607 1286 1648 1315 30
1663 1281 1696 1308 et
1712 1286 1763 1317 31.

1133 1319 1201 1350 eius
1217 1330 1298 1350 uxor
1314 1319 1471 1358 Virginia.
1495 1319 1569 1350 vide
1585 1319 1742 1358 Virginis.

1092 1362 1129 1393 P.
1144 1362 1341 1392 Volumnius
1361 1365 1487 1391 creatur
1507 1371 1570 1391 cos.
1593 1371 1622 1400 3,
1642 1371 1689 1392 10.
1719 1362 1764 1393 le-

1132 1407 1226 1442 gatus
1244 1405 1285 1433 ab
1302 1404 1489 1442 Aequorum
1509 1404 1592 1434 duce
1613 1403 1764 1436 Graccho

1132 1445 1260 1476 Cloelio
1275 1445 1435 1485 spernitur
1452 1453 1501 1484 25.

1090 1487 1286 1518 Voluntaria
1301 1487 1431 1518 collatio
1450 1490 1634 1518 senatorum
1655 1488 1698 1519 ad
1719 1488 1765 1519 le-

1133 1531 1271 1560 vandam
1287 1529 1400 1560 aerarii
1419 1529 1563 1569 inopiam
1580 1528 1631 1567 26,
1647 1529 1698 1569 36.
1723 1530 1765 1562 cf.

1132 1575 1165 1602 et
1181 1580 1210 1610 5,
1223 1571 1273 1603 60.
1298 1572 1512 1602 voluntariam
1527 1571 1677 1602 militiam
1693 1582 1764 1612 pro-

1131 1614 1221 1644 fessis
1242 1614 1393 1644 iubentur
1408 1624 1482 1644 aera
1498 1614 1672 1653 procedere
1687 1621 1718 1653 5,
1736 1620 1764 1654 7.

1133 1656 1305 1686 voluntarii
1320 1656 1440 1687 milites
1456 1663 1486 1695 5,
1500 1655 1547 1687 16.
1573 1662 1624 1696 27,
1639 1655 1690 1695 46.
1713 1657 1764 1695 28,

1134 1706 1184 1737 45·
1210 1708 1261 1739 29³
1280 1708 1305 1729 Ῑ·
1330 1706 1382 1737 379
1399 1709 1428 1736 4·

1092 1741 1285 1778 Volustana,
1340 1741 1452 1780 iugum
1506 1739 1764 1772 Cambuniorum

1133 1783 1293 1813 montium
1310 1786 1426 1813 vocant
1442 1793 1494 1821 44,
1511 1792 1538 1813 2.

1091 1825 1221 1864 Vorago
1236 1825 1269 1855 in
1284 1825 1352 1855 foro
1369 1826 1466 1855 Rom.
1482 1823 1595 1864 nequit
1615 1823 1764 1856 coniectu

1133 1871 1236 1897 terrae
1256 1867 1379 1907 expleri
1405 1874 1433 1906 7,
1451 1866 1480 1897 6.
1504 1866 1636 1898 Curtius
1656 1876 1690 1897 se
1709 1867 1764 1897 de-

1134 1913 1239 1947 vovet,
1252 1913 1295 1946 et,
1308 1919 1390 1948 equo
1406 1908 1559 1946 insidens,
1571 1912 1715 1940 armatus
1729 1919 1764 1940 se

1133 1951 1166 1981 in
1183 1962 1316 1991 specum
1332 1951 1490 1988 immittit,
1505 1950 1582 1982 ibid.

1093 1993 1306 2031 Vortumnns,
1323 1994 1415 2023 Deus
1430 2004 1482 2031 44,
1501 1992 1549 2024 16.

1093 2036 1180 2066 Vota
1203 2036 1457 2075 quinquennalia
1479 2042 1531 2075 27,
1554 2044 1605 2074 33.
1637 2043 1689 2073 30,
1713 2040 1764 2074 27.

1134 2087 1185 2116 31,
1199 2088 1228 2118 9.
1253 2077 1443 2108 decennalia
1454 2087 1506 2116 42,
1521 2077 1570 2108 28.
1594 2080 1669 2108 vota
1683 2087 1764 2107 nun-

1134 2124 1257 2159 cupant
1282 2121 1428 2151 consules
1452 2119 1486 2149 in
1510 2118 1686 2159 Capitolio,
1707 2128 1764 2149 an-

1134 2166 1265 2201 tequam
1280 2162 1314 2192 in
1327 2161 1508 2201 provincias
1521 2160 1765 2200 proficiscantur

1134 2214 1187 2242 41,
1217 2213 1267 2242 32.
1302 2213 1354 2241 42,
1379 2213 1430 2243 49.
1464 2206 1539 2232 vota
1569 2201 1764 2233 valetudinis

1134 2246 1248 2285 populi
1265 2255 1361 2275 causa
1373 2255 1424 2282 42,
1438 2253 1466 2274 2.
1483 2243 1560 2281 voti,
1572 2254 1635 2283 quo
1652 2244 1764 2274 consul

1134 2288 1228 2318 ludos
1249 2296 1381 2325 magnos
1403 2285 1473 2316 Iovi
1499 2290 1604 2324 vovet,
1624 2286 1764 2317 formula

1133 2328 1185 2366 36,
1208 2338 1236 2359 2.
1270 2332 1379 2358 votum
1407 2331 1583 2367 praeeunte
1610 2327 1764 2368 pontifice

1132 2370 1253 2400 factum
1278 2381 1309 2408 4,
1334 2378 1383 2409 27.
1412 2374 1522 2400 votum
1544 2369 1685 2401 incertae
1707 2379 1762 2409 pe—

1132 2412 1246 2442 cuniae
1262 2423 1303 2442 an
1320 2411 1419 2451 possit
1434 2411 1580 2451 suscipi?
1602 2421 1654 2452 31,
1666 2422 1696 2452 9.
1719 2412 1763 2442 ad

1133 2458 1256 2491 votum,
1280 2454 1461 2484 inconsulto
1488 2457 1601 2484 senatu
1626 2463 1762 2493 concep-

1132 2499 1213 2533 tum,
1238 2496 1377 2535 pecunia
1399 2497 1440 2526 de
1466 2495 1599 2535 publico
1628 2498 1763 2535 negatur

1134 2537 1185 2576 36,
1202 2538 1253 2577 36-

1092 2579 1167 2610 Vox
1183 2584 1281 2610 noctu
1301 2579 1413 2610 audita
1432 2579 1576 2610 humana
1591 2578 1707 2610 clarior
1721 2579 1763 2610 de

1132 2623 1274 2655 adventu
1304 2622 1475 2653 Gallorum
1506 2629 1536 2660 5,
1567 2630 1617 2660 32.
1652 2621 1763 2652 audita

1132 2674 1172 2694 ex
1192 2665 1326 2694 delubro
1348 2663 1558 2703 Proserpinae
1578 2663 1690 2694 Locris
1711 2673 1763 2704 29,

1138 2707 1184 2737 18.

1093 2748 1232 2779 Urbium
1246 2747 1430 2787 primordia,
1442 2747 1607 2778 miscendo
1618 2747 1764 2778 humana

1133 2789 1260 2827 divinis,
1288 2789 1471 2828 augustiora
1499 2790 1595 2821 facta.
1656 2790 1762 2820 Praef.

1133 2831 1260 2862 urbium
1286 2836 1410 2862 veteres
1439 2831 1621 2862 conditores
1650 2835 1760 2862 natam

1133 2874 1192 2905 sibi
1215 2885 1233 2904 e
1255 2876 1339 2905 terra
1359 2875 1483 2914 prolem
1503 2873 1762 2905 ementiebantur
