1888 3194
353 163 437 202 384
846 155 1258 200 PRAEFATIO

348 266 516 323 populi,
551 265 669 321 quod
703 265 747 307 in
779 266 877 308 cod.
911 265 1064 307 Bamb.
1096 264 1326 319 reperitur,
1357 261 1613 304 servandum
1650 276 1745 304 esse

353 335 584 377 arbitratus
606 340 686 375 est.

412 470 586 512 Deinde
606 470 720 511 idem
741 470 783 510 in
807 469 920 511 Livii
945 469 1056 510 libro
1085 469 1298 511 tricesimo
1326 467 1454 509 tertio
1482 466 1689 509 lectiones
1721 481 1747 507 a

355 537 560 579 Goellero
597 545 756 579 temere
792 536 1026 578 confictas:
1074 536 1181 591 Cap.
1226 537 1290 577 12.
1327 535 1464 577 vietus
1498 535 1544 576 in
1570 534 1747 590 praelio

353 621 434 660 pro
476 605 613 646 vietus
644 605 832 660 proelio,
874 618 968 657 cap.
1014 604 1078 643 13.
1117 618 1146 643 a
1184 609 1337 644 senatu
1370 617 1451 657 pro
1488 602 1544 643 ab
1578 607 1746 650 senatu,

356 688 450 728 cap.
497 674 559 713 15.
603 672 792 712 instituit
832 671 967 711 aciem
1012 685 1092 723 pro
1136 671 1311 711 instruit
1350 671 1499 720 aciem,
1541 685 1634 724 cap.
1682 670 1746 710 18.

355 740 608 795 nequierunt
645 753 722 793 pro
758 738 1051 792 nequiverunt,
1088 751 1183 790 cap.
1216 737 1284 776 26.
1319 737 1633 777 decucurrisset
1667 750 1749 790 pro

355 806 630 854 decen-risset,
663 820 758 858 cap.
781 806 850 845 28.
874 804 924 853 is,
950 804 1051 858 quia
1075 818 1156 857 pro
1184 803 1302 857 quia,
1332 810 1374 843 et
1405 817 1497 857 cap.
1520 803 1587 843 33.
1612 801 1750 843 Asiae

355 874 556 914 civitates
591 887 670 926 pro
701 871 837 912 Asiae
875 871 1012 920 urbes,
1046 885 1157 924 quae
1193 885 1270 910 nos
1304 883 1479 923 quoque
1515 876 1558 910 et
1594 868 1752 910 Baum-

354 940 730 996 garten-Crusium
760 938 1019 987 fefellerunt,
1051 953 1135 979 non
1166 937 1465 978 exterminavit
1494 944 1625 991 atque
1655 951 1748 992 cap.

360 1010 422 1049 10.
457 1009 636 1050 verbum
670 1007 852 1055 irruunt,
882 1005 1001 1060 quod
1034 1020 1129 1046 curn
1160 1005 1403 1060 insequenti
1433 1019 1575 1046 verum
1605 1005 1648 1045 in
1680 1005 1749 1046 ed.

357 1076 483 1118 Rom.
508 1075 698 1129 margine
721 1072 968 1128 suppletum
990 1080 1072 1121 est,
1094 1073 1137 1113 in
1159 1073 1307 1114 codice
1328 1072 1521 1127 reperiri,
1546 1070 1752 1114 Goellero

356 1143 566 1193 credidit3
599 1143 642 1183 in
673 1141 828 1183 ceteris
859 1147 1002 1181 autem
1032 1141 1152 1181 libris
1184 1140 1427 1195 complures
1459 1140 1664 1182 lectiones
1695 1141 1750 1181 ab

356 1212 510 1253 eodem
540 1225 691 1265 parum
724 1216 921 1251 accurate
953 1216 1163 1258 enotatas,
1187 1208 1317 1249 veluti
1348 1208 1444 1248 Lib.
1476 1207 1652 1248 XXXI.
1681 1208 1749 1249 35.

357 1295 437 1320 rex
473 1293 553 1333 pro
589 1293 668 1318 rex
705 1292 818 1327 vero,
854 1276 968 1332 quod
1006 1277 1048 1317 in
1086 1276 1181 1317 cod.
1218 1275 1371 1316 Bamb.
1409 1290 1494 1316 non
1531 1275 1751 1326 omissum,

358 1347 432 1388 sed
457 1347 500 1387 in
522 1349 574 1386 225
597 1346 683 1386 sive
706 1360 786 1385 non
808 1352 1056 1398 corruptum
1079 1350 1159 1391 est,
1183 1358 1275 1397 cap.
1299 1343 1369 1384 49.
1393 1343 1611 1384 duodecim
1631 1342 1753 1384 milia

358 1415 656 1469 Hispanorum
705 1428 785 1467 pro
835 1412 1074 1466 quindecim
1123 1411 1244 1451 milia
1289 1410 1603 1465 Hispanorum,
1649 1410 1750 1452 Lib.

359 1481 562 1522 XXXII.
610 1482 677 1521 521.
716 1481 904 1534 fortuma
955 1485 996 1519 et
1043 1480 1118 1519 dat
1154 1478 1370 1533 fiduciam
1416 1477 1752 1532 postulantibus,

359 1550 513 1590 omisso
554 1548 738 1596 Achaei,
778 1562 865 1600 quo
913 1547 1007 1587 cod.
1054 1545 1204 1586 Bamb.
1248 1544 1444 1586 lacunam
1494 1544 1754 1599 explendam

358 1632 453 1658 esse
486 1621 681 1670 apparet,
717 1629 809 1668 cap.
843 1614 909 1654 28.
947 1614 1190 1667 quaerendo
1225 1627 1330 1668 rege
1365 1618 1406 1653 et
1438 1613 1632 1653 exercitu
1662 1613 1754 1654 eius

359 1700 437 1739 pro
459 1683 702 1739 quaerendo
724 1697 867 1737 regem
888 1687 928 1722 et
953 1681 1188 1722 exereitum
1213 1681 1316 1730 eius,
1342 1679 1438 1720 Lib.
1464 1679 1686 1721 XXXIV.
1710 1681 1752 1722 5.

359 1753 446 1793 iam
466 1752 569 1792 urbe
596 1755 728 1805 capta
756 1765 783 1790 a
811 1749 971 1797 Gallis,
996 1763 1078 1804 quo
1107 1749 1326 1803 redempta
1354 1749 1455 1789 urbs
1479 1750 1576 1789 est?
1606 1763 1756 1803 nempe

360 1826 579 1861 matronae
631 1833 835 1860 consensu
889 1817 1068 1858 omnium
1123 1817 1168 1857 in
1217 1816 1440 1871 publicum
1490 1816 1756 1858 contulerunt

360 1903 440 1942 pro
475 1888 561 1928 iam
597 1887 700 1927 urbe
736 1891 869 1940 capta
901 1900 929 1924 a
965 1884 1126 1933 Gallis,
1157 1898 1239 1939 quo
1271 1885 1490 1939 redempta
1523 1884 1624 1925 urbs
1654 1885 1754 1924 est?

361 1970 506 2010 nempe
545 1969 696 1995 aarum
734 1958 956 1993 matronae
995 1966 1200 1992 consensu
1240 1951 1420 1991 omnium
1460 1951 1502 1990 in
1535 1951 1755 2005 publicum

362 2023 643 2070 contulerunt,
691 2035 782 2074 cap.
830 2020 890 2059 13.
935 2018 1169 2059 conset-etis
1214 2032 1362 2058 manus
1403 2032 1483 2071 pro
1525 2017 1757 2072 conferetis

362 2104 525 2138 manus,
558 2088 676 2141 quod
709 2087 803 2128 cod.
838 2085 958 2139 Mog.
992 2085 1165 2126 lectioni
1201 2085 1432 2125 conseretis
1467 2100 1633 2126 manum
1671 2101 1757 2128 non

364 2155 650 2210 praetulerim,
677 2169 771 2208 cap.
798 2155 864 2194 35.
899 2167 1091 2208 quasque
1121 2153 1215 2207 ipse
1245 2153 1504 2194 restituisset
1537 2168 1617 2208 pro
1648 2169 1758 2209 quas

362 2224 457 2279 ipse
496 2221 767 2269 restituisset,
805 2220 923 2274 qnod
960 2220 1055 2260 cod.
1095 2219 1244 2260 Bamb.
1283 2219 1548 2275 aliorumque
1588 2228 1632 2262 et
1667 2221 1759 2263 edi-

363 2292 524 2332 tionum
556 2289 825 2342 antiquarum
855 2287 1028 2328 lectioni
1065 2302 1256 2342 quasque
1290 2294 1332 2328 et
1368 2288 1463 2343 ipse
1499 2289 1758 2330 restituisset

362 2360 405 2400 in
438 2358 504 2399 ed.
540 2357 668 2398 Frob.
704 2358 742 2396 2.
777 2362 893 2396 recte
937 2356 1219 2396 substitutum
1259 2362 1340 2404 est,
1382 2370 1475 2410 cap.
1518 2356 1584 2396 39.
1626 2370 1758 2411 super

364 2427 513 2482 capita
545 2441 622 2480 pro
653 2438 787 2478 supra
819 2423 982 2478 capita,
1017 2423 1112 2464 Lib.
1137 2423 1335 2464 XXXV.
1360 2423 1397 2463 4.
1423 2430 1467 2464 ut
1492 2437 1708 2478 egressum
1734 2438 1758 2465 e

355 2495 517 2549 finibus
543 2493 631 2533 suis
660 2493 819 2532 hostem
853 2505 1037 2539 sensere,
1069 2506 1147 2545 pro
1170 2497 1214 2531 zat
1236 2505 1454 2545 egressum
1484 2490 1572 2530 setis
1588 2490 1758 2545 finibus

365 2563 524 2602 hostem
573 2574 757 2607 sensere,
803 2558 920 2612 quod
964 2558 1006 2598 in
1054 2558 1147 2598 cod.
1202 2557 1353 2598 Bamb.
1401 2557 1628 2611 reperitur,
1662 2572 1755 2613 cap.

365 2631 432 2670 22.
477 2629 626 2668 missus
676 2632 740 2667 est
789 2627 832 2667 in
887 2625 1122 2666 Graeciam
1165 2626 1224 2665 ad
1266 2625 1442 2665 tuendos
1491 2625 1631 2666 socios
1678 2641 1759 2680 pro

367 2697 518 2737 missus
543 2696 586 2735 in
613 2694 846 2734 Graeciam
878 2699 940 2733 est
972 2693 1032 2733 ad
1058 2693 1234 2732 tuendos
1261 2692 1415 2740 socios,
1438 2691 1554 2745 qnod
1586 2691 1628 2732 in
1659 2693 1756 2735 cod.

370 2764 520 2804 Bamb.
558 2761 730 2816 legitur,
769 2760 867 2801 Lib.
906 2759 1125 2800 XXXVI.
1164 2760 1230 2799 38.
1273 2773 1351 2799 sea:
1391 2758 1511 2799 milia
1551 2774 1630 2813 pro
1671 2760 1760 2802 tria

369 2831 500 2880 milia,
526 2829 621 2871 Lib.
647 2827 892 2870 XXXVII.
916 2828 982 2868 46.
1000 2827 1208 2882 praelata
1239 2827 1281 2867 in
1311 2826 1522 2880 triumpho
1551 2833 1648 2868 sunt
1678 2842 1759 2882 pro
