1888 3194
695 156 987 196 INI)EX.

194 244 255 266 nae
268 234 350 266 arcis
362 243 460 265 aurea
473 241 591 263 corona
604 240 624 262 a
637 230 821 270 Saguntinis

193 278 314 309 donata
328 277 380 314 28,
395 285 444 318 39.
469 274 538 305 ludi
553 283 610 313 per
623 273 736 304 decem
752 273 820 304 dies

191 320 270 351 facti
292 329 345 359 42,
366 327 416 356 20,
433 317 482 348 28.
516 325 666 347 coronam
687 325 818 346 auream

192 367 322 394 centum
345 361 453 400 pondo
467 359 500 390 in
516 359 585 390 eius
597 359 677 389 aede
692 363 817 398 ponunt

192 404 289 446 legati
305 402 451 443 Philippi
467 401 518 442 36,
535 410 584 440 35.
618 400 744 441 Iupiter
765 401 816 431 Pi-

189 457 303 478 raeeus
326 456 377 486 31,
398 455 446 485 30.
480 445 586 476 Stator
605 453 633 482 1,
651 453 687 474 12
710 447 742 474 et
765 453 816 481 41.

190 489 221 521 ei
242 489 401 529 templum
424 488 458 519 in
481 497 588 528 pugna
606 497 676 517 cum
695 486 818 518 Samni-

189 532 276 563 tibus
291 531 377 562 vovit
392 531 440 562 M.
456 531 576 562 Atilius
594 539 643 567 10,
660 528 708 569 36.
740 529 818 560 Tro-

190 575 330 616 phonius
351 582 404 614 45,
427 581 476 614 27.
510 573 624 603 Victor
643 582 691 610 10,
709 582 756 614 29.
789 571 818 603 ei

189 618 287 649 aedes
302 620 387 655 vota,
402 616 568 657 spoliaque
590 615 730 646 hostium
753 625 817 646 cre-

189 665 289 698 mata,
311 660 387 691 ibid.
419 659 491 691 Iovi
515 658 640 689 Victori
663 658 817 698 pocillum

188 703 296 741 mulsi,
312 702 496 743 priusquam
511 705 667 732 temetum
685 701 818 738 biberet,

189 751 284 777 vovet
304 745 341 778 L.
360 745 508 786 Papirius
531 754 580 783 42.
615 744 682 775 eius
704 744 817 774 aedem

187 789 222 819 in
238 789 402 829 Capitolio
417 789 646 827 columnasque
661 786 745 817 circa
760 796 814 826 po-

188 831 312 863 liendas
348 832 423 862 albo
453 831 561 862 locant
592 839 736 860 censores
765 839 816 867 40,

189 882 239 914 51.
254 874 315 906 vid.
331 878 364 906 et
379 874 495 905 Aedes.
519 873 652 913 epulum
669 873 817 903 ludorum

187 927 284 948 causa
304 925 354 956 25,
371 927 399 949 2.
422 925 473 957 27,
488 915 538 955 36.
564 925 614 957 29,
631 916 680 954 38.
712 918 814 955 porta,

189 959 322 1000 Capuae
339 959 390 998 26,
409 969 456 998 14.
486 958 574 990 Iovis
592 958 671 989 sella
685 957 718 988 in
734 962 814 988 tem-

187 1003 243 1043 plo
255 1002 442 1043 Capitolino
455 1010 485 1041 5,
495 1010 545 1041 50.
569 1001 706 1041 signum,
720 1001 813 1031 Prae-

186 1049 277 1077 neste
312 1046 494 1083 devectum,
531 1055 551 1075 a
587 1044 741 1074 dictatore
773 1042 812 1074 T.

187 1088 344 1124 Quinctio
373 1088 407 1118 in
433 1086 632 1127 Capitolium
658 1086 758 1116 fertur
783 1083 814 1123 6,

187 1139 237 1172 29.
272 1130 346 1161 Iovi
371 1140 460 1160 aram
486 1130 520 1160 in
547 1132 657 1160 monte
684 1128 814 1160 Haemo

186 1177 351 1204 consecrat
366 1172 539 1212 Philippus
554 1181 608 1210 40,
623 1180 673 1203 22.

144 1215 257 1247 Iurare
278 1225 343 1247 non
366 1219 471 1256 potest
494 1215 613 1246 flamen
634 1213 752 1251 Dialis,
766 1216 812 1244 at-

184 1269 248 1299 que
263 1259 345 1290 adeo
359 1258 461 1289 alium
477 1258 545 1296 dat,
560 1256 614 1297 qui
631 1267 689 1297 pro
711 1266 744 1287 se
766 1256 813 1286 iu-

184 1306 234 1333 ret
248 1310 300 1341 31,
316 1310 366 1341 50.
398 1301 502 1332 iurare
528 1310 586 1340 pro
610 1300 712 1330 altero
735 1309 812 1330 non-

184 1354 351 1384 nunquam
367 1343 568 1384 permissum,
583 1343 626 1374 ib.

144 1386 371 1418 Iusiurandum
386 1386 528 1417 militum
543 1386 702 1417 diversum
727 1395 746 1415 a
766 1395 813 1415 sa-

185 1434 349 1461 cramento
371 1439 422 1465 22,
440 1429 489 1468 38.
519 1427 721 1459 iurisiurandi
742 1427 814 1458 reli-

183 1473 272 1513 giosa
286 1473 464 1503 observatio
480 1481 510 1511 3,
527 1481 575 1502 20.
609 1470 704 1501 nimis
726 1470 814 1501 calli·

185 1516 228 1547 da
242 1515 463 1555 interpretatio
478 1512 587 1552 22,61.
610 1513 813 1544 iureiurando

184 1559 319 1590 adactus
341 1558 491 1598 populus,
505 1557 668 1588 neminem
683 1566 813 1596 regnare

184 1601 313 1633 Romae
335 1611 482 1641 passuros
504 1610 533 1638 2,
552 1609 564 1630 1
586 1603 617 1630 et
640 1609 667 1630 2.
697 1598 811 1630 iureiu-

183 1644 284 1675 rando
305 1644 434 1684 quando
456 1643 595 1683 primum
618 1641 736 1672 milites
757 1642 811 1672 ad-

184 1687 249 1718 acti
266 1696 317 1724 22,
333 1687 384 1726 38.

143 1729 202 1761 Ius
215 1729 393 1760 humanum
410 1728 531 1760 violant
547 1727 638 1760 Fabii
656 1736 686 1767 5,
702 1725 751 1765 36.
778 1727 811 1758 111

184 1773 281 1804 armis
295 1772 400 1803 ferunt
417 1772 518 1809 Galli,
530 1771 605 1802 ibid.
630 1771 690 1808 ius,
706 1770 738 1800 id
754 1774 812 1808 est,

184 1816 271 1856 quod
293 1819 490 1855 postremum
514 1814 653 1854 populus
674 1814 763 1844 iubet
784 1820 812 1852 7,

188 1866 235 1897 17.
252 1868 283 1900 9,
294 1866 344 1897 33.
368 1857 416 1888 ius
428 1857 571 1888 divinum
588 1861 620 1887 et
635 1856 811 1886 humanum

189 1910 216 1939 1,
235 1902 282 1932 18.
313 1901 419 1938 civile,
433 1901 607 1940 repositum
629 1899 811 1938 in.pontifl-

184 1954 258 1975 cum
283 1943 511 1984 penetralibus,
531 1942 659 1982 evulgat
682 1943 720 1974 C.
739 1942 811 1972 Fla-

185 1986 254 2018 vius
279 1997 311 2028 9,
334 1984 384 2026 46.
422 1985 560 2026 suffragii
586 1985 702 2025 quibus
728 1995 812 2017 com-

184 2033 275 2070 petat
285 2034 300 2061 ?
316 2037 368 2068 45,
383 2037 429 2068 15.
451 2028 528 2059 iuris
539 2028 663 2068 antiqui
675 2028 813 2059 formula

184 2081 237 2112 37,
253 2080 303 2112 57-

143 2115 308 2147 Iustitium
331 2114 488 2146 indictum
512 2123 543 2153 3,
564 2123 581 2153 3
603 2118 635 2145 et
653 2122 701 2152 27.
726 2125 756 2152 4,
773 2112 812 2145 26

184 2162 218 2191 et
238 2167 288 2199 31.
311 2157 343 2196 6,
364 2167 380 2188 2
401 2161 434 2189 et
456 2165 483 2197 7.
513 2166 541 2197 7,
557 2156 576 2188 6
597 2161 630 2188 et
652 2158 700 2187 28.
728 2166 776 2195 10,
792 2168 812 2195 4

184 2205 218 2232 et
233 2211 283 2233 21.
313 2211 371 2241 per
383 2200 590 2241 quatriduum
605 2204 764 2230 servatum
782 2209 812 2239 3,

184 2252 215 2283 3.
239 2254 295 2284 per
309 2243 377 2275 dies
388 2245 500 2274 decem
512 2247 544 2274 et
556 2246 628 2273 octo
645 2252 693 2281 10,
706 2252 755 2273 21.
778 2242 811 2273 in

184 2287 253 2318 foro
288 2296 347 2317 sua
381 2291 495 2326 sponte
526 2289 677 2326 coeptum
714 2285 812 2326 prius,

185 2339 281 2369 quam
300 2329 456 2360 indictum
472 2338 503 2370 9,
522 2337 549 2369 7.
578 2328 743 2359 remissum
763 2338 811 2366 ιο,

185 2381 236 2404 21.
270 2371 390 2403 iustitio
413 2371 516 2402 simile
538 2371 639 2402 otium
663 2379 692 2410 7,
711 2381 736 2403 1.
761 2369 812 2409 26,

186 2413 236 2447 26.

143 2457 181 2489 L.
195 2457 364 2489 Iuventius
385 2457 526 2495 Thalna,
549 2457 673 2496 legatus
693 2465 744 2498 39,
760 2465 811 2496 31.

186 2501 326 2532 Romam
342 2500 454 2531 missus
470 2501 520 2539 38.

142 2543 202 2575 Μ’.
221 2544 389 2575 Iuventius
405 2543 545 2581 Thalna,
560 2542 631 2573 trib.
655 2543 698 2582 pl.
719 2552 811 2573 accu-

184 2592 233 2618 sat
244 2587 282 2618 C.
295 2586 492 2623 Lucretium,
505 2590 682 2626 praetorem
699 2594 750 2623 43,
766 2595 811 2616 10.

185 2634 310 2661 creatus
328 2634 465 2670 praetor,
480 2629 609 2660 sortitur
624 2628 811 2659 iurisdictio-

185 2681 259 2703 nem
282 2672 365 2703 inter
387 2672 567 2712 peregrinos
585 2680 637 2711 45,
658 2681 694 2709 14
713 2675 744 2702 et
766 2670 811 2702 16.

186 2715 380 2754 rogationem
424 2715 604 2755 promulgat
645 2715 685 2745 de
727 2714 812 2744 bello

186 2757 325 2788 Rhodiis
340 2757 510 2789 indicendo
523 2766 574 2797 45,
586 2767 634 2789 21.
658 2757 686 2788 01
703 2758 811 2788 adver-

186 2803 297 2830 santur
310 2799 428 2831 tribuni
447 2801 490 2840 pl.
506 2801 582 2831 ibid.

145 2842 184 2874 T.
198 2842 376 2880 luventius,
388 2843 459 2875 trib.
473 2842 539 2874 mil.
556 2843 642 2874 cadit
657 2843 689 2875 in
708 2854 814 2884 pugna

188 2894 240 2925 33,
258 2894 306 2918 22.

864 231 904 262 Τ.
918 232 1097 272 Iuventius,
1116 233 1250 274 legatus,
1271 234 1314 265 ad
1334 234 1530 268 frumentum

905 274 998 305 classi
1020 276 1238 316 exercituique
1259 279 1481 318 coemendum,
1495 279 1530 310 in

904 317 1059 356 Apuliam
1075 318 1213 349 mittitur
1227 328 1279 357 42,
1295 326 1345 358 27.

862 359 901 391 T.
916 359 1082 391 Iuventius
1105 361 1234 391 Thalna
1256 365 1380 391 creatur
1403 367 1530 402 praetor

903 410 1021 450 34242.
1051 403 1180 434 sortitur
1194 403 1444 436 iurisdictionem
1461 416 1529 446 per-

902 455 1042 485 egrinam
1059 455 1109 485 43.

864 487 994 518 Iuvenis
1015 488 1122 519 divina
1144 488 1250 529 specie
1268 488 1354 521 visus
1374 489 1407 521 in
1423 489 1530 530 quiete

903 531 944 561 ab
961 530 1147 562 Hannibale
1164 541 1214 568 21,
1226 541 1275 564 22.
1297 532 1422 564 iuvenis
1437 533 1531 564 unius

903 574 1083 604 constantia
1093 574 1268 605 multorum
1281 579 1409 607 revocat
1418 576 1530 616 despe-

903 616 1058 647 rationem
1084 626 1134 655 22,
1156 625 1205 656 53.
1242 617 1374 649 iuvenes
1396 618 1531 649 trecenti

903 659 1108 690 conius-arunt
1126 660 1270 691 occidere
1287 660 1482 692 Porsennam
1501 670 1531 699 2,

907 711 953 733 12.
978 702 1127 733 iuvenum
1141 703 1360 734 Romanorum
1373 704 1530 735 nobilium

903 745 1095 785 conspiratio
1124 746 1164 776 de
1192 746 1317 786 regibus
1345 746 1532 778 revocandis

905 797 935 826 2,
958 797 986 827 3.
1021 788 1157 820 coniecti
1180 788 1214 819 in
1239 789 1367 820 vincula
1389 801 1418 829 4.
1452 790 1531 821 dant

903 841 1023 870 poenas
1038 839 1066 870 5.

862 873 1018 904 Iuventas
1032 873 1106 905 Dea
1126 881 1156 913 5,
1172 881 1221 913 54.
1253 874 1417 907 Iuventati
1440 874 1528 906 lecti—

900 916 1052 947 sternium
1081 916 1274 956 imperatum
1299 927 1350 956 21,
1372 917 1423 950 62.
1460 917 1529 949 eius

899 959 994 990 aedes
1008 959 1041 990 in
1057 958 1140 991 circo
1154 959 1296 991 maximo
1311 960 1364 1001 36,
1379 960 1430 1001 36.

1171 1088 1208 1120 L.

858 1173 1027 1247 Lab6eates,
1049 1174 1162 1214 populi
1185 1184 1237 1214 43,
1259 1184 1308 1206 21.
1331 1185 1384 1213 44,
1400 1183 1450 1214 31.
1473 1182 1525 1214 45,

901 1225 917 1245 2
942 1240 950 1247 .

857 1258 1008 1289 Labeatis
1024 1259 1118 1298 palus
1133 1270 1184 1297 44,
1201 1269 1251 1299 31.

857 1300 1009 1332 Labeatis
1023 1305 1107 1332 terra
1121 1313 1173 1341 44,
1191 1311 1240 1341 23.

859 1343 982 1382 Labici,
998 1354 1053 1375 seu
1071 1344 1193 1382 Lavici‚
1208 1345 1283 1375 urbs
1300 1354 1329 1382 2,
1345 1354 1395 1386 39.
1433 1344 1527 1376 Labi-

900 1397 954 1418 cos
969 1387 1056 1427 capit
1071 1387 1271 1426 Coriolanus,
1289 1387 1364 1419 ibid.
1395 1387 1528 1427 capiunt

900 1433 932 1461 et
947 1429 1102 1470 diripiunt
1119 1430 1260 1461 Romani
1276 1441 1307 1469 4,
1319 1439 1369 1470 47.
1393 1430 1529 1462 Lavicos

900 1473 1038 1503 deducta
1054 1473 1191 1509 colonia,
1205 1473 1281 1504 ibid.

858 1515 1024 1553 Labicani,
1050 1516 1115 1547 sive
1142 1515 1306 1552 Lavicani,
1329 1516 1436 1547 hostes
1460 1516 1527 1548 Ro-

899 1568 1066 1589 manorum
1085 1570 1116 1597 4,
1132 1566 1182 1597 45.
1213 1558 1335 1598 proelio
1359 1559 1529 1590 vincuntur

898 1600 948 1639 46.
965 1601 1004 1632 cf.
1021 1605 1054 1632 et
1069 1599 1101 1637 6,
1118 1610 1166 1632 21.

856 1643 1048 1681 Labicanus,
1064 1654 1120 1675 seu
1137 1643 1328 1682 Lavicanus,
1343 1654 1417 1684 ager
1432 1653 1462 1685 3,
1477 1652 1526 1684 25.

897 1696 994 1728 4,49·
1020 1685 1114 1728 26,91
1178 1728 1261 1735 ...

857 1729 1092 1767 Lacedaemon,
1122 1729 1318 1760 validismma
1351 1730 1424 1760 urbs
1454 1729 1528 1762 viris

897 1771 1055 1812 armisque
1071 1781 1123 1811 34,
1138 1781 1188 1812 33.
1221 1772 1444 1803 Lacedaemon
1462 1783 1526 1804 non

898 1825 1031 1855 operum
1049 1815 1300 1855 magnificentia,
1315 1815 1370 1846 sed
1387 1815 1526 1856 discipli-

898 1868 940 1888 na
954 1857 1172 1898 institutisque
1187 1857 1402 1889 memorabilis
1412 1867 1464 1898 45,
1476 1859 1525 1891 28.

857 1900 1103 1932 Lacedaemonii
1133 1901 1253 1941 legatos
1282 1900 1422 1932 Romam
1453 1901 1524 1932 mit-

898 1948 982 1981 tunt,
997 1943 1051 1983 qui
1067 1943 1253 1984 ambiguum
1273 1953 1459 1983 responsum
1475 1955 1525 1977 ac-

899 1986 1023 2026 cipiunt
1039 1995 1091 2025 30,
1107 1995 1158 2026 32.
1188 1990 1332 2026 pugnant
1354 1987 1526 2018 missilibus

899 2037 951 2068 34,
970 2038 1019 2077 39.
1052 2029 1212 2069 principes
1233 2028 1395 2069 octoginta
1415 2029 1525 2061 1111011-

897 2072 975 2103 tutis
989 2072 1224 2103 mterficiuntur
1238 2082 1257 2103 a
1270 2072 1399 2103 Nabide
1412 2081 1464 2111 34,
1476 2081 1524 2112 27.

897 2125 931 2146 se
947 2115 1137 2155 permittunt
1158 2115 1288 2146 arbitrio
1305 2115 1526 2147 Romanorum

898 2168 949 2196 40.
981 2158 1158 2190 caeduntur
1180 2158 1221 2189 ab
1244 2157 1382 2189 Achaeis
1404 2167 1455 2198 35,
1475 2169 1526 2202 29.

899 2200 1073 2232 concidunt
1095 2201 1228 2232 Aetolos
1251 2199 1301 2241 36.
1329 2206 1484 2232 vexantur
1507 2212 1527 2233 a

898 2243 962 2274 suis
982 2243 1146 2274 exsulibus
1161 2244 1213 2283 38,
1226 2252 1275 2283 30.
1306 2249 1400 2275 nocte
1419 2244 1525 2276 vicum

898 2287 1094 2317 maritimum
1112 2286 1181 2317 Lan
1197 2291 1370 2326 occupant,
1385 2290 1418 2318 et
1432 2287 1527 2319 amit-

898 2334 982 2368 tunt,
1005 2329 1082 2361 ibid.
1119 2330 1205 2360 bello
1234 2334 1460 2370 oppugnantur
1485 2331 1526 2362 ab

898 2372 1036 2404 Achaeis
1063 2381 1113 2411 32.
1154 2371 1292 2413 Lycurgi
1323 2373 1408 2413 leges
1436 2373 1526 2405 abro-

896 2426 982 2456 gare,
998 2420 1030 2446 et
1046 2415 1247 2447 Achaeorum
1266 2415 1352 2455 leges
1366 2415 1525 2447 instituta-

897 2468 961 2498 que
987 2457 1132 2499 accipere
1158 2458 1307 2489 iubentur
1333 2467 1383 2497 34.
1423 2459 1463 2490 de
1489 2459 1527 2491 iis

897 2501 1002 2541 agitur
1024 2501 1057 2532 in
1081 2501 1217 2532 concilio
1239 2501 1454 2539 Achaeorum,
1475 2513 1525 2533 co-

897 2553 966 2574 ram
983 2544 1094 2585 legatis
1107 2544 1203 2575 Rom.
1217 2553 1270 2586 39,
1283 2552 1320 2583 35
1338 2548 1370 2575 et
1386 2553 1436 2584 37.
1459 2555 1524 2575 11111-

898 2596 974 2618 nere
1002 2587 1153 2618 iubentur
1180 2586 1214 2617 in
1241 2586 1377 2618 concilio
1402 2587 1526 2619 Achae»

898 2639 989 2660 orum
1006 2630 1056 2668 48.
1087 2629 1414 2661 Lacedaemoniorum
1434 2641 1525 2661 exsu-

898 2672 945 2703 les
960 2672 1067 2711 multi,
1082 2672 1166 2713 pulsi
1187 2683 1206 2703 a
1226 2673 1290 2704 suis
1305 2673 1458 2713 tyrannis,
1475 2683 1524 2703 ve-

898 2714 992 2746 niunt
1008 2714 1040 2746 in
1057 2720 1159 2747 castra
1173 2716 1391 2747 Romanorum
1410 2724 1461 2754 34,
1476 2714 1523 2746 26.

899 2762 1101 2790 cum-,tutores
1116 2763 1229 2790 natura
1244 2766 1296 2797 45,
1314 2767 1363 2797 23.

857 2801 894 2833 C.
910 2801 1061 2832 Lacerius
1075 2801 1146 2832 trib.
1165 2801 1208 2841 pl.
1225 2809 1256 2840 5,
1275 2810 1321 2833 10.

859 2844 1034 2875 Laeetania
1050 2853 1100 2882 21,
1118 2852 1166 2883 23.

860 2886 1012 2918 Lacetani
1036 2895 1086 2924 21,
1104 2884 1146 2917 60
1160 2889 1191 2917 et
1206 2884 1257 2917 61.
1287 2884 1524 2925 depopulantur
