1888 3194
877 195 1170 234 INDEX.

375 271 486 304 Asiam
502 272 544 302 ad
559 271 708 302 Attalum
725 271 849 310 legatus
864 269 1003 300 mittitur

377 323 497 355 29,11.
521 313 636 344 aedilis
655 313 774 343 curulis
795 321 846 351 30,
863 311 913 343 26.
937 322 1001 343 cre-

376 359 450 386 atur
468 359 607 395 praetor,
630 359 662 386 et
684 354 829 385 Bruttios
848 354 1004 394 provinci-

377 408 431 428 am
446 398 576 428 sortitur
591 407 632 435 40
653 400 685 428 et
701 406 750 435 41.
775 397 803 427 ei
820 400 1006 436 prorogatur

377 439 562 479 imperium,
573 444 609 470 ut
624 439 657 469 in
674 439 855 470 Sardiniam
869 439 1006 469 traiiciat

380 491 432 520 31,
449 482 477 512 8.

339 525 387 557 Μ.
405 523 555 554 Valerius
573 523 746 561 Laevinus,
762 526 900 563 praetor,
916 523 1004 553 sorti-

378 569 431 596 tur
450 565 703 596 iurisdictionem
723 565 934 604 peregrinam,
950 565 1006 594 sed

379 612 492 647 postea
512 609 636 638 bellum
658 607 880 638 administrare
902 607 1006 635 iussus

380 653 428 680 est
453 658 504 688 23,
525 660 574 688 24.
605 659 657 687 3ο,
673 657 722 687 32.
756 656 796 686 37
817 652 849 677 et
873 648 922 685 38.
947 657 1005 685 pro

380 695 526 730 praetore
542 700 687 729 praeesse
708 689 837 719 iubetur
852 698 927 719 orae
942 698 1008 718 ma-

378 733 505 763 ritimae
514 733 556 762 ad
572 731 782 762 Brundisium
800 740 850 769 24,
866 740 913 761 10.
936 730 1008 760 mit-

380 775 419 805 tit
440 775 489 805 M.
506 773 648 811 Livium,
668 773 722 812 qui
741 773 920 803 Tarentum
939 775 1008 802 tue-

379 821 452 846 atur
477 825 526 846 20.
557 816 598 845 ad
625 825 700 845 eum
723 814 820 854 legati
842 815 884 844 ab
912 814 1009 845 Orico

379 867 430 895 40.
453 857 522 888 eius
542 867 592 887 res
611 861 718 897 gestae
740 857 773 886 in
795 856 933 887 Graecia
954 857 1009 886 ad-

379 910 487 930 versus
512 899 715 939 Philippum,
737 899 813 929 ibid.
841 902 1010 938 prorogato

377 941 513 981 imperio
542 943 714 972 mandatur
742 941 772 971 ei
803 940 942 972 Graecia
975 943 1008 971 et

379 983 574 1015 Macedonia
597 995 648 1022 44.
679 982 796 1013 iterum
823 989 873 1021 25,
899 991 927 1021 3.
959 992 1009 1013 res

379 1029 486 1065 gestae
508 1024 559 1063 26,
577 1024 710 1064 24—26.
736 1035 798 1056 cos.
814 1026 928 1056 absens
944 1035 1008 1055 cre-

379 1071 452 1098 atur
468 1077 517 1098 22.
541 1068 628 1097 venit
644 1068 785 1098 Romam
803 1074 852 1106 27.
877 1067 1010 1097 Italiam

379 1110 519 1146 sortitus,
535 1109 732 1149 provinciam
757 1113 920 1148 permutat
937 1119 1010 1139 cum

380 1152 539 1182 Marcello
560 1152 684 1191 collega
702 1161 750 1192 29.
773 1152 885 1182 suadet
908 1151 1010 1182 Patri-

378 1195 450 1232 bus,
465 1198 501 1224 ut
516 1204 612 1224 omne
623 1204 749 1231 aurum,
764 1197 1009 1234 argentum,aes

379 1236 538 1275 signatum
552 1236 584 1266 in
601 1236 767 1275 publicum
781 1236 946 1266 conferant
957 1234 1006 1275 36.

379 1278 490 1309 Sicilia
515 1278 603 1308 omni
637 1279 761 1308 Poenos
791 1278 927 1317 expellit
957 1287 1007 1315 40.

379 1321 522 1351 Romam
543 1320 637 1358 redit,
654 1328 685 1350 et
700 1330 749 1350 res
768 1320 801 1350 in
818 1319 927 1350 Sicilia
941 1329 1007 1358 ges-

379 1367 428 1393 tas
451 1366 559 1392 narrat
585 1371 635 1400 27,
659 1370 687 1400 5.
722 1362 790 1392 eius
813 1361 1008 1391 concertatio

379 1414 453 1434 cum
470 1405 621 1434 Patribus
636 1405 676 1434 de
691 1404 847 1434 dictatore
861 1403 1009 1440 dicendo,

378 1446 454 1477 ibid.
485 1446 513 1476 ei
536 1450 740 1486 prorogatum
761 1446 933 1485 imperium
959 1454 1008 1475 22.

378 1489 562 1527 proconsul,
592 1499 632 1518 ex
663 1487 774 1518 Sicilia
803 1488 836 1517 in
865 1487 1009 1517 Africam

378 1530 590 1569 proficiscitur
612 1530 662 1566 28,
683 1541 712 1567 4.
743 1530 866 1568 legatus
886 1529 927 1558 ad
951 1529 1009 1559 At-

378 1573 481 1602 talum
510 1572 650 1602 mittitur
680 1580 807 1612 29,11.
846 1571 942 1601 refert
968 1571 1008 1601 de

376 1614 548 1644 reddendis
569 1613 725 1652 pecuniis,
740 1623 822 1652 quae
838 1624 857 1643 a
878 1612 1009 1653 privatis

378 1657 516 1686 collatae
537 1660 627 1686 erant
647 1655 693 1686 16.
719 1659 916 1695 propraetor,
933 1665 1007 1685 cum

378 1699 478 1728 classe
494 1698 633 1728 mittitur
647 1699 799 1729 adversus
815 1698 1008 1744 Philippum

375 1740 410 1771 111
434 1740 662 1771 Macedoniam
685 1750 736 1779 31,
756 1749 785 1778 3.
809 1739 921 1770 mortis
941 1738 1008 1769 eius

377 1793 475 1813 causa
489 1793 509 1812 a
533 1782 651 1812 Publio
667 1786 698 1813 et
719 1783 832 1812 Marco
849 1781 924 1812 filiis
939 1781 1008 1811 ludi

376 1825 526 1854 funebres
541 1824 628 1862 facti,
645 1832 695 1863 50.

335 1867 382 1898 M.
398 1866 548 1896 Valerius
564 1866 726 1897 Laevinus
741 1870 868 1897 creatur
882 1869 1009 1905 praetor

378 1918 429 1949 39,
447 1907 496 1947 56.
524 1909 653 1939 sortitur
668 1909 920 1939 iurisdictionem
938 1918 1007 1948 per-

379 1951 521 1989 egrinam
538 1961 590 1988 40,
610 1961 636 1982 1.
653 1952 693 1982 cf.
711 1956 743 1981 et
759 1960 810 1988 42,
828 1951 878 1989 58.

334 1993 383 2023 M.
398 1992 550 2023 Valerius
562 1993 728 2023 Maximus
742 1993 814 2024 trib.
831 1992 925 2024 milit.
942 2003 1005 2024 cos.

376 2038 443 2074 pot.
461 2042 491 2073 5,
511 2044 557 2073 14.
580 2035 697 2066 iterum
716 2045 765 2073 ²4·

335 2076 383 2108 M.
397 2077 548 2107 Valerius
567 2078 744 2114 Maximus,
760 2087 822 2108 005.
840 2087 871 2118 9,
889 2077 938 2108 28.
962 2078 1006 2107 le-

375 2123 469 2158 gatus
480 2119 643 2149 dictatoris
660 2119 783 2159 Papirii
795 2119 941 2150 Cursoris
956 2129 1005 2156 40.

376 2165 504 2200 praetor
519 2166 670 2200 quartum
691 2171 741 2199 41.
765 2171 877 2192 censor
892 2171 941 2200 43.
965 2162 1006 2191 ab

376 2213 414 2233 eo
431 2207 462 2233 et
478 2204 603 2242 collega
615 2203 685 2234 viae
701 2214 758 2242 per
769 2213 860 2243 agros
876 2203 1007 2243 publica

375 2245 522 2284 impensa
537 2245 653 2283 factae,
669 2246 744 2276 ibid.

334 2286 382 2317 M.
395 2287 545 2333 Valerius
560 2288 726 2325 Messalla,
736 2288 916 2327 praefectus
928 2287 1006 2318 clas-

377 2338 429 2363 515,
451 2338 524 2358 011111
546 2333 637 2367 parte
660 2330 791 2359 navium
812 2329 951 2359 mittitur
972 2329 1005 2358 in

377 2369 520 2399 Africam
541 2378 591 2408 27,
608 2377 637 2407 5.
661 2371 837 2408 populatur
852 2370 1004 2406 Africam,

376 2411 453 2442 ibid.
472 2421 546 2440 eum
558 2411 747 2441 dictatorem
757 2411 862 2440 dicere
872 2411 1005 2450 cupiens

376 2463 439 2483 cos.
457 2452 619 2483 Laevinus
634 2453 822 2492 prohibetur
840 2463 860 2483 a
880 2457 1004 2491 senatu,

376 2495 452 2526 ibid.

333 2536 381 2568 M.
396 2536 546 2567 Valerius
567 2537 723 2567 Messalla
738 2540 862 2567 creatur
877 2541 1003 2577 praetor

375 2588 427 2618 34,
445 2588 494 2618 54.
518 2579 647 2609 sortitur
666 2579 917 2609 iurisdictionem
934 2589 1001 2618 per-

376 2621 516 2660 egrinam
534 2629 583 2660 55.
609 2625 734 2651 creatur
755 2621 865 2651 consul
883 2622 934 2659 38,
951 2629 1000 2660 35.

375 2663 500 2702 legatus
519 2663 552 2692 in
574 2663 801 2693 Macedoniam
823 2672 874 2700 41,
897 2670 944 2701 2.7
968 2664 1000 2694 in

375 2705 484 2735 locum
506 2705 639 2735 Aemilii
665 2705 748 2744 Papi
772 2704 927 2735 sufficiun
947 2706 1000 2736 de—

375 2747 494 2777 cemvir
509 2757 669 2777 sacrorum
687 2757 738 2784 42,
756 2747 805 2776 28.

333 2791 380 2820 M.
400 2788 560 2826 Valerius,
583 2790 706 2828 legatus
733 2788 863 2819 Aemilii
892 2789 998 2819 Paulli

374 2831 405 2861 in
422 2831 508 2861 bello
524 2832 674 2861 adversus
690 2831 822 2870 Ligures
838 2841 889 2868 40,
907 2839 954 2870 27.

332 2874 379 2906 Μ.
393 2873 543 2904 Valerius
559 2873 738 2911 Publicola,
752 2873 900 2913 magister
912 2874 998 2913 equi-

1087 274 1157 301 tum
1186 277 1214 309 7,
1241 279 1288 302 12.
1315 280 1377 302 cos.
1406 277 1442 310 17
1466 273 1498 301 et
1525 271 1572 302 18.
1601 270 1717 301 iterum

1093 323 1105 343 1
1133 337 1140 343 .

1050 355 1087 386 P.
1106 323 1267 392 Valerius,
1294 355 1406 385 Volesi
1437 354 1474 385 F.
1500 365 1575 385 011111
1600 354 1717 394 Spurio

1093 397 1243 428 Lucretio
1259 397 1346 427 venit
1360 398 1402 427 ad
1419 396 1604 427 Lucretiam
1623 406 1650 434 1,
1667 396 1717 436 58.

1093 440 1176 470 iurat
1196 440 1229 469 in
1250 440 1356 476 verba,
1373 450 1454 478 quae
1476 439 1598 469 Brutus
1616 438 1718 478 praei-

1094 486 1181 512 verat
1197 491 1246 521 59.
1265 491 1326 511 cos.
1339 486 1465 512 creatur
1478 481 1511 511 in
1524 481 1632 510 locum
1645 481 1720 511 Col-

1092 523 1183 553 latini
1208 533 1236 560 2,
1254 532 1281 553 2.
1306 527 1428 562 pugnat
1449 533 1522 553 cum
1539 522 1724 561 Tarquiniis

1091 564 1120 595 6.
1145 565 1249 603 spolia
1269 564 1358 603 legit,
1379 568 1411 594 et
1431 564 1635 603 triumphans
1656 565 1722 594 Ro-

1090 616 1178 636 mam
1194 605 1277 635 redit
1291 613 1317 644 7.
1341 606 1483 635 affectati
1494 606 1581 644 regni
1591 606 1722 636 insimu-

1091 648 1187 684 latur,
1202 647 1278 677 ibid.
1303 647 1463 677 submittit
1477 647 1578 677 fasces
1590 649 1723 687 populo,

1094 689 1171 720 ibid.
1196 693 1310 728 purgat
1331 699 1376 726 se,
1390 688 1467 720 ibid.
1492 689 1608 719 Veliae
1628 691 1724 721 aedes

1095 731 1234 769 subiicit,
1254 731 1330 762 ibid.
1355 731 1441 770 leges
1461 731 1502 761 ab
1527 741 1565 761 eo
1585 731 1671 762 latae
1693 732 1722 763 8.

1095 783 1273 813 cognomen
1311 772 1500 803 Publicolae
1533 773 1563 803 ei
1600 773 1724 812 datum,

1096 815 1172 847 ibid.
1195 816 1237 845 ad
1250 815 1439 845 Veientium
1450 815 1573 845 bellum
1583 815 1724 854 proficis-

1097 857 1190 895 citur,
1224 857 1300 888 ibid.
1339 867 1402 887 cos.
1437 856 1554 887 iterum
1588 860 1725 896 creatur,

1096 899 1173 930 ibid.
1204 899 1308 929 caedit
1338 899 1493 929 Etruscos
1521 908 1568 930 11.
1599 903 1725 930 creatur

1094 941 1225 972 tertium
1248 951 1311 972 cos.
1339 948 1385 980 15.
1416 944 1567 980 quartum
1587 951 1649 972 cos.
1676 940 1724 973 16.

1094 983 1210 1014 infesto
1225 983 1368 1014 exercitu
1382 983 1416 1013 in
1436 993 1547 1023 agrum
1568 982 1725 1015 Sabinum

1095 1026 1318 1065 proficiscitur,
1338 1025 1445 1056 hostes
1465 1025 1581 1063 caedit,
1601 1028 1634 1056 et
1658 1025 1725 1056 Ro-

1097 1078 1184 1098 mam
1204 1068 1287 1098 redit
1302 1067 1516 1106 triumphans,
1531 1067 1608 1098 ibid.
1630 1066 1724 1098 mori-

1097 1114 1159 1147 tur,
1170 1110 1270 1149 copiis
1279 1109 1491 1140 familiaribus
1500 1110 1580 1140 adeo
1590 1109 1725 1148 exiguis,

1097 1155 1134 1182 ut
1148 1152 1252 1182 funeri
1267 1156 1415 1191 sumptus
1434 1152 1570 1189 deesset,
1583 1151 1661 1182 ibid.
1683 1152 1724 1182 de

1094 1194 1225 1233 publico
1255 1195 1378 1224 elatum
1407 1195 1519 1225 luxere
1547 1197 1724 1231 matronae,

1094 1240 1130 1266 ut
1147 1237 1298 1274 Brutum,
1313 1236 1390 1267 ibid.

1054 1278 1090 1309 P.
1105 1278 1266 1316 Valerius,
1283 1288 1345 1309 cos.
1364 1288 1393 1316 2,
1409 1286 1458 1317 52.

1053 1321 1091 1351 P.
1110 1320 1260 1351 Valerius
1287 1320 1426 1356 Potitus,
1446 1320 1519 1351 trib.
1540 1319 1634 1350 milit.
1659 1329 1724 1352 cos.

1096 1366 1162 1401 pot.
1179 1361 1211 1400 6,
1227 1361 1255 1393 6.
1279 1362 1382 1392 socius
1401 1362 1528 1401 imperii
1547 1372 1567 1392 a
1582 1362 1724 1393 Camillo

1095 1405 1209 1441 lectus,
1235 1404 1312 1434 ibid.
1345 1404 1415 1435 trib.
1446 1404 1541 1435 milit.
1566 1414 1628 1434 cos.
1655 1407 1722 1443 pot.

1094 1446 1211 1476 iterum
1228 1447 1272 1476 18.
1295 1446 1427 1476 tertium
1440 1453 1488 1485 27.
1509 1449 1659 1485 quartum
1673 1456 1724 1486 32.

1095 1488 1202 1518 fundit
1233 1488 1371 1518 Volscos
1405 1493 1437 1518 et
1472 1488 1617 1526 Latinos,
1645 1488 1723 1520 ibid.

1096 1529 1245 1568 quintum
1262 1529 1312 1568 36.
1336 1533 1464 1560 sextum
1481 1540 1531 1568 42.

1054 1572 1091 1603 P.
1104 1571 1254 1602 Valerius
1270 1572 1418 1610 Flaccus,
1433 1573 1558 1612 legatus
1573 1573 1615 1603 ad
1631 1572 1722 1603 Han-

1094 1614 1237 1644 nibalem
1253 1614 1367 1645 missus
1384 1624 1434 1652 21,
1449 1613 1478 1645 6.

1053 1656 1090 1688 P.
1106 1656 1256 1686 Valerius
1272 1656 1420 1694 Flaccus,
1436 1657 1561 1696 legatus
1573 1656 1723 1688 Marcelli

1093 1698 1126 1728 in
1148 1708 1256 1738 pugna
1276 1699 1318 1729 ad
1339 1699 1462 1729 Nolam
1488 1708 1538 1737 23,
1562 1698 1608 1730 16.
1633 1709 1722 1738 prae-

1094 1740 1196 1771 fectus
1213 1740 1321 1771 classis
1336 1749 1377 1779 34
1393 1744 1425 1771 et
1440 1742 1480 1779 38
1494 1741 1532 1772 cf.
1549 1744 1581 1771 et
1598 1740 1649 1778 26,
1664 1741 1693 1772 8.

1054 1783 1091 1814 Ρ.
1106 1782 1258 1813 Valerius
1279 1783 1441 1813 Laevinus
1456 1786 1581 1813 creatur
1594 1786 1724 1823 praetor

1095 1828 1127 1855 et
1144 1825 1274 1855 sortitur
1291 1824 1435 1855 Galliam
1452 1834 1504 1863 41,
1524 1835 1571 1856 12.

1054 1867 1092 1898 P.
1110 1867 1261 1897 Valerius
1282 1867 1465 1903 Publicola,
1482 1867 1622 1898 interrex
1643 1875 1674 1906 3,
1693 1867 1722 1899 8.

1096 1919 1158 1940 005.
1176 1913 1302 1939 creatur
1320 1917 1367 1947 15.
1391 1909 1459 1939 eius
1474 1910 1515 1940 ad
1530 1909 1675 1940 tribunos
1690 1913 1723 1940 et

1094 1952 1224 1990 plebem
1245 1951 1347 1981 oratio
1372 1959 1418 1990 17.
1443 1955 1610 1991 oppugnat
1625 1951 1722 1991 Capi-

1094 1993 1221 2030 tolium,
1236 1994 1277 2023 ab
1300 1994 1468 2023 Herdonio
1489 1993 1650 2032 servisque
1670 2003 1721 2024 oc-

1093 2039 1248 2074 cupatum
1269 2036 1315 2066 18.
1338 2036 1540 2074 interficitur,
1554 2035 1631 2066 ibid.

1052 2077 1090 2109 P.
1109 2077 1260 2109 Valerius
1296 2077 1478 2116 Publicola,
1508 2087 1570 2110 cos.
1610 2084 1638 2116 7,
1670 2086 1720 2108 21.

1093 2124 1221 2159 praetor
1238 2129 1286 2158 23.
1311 2119 1449 2150 dictator
1466 2120 1514 2150 28.

1053 2162 1090 2193 P.
1105 2161 1255 2192 Valerius
1270 2162 1448 2200 Publicola,
1460 2160 1611 2201 magister
1621 2161 1719 2200 equit.

1092 2203 1123 2240 8,
1143 2212 1190 2243 17.

1051 2246 1089 2275 T.
1104 2245 1265 2282 Valerius,
1280 2246 1405 2284 legatus
1422 2254 1472 2282 24,
1487 2254 1538 2283 40.

1052 2287 1258 2317 Valetudinis
1274 2297 1346 2326 ergo
1358 2286 1552 2326 supplicatio
1566 2287 1653 2318 sacta
1667 2297 1720 2326 40,

1092 2335 1141 2366 37.
1173 2329 1365 2359 valetudinis
1390 2329 1504 2368 populi
1527 2339 1624 2359 causa
1646 2340 1719 2369 sup-

1091 2370 1224 2409 plicatio
1248 2374 1280 2400 et
1299 2371 1396 2401 feriae
1415 2380 1467 2408 42,
1489 2381 1516 2402 2.
1541 2371 1719 2402 valetudini

1091 2413 1294 2443 excusandae
1329 2413 1487 2443 sollennia
1519 2413 1608 2444 fuere
1643 2423 1717 2445 cum

1090 2454 1294 2485 iureiurando
1310 2455 1407 2485 verba
1422 2456 1453 2492 6,
1470 2464 1519 2486 2¹2.

1050 2496 1185 2526 Vallum
1202 2497 1422 2528 Macedonum
1435 2506 1487 2537 33,
1500 2504 1529 2536 5.
1553 2498 1717 2528 Romano-

1089 2548 1171 2575 rum,
1186 2538 1262 2569 ibid.

1048 2581 1137 2610 Vasa
1151 2585 1304 2620 argentea
1317 2581 1351 2611 in
1373 2582 1457 2612 cella
1473 2580 1560 2612 Iovis
1575 2591 1615 2611 ex
1631 2582 1713 2612 mul-

1088 2622 1199 2653 taticia
1223 2623 1362 2662 pecunia
1387 2623 1491 2662 posita
1516 2632 1565 2659 10,
1589 2632 1638 2662 23.
1668 2633 1717 2654 ar-

1087 2668 1202 2703 gentea
1214 2668 1246 2694 et
1257 2675 1354 2695 aurea
1370 2664 1511 2696 Romani
1524 2665 1647 2696 donant
1657 2666 1715 2696 At-

1087 2707 1164 2743 talo,
1189 2706 1345 2736 Eumenis
1370 2706 1458 2736 fratri
1483 2716 1535 2746 35,
1559 2715 1609 2746 23.
1640 2717 1716 2738 vasa

1086 2759 1187 2779 aenea
1208 2752 1241 2778 et
1263 2752 1414 2788 argentea
1437 2748 1566 2780 Gallica
1589 2748 1640 2788 36,
1664 2759 1715 2788 40.

1086 2801 1178 2821 aerea
1196 2790 1320 2820 cientur
1335 2791 1412 2821 luna
1428 2790 1598 2822 deficiente
1617 2790 1668 2829 26,
1684 2801 1714 2830 5.

1086 2843 1183 2863 aurea
1198 2831 1407 2872 quingentum
1428 2834 1536 2873 pondo
1557 2833 1715 2864 Romanis

1085 2874 1185 2906 mittit
1216 2874 1398 2907 Antiochus
1428 2885 1480 2914 42,
1507 2874 1535 2908 6.
1567 2885 1714 2907 vasorum
