1888 3194
948 219 1240 258 INDEX.

449 296 537 326 dium
556 306 574 327 e
595 295 709 336 vagina
729 295 834 327 aufert
859 305 909 334 21,
928 295 978 327 62.
1006 295 1075 336 lupi

450 338 508 369 visi
523 338 556 369 in
568 339 732 379 Capitolio
745 348 775 378 3,
789 349 838 380 29.
863 339 999 369 Formiis
1012 340 1076 369 duo

449 381 531 421 lupi,
544 382 699 422 oppidum
716 381 858 422 ingressi,
873 381 982 412 obvios
997 381 1075 412 lani-

449 428 544 455 arunt
567 433 618 463 32,
643 434 691 466 29.
723 424 797 454 Lux
820 428 888 454 orta
910 428 1004 455 nocte
1026 425 1076 462 28,

453 476 500 498 11.
527 476 577 508 29,
598 477 643 505 14.
674 477 725 506 32,
743 477 791 507 29.
816 467 909 497 Μ310
929 467 1004 498 arsit
1027 476 1077 505 23,

451 518 500 548 31.
525 509 648 540 Milites
664 510 800 540 fulmine
816 509 871 540 icti
892 519 939 547 10,
951 519 999 548 31.
1026 519 1076 547 22,

454 561 479 582 1.
500 552 657 582 militibus
668 552 790 592 aliquot
800 552 925 591 spicula
934 555 1078 582 arserunt

452 604 502 632 22,
528 605 553 626 1.
583 596 677 626 Mula
696 595 821 634 peperit
843 602 893 634 37,
915 603 943 633 3.
971 595 1079 624 mulus

449 637 547 676 tripes
568 641 662 667 natus
684 647 735 675 40,
753 647 768 667 2
794 641 825 668 et
842 645 891 675 45.
917 637 1028 667 Μ111·05
1044 636 1076 666 111

448 680 529 710 aede
551 679 638 710 Iovis
659 683 803 709 roserunt
823 689 937 709 aurum
961 686 1010 717 27,
1028 688 1075 717 23.

449 722 488 752 cf.
507 731 557 760 3ο,
572 731 599 752 2.
623 723 738 752 Murus
754 732 790 751 30
808 725 918 760 portae
931 722 971 751 de
987 722 1076 751 coelo

449 768 555 794 tactae
573 774 623 802 24,
639 775 689 802 44.
717 763 767 800 26,
785 772 833 802 23.
860 771 910 802 27,
925 773 957 794 11
978 768 1009 793 et
1027 772 1076 802 23.

451 816 501 846 29,
530 816 576 843 14-
601 815 652 844 30,
675 806 723 845 38-
749 814 800 844 35,
825 816 873 837 21·
898 814 950 853 372
971 815 999 844 3-
1025 814 1076 844 45,

429 880 432 883 Δ
452 848 498 879 16.
523 858 632 878 murus
647 853 813 888 turresque
823 849 1011 879 fulminibus
1024 849 1076 879 (le-

448 900 558 921 cussae
575 899 623 929 25,
649 899 675 930 7.
707 900 759 930 32,
786 902 805 932 9
829 895 861 921 et
886 901 934 932 29.
967 892 1077 922 Ν3νο5

449 933 543 970 duae,
564 934 700 964 fulmine
722 934 817 971 ictae,
839 935 1075 973 conflagrarunt

448 974 500 1014 36,
524 984 573 1015 37.
602 987 654 1014 41,
682 986 728 1015 13.
755 976 884 1007 navium
909 977 1075 1016 longarum

447 1019 570 1058 species
584 1019 617 1049 in
635 1019 767 1050 flumine
780 1019 983 1057 Tarracinae,
993 1029 1075 1058 quae

447 1062 558 1092 nullae
576 1066 678 1100 erant,
695 1063 780 1093 visae
803 1072 853 1100 24,
869 1073 919 1101 44.
943 1062 1075 1092 navium

447 1105 570 1143 species
600 1106 639 1136 de
670 1106 759 1136 coelo
789 1105 910 1135 affulsit
943 1114 992 1142 21,
1023 1104 1074 1136 62.

448 1146 526 1177 Nox
552 1148 691 1178 interdiu
725 1148 789 1178 visa
818 1147 941 1178 intendi
971 1155 998 1186 7,
1025 1147 1073 1178 28.

448 1189 565 1220 Ρ311113
589 1191 696 1221 viridis
720 1190 796 1221 arsit
821 1190 853 1220 in
878 1190 1000 1230 Apulia
1023 1201 1073 1228 24,

451 1241 497 1262 10.
536 1234 646 1272 palma
679 1233 712 1263 in
743 1234 822 1264 aede
859 1233 1073 1272 Primigeniae

447 1275 611 1306 Fortunae
641 1276 674 1306 in
709 1287 784 1306 area
813 1280 908 1306 enata
939 1285 991 1314 43,
1026 1286 1072 1315 13.

448 1317 585 1349 Parmae
602 1319 633 1348 in
647 1319 738 1349 coelo
755 1319 840 1348 visae
855 1328 904 1356 22,
921 1328 945 1349 1.
971 1318 1072 1348 Pesti-

446 1360 545 1391 lentia
563 1365 665 1398 tanta,
681 1365 717 1391 ut
741 1361 883 1392 Libitina
903 1371 967 1391 non
989 1361 1072 1391 suffi-

446 1407 531 1433 ceret
559 1414 610 1441 40,
641 1414 686 1445 19.
728 1404 836 1434 Pisces
866 1408 1073 1441 emerserunt,

446 1455 510 1484 qua
525 1446 730 1477 induceretur
747 1450 901 1484 aratrum,
918 1447 976 1476 sub
992 1447 1072 1477 exsi-

445 1489 603 1519 stentibus
622 1489 723 1529 glebis
739 1499 791 1527 42,
809 1498 835 1519 2.
862 1490 983 1519 Porcus
999 1499 1073 1519 011111

445 1541 499 1560 010
517 1531 660 1562 humano
680 1532 806 1571 genitus
828 1538 878 1569 27,
900 1542 928 1569 4.
960 1542 1074 1571 porcus

445 1573 555 1613 biceps
574 1579 669 1604 natus
687 1575 737 1611 28,
760 1584 806 1605 11.
835 1584 907 1604 cum
931 1574 1074 1604 humano

445 1616 551 1655 capite
573 1626 624 1655 32,
641 1627 670 1658 9.
696 1617 795 1647 Porta
815 1617 856 1646 de
877 1617 967 1647 coelo
987 1621 1074 1647 tacta

447 1668 497 1699 29,
522 1669 568 1696 14.
599 1668 652 1697 32,
676 1669 701 1689 1.
726 1668 777 1699 35,
794 1670 822 1700 9.
847 1667 899 1698 45,
924 1659 970 1690 16.
997 1660 1073 1690 Pro-

445 1702 529 1732 cella
543 1702 664 1741 ingenti
684 1703 808 1742 fragore
829 1702 908 1732 coeli
926 1703 1028 1733 effusa
1043 1703 1072 1739 8,

443 1743 474 1774 6.
500 1744 612 1775 Proles
637 1755 654 1775 e
673 1750 757 1775 terra
779 1748 856 1775 nata
881 1755 908 1782 1,
932 1746 961 1776 8.
988 1746 1074 1776 Puer

444 1797 518 1816 cum
535 1787 700 1827 elephanti
722 1788 828 1827 capite
844 1792 938 1818 natus
956 1796 1005 1827 27,
1026 1798 1071 1819 11.

443 1839 507 1859 non
528 1840 654 1868 manus,
670 1841 734 1861 non
756 1831 853 1870 pedes
872 1830 994 1861 habens
1020 1840 1072 1870 34,

444 1880 495 1910 45.
526 1873 699 1903 11111111311115
722 1881 773 1911 35,
798 1883 847 1904 21.
877 1873 981 1903 trunci
1006 1884 1071 1904 cor-

444 1914 529 1953 poris
545 1925 596 1953 41,
616 1925 663 1954 13.
687 1916 807 1956 biceps,
823 1919 855 1946 et
871 1916 981 1955 puella
998 1927 1072 1947 011111

444 1957 594 1988 dentibus
611 1968 662 1996 41,
680 1957 728 1989 26.
753 1959 844 1998 pueri
858 1958 988 1998 ingenui
1004 1959 1072 1989 sine

444 2000 545 2030 oculis
567 2004 598 2031 et
625 2011 702 2031 naso
725 2001 793 2032 nati
822 2011 873 2041 34,
899 2008 949 2039 45.
982 2001 1071 2032 Ρ11111

442 2043 613 2081 gallinacei
626 2054 700 2074 cum
713 2044 811 2074 ternis
826 2044 962 2083 pedibus
978 2053 1029 2083 32,
1046 2054 1071 2075 1.

444 2085 614 2125 Sanguinis
629 2086 686 2116 rivi
704 2097 760 2126 per
772 2086 856 2116 diem
872 2090 976 2117 totum
990 2087 1070 2117 flux-

443 2138 495 2158 ere
522 2128 554 2158 in
580 2129 650 2159 foro
671 2129 849 2160 Subertano
873 2128 923 2167 26,
952 2138 1000 2167 23.
1038 2130 1071 2159 111

443 2174 536 2210 porta
561 2171 736 2202 Minturnis
757 2180 807 2211 27,
829 2179 878 2211 37.
909 2172 1071 2211 sanguinis

441 2217 554 2252 guttae
574 2213 607 2244 in
630 2214 697 2245 foro
721 2218 753 2244 et
775 2214 905 2244 comitio
921 2218 953 2245 et
974 2214 1070 2254 Capi—

442 2255 520 2285 tolio
542 2255 627 2287 visae
648 2266 700 2295 34,
725 2267 774 2296 45.
807 2256 934 2296 sanguis
957 2267 974 2286 e
998 2257 1070 2287 foco

442 2302 553 2328 manat
570 2309 621 2337 45,
643 2298 689 2331 16.
713 2299 867 2338 sanguine
882 2298 967 2337 pluit
983 2299 1069 2329 Cali-

442 2340 512 2377 bus,
535 2344 567 2370 et
591 2341 717 2371 Romae
739 2341 772 2371 in
795 2341 862 2371 foro
885 2340 994 2370 boario
1019 2350 1069 2378 24,

446 2391 492 2412 10.
528 2392 585 2421 per
608 2383 743 2413 biduum
769 2383 802 2412 iu
828 2393 902 2412 area
928 2383 1068 2413 Vulcani

443 2432 494 2464 39,
518 2423 567 2461 46.
594 2429 626 2454 et
649 2424 681 2454 in
702 2435 777 2455 3103
795 2424 994 2456 Concordiae
1017 2434 1068 2466 39,

445 2465 494 2505 56.
520 2466 558 2497 ef.
586 2470 618 2497 et
641 2477 692 2505 40,
720 2477 766 2508 19.
791 2477 841 2506 43,
872 2475 918 2506 15.
947 2467 1069 2498 Saxum

443 2509 554 2548 ingens
574 2510 679 2540 Reate
695 2509 828 2540 volitare
850 2509 951 2539 visum
975 2518 1024 2548 25,
1043 2518 1068 2549 7.

443 2551 552 2591 Scipio
579 2551 788 2582 circumeunti
818 2552 939 2591 vigilias
969 2552 1070 2591 equiti

444 2593 476 2623 in
494 2604 592 2624 manu
613 2595 688 2625 arsit
705 2605 756 2632 22,
776 2604 799 2626 1.
824 2595 923 2625 Scuta
945 2595 1068 2635 sangui-

444 2646 517 2666 nem
541 2638 696 2667 sudarunt
717 2647 766 2674 22,
791 2647 815 2668 1.
840 2637 997 2668 Semimas
1018 2647 1069 2678 39,

448 2688 495 2709 22.
521 2679 610 2718 signa
632 2680 664 2710 in
685 2680 810 2711 Sabinis
833 2680 937 2710 multo
958 2690 1069 2711 cruore

443 2726 614 2752 manarunt
640 2732 689 2761 22,
711 2721 760 2761 36.
792 2722 930 2753 Lanuvii
948 2723 989 2752 ad
1015 2723 1068 2753 Iu-

443 2763 536 2793 nonis
552 2764 698 2804 Sospitae
714 2775 822 2795 cruore
833 2769 1004 2795 manarunt
1018 2774 1068 2804 23,

444 2815 494 2844 31.
529 2806 561 2836 in
588 2818 661 2846 agro
687 2808 866 2847 Capenate,
892 2808 933 2838 ad
958 2808 1067 2838 lucum

444 2849 611 2886 Feroniae,
634 2854 785 2889 quattuor
806 2850 895 2889 signa
915 2850 1068 2889 sanguine

443 2892 547 2922 multo
577 2893 661 2922 diem
692 2903 730 2923 30
759 2896 886 2923 noctem
913 2893 1067 2922 sudarunt

446 2942 495 2973 27,
512 2946 540 2973 4.
564 2934 653 2974 signa
672 2935 705 2966 in
724 2935 888 2975 Capitolio
911 2938 1067 2974 prostrata

1163 307 1215 335 40,
1228 306 1277 336 45.
1302 297 1519 328 Simulacrum
1532 297 1666 329 Iunonis
1681 297 1788 338 Sospi-

1161 343 1214 370 tae
1238 340 1374 370 Lanuvii
1396 340 1575 371 lacrimavit
1591 351 1643 379 40,
1662 350 1709 382 19.
1733 341 1788 372 Sol

1162 383 1275 413 rubere
1293 383 1375 413 visus
1387 383 1480 414 solito
1490 383 1601 423 magis,
1614 383 1789 423 similisque

1163 425 1336 465 sanguineo
1365 435 1414 466 25,
1440 434 1466 465 7.
1497 436 1553 466 per
1575 429 1679 456 totum
1703 426 1789 457 diem

1164 467 1308 498 Priverni
1331 479 1440 498 sereno
1463 470 1557 499 ruber
1580 469 1640 499 fuit
1663 478 1714 507 31,
1741 478 1788 500 12.

1163 510 1237 540 50115
1263 511 1345 540 orbis
1368 510 1468 541 minui
1496 512 1579 542 visus
1602 511 1714 543 Cumis
1738 521 1789 551 30,

1165 552 1214 590 38.
1239 552 1311 583 vide
1328 553 1423 583 etiam
1442 563 1492 591 22,
1508 563 1533 584 1.
1557 554 1639 584 soles
1654 554 1718 584 duo
1732 553 1790 584 visi

1167 595 1217 630 28,
1246 604 1292 625 11.
1333 604 1382 635 29,
1413 605 1459 633 14.
1497 596 1579 626 soles
1605 600 1668 627 tres
1692 596 1788 627 simul

1163 637 1351 666 effulserunt
1363 647 1414 675 41,
1426 637 1475 668 26.
1492 638 1599 669 Sortes
1608 649 1665 669 sua
1675 642 1789 678 sponte

1164 682 1368 716 extenuatae,
1384 690 1511 718 unaque
1528 681 1647 711 excidit
1659 681 1704 712 ita
1716 681 1788 712 scri-

1164 725 1238 760 pta:
1265 722 1394 752 Mavors
1415 723 1516 752 telum
1534 723 1676 753 concutit
1693 733 1744 761 22,
1762 734 1788 754 1.

1164 763 1295 802 Species
1311 764 1368 794 viri
1389 765 1526 802 maioris,
1542 775 1639 804 quam
1655 775 1712 805 pro
1731 766 1789 796 hu-

1163 816 1259 836 mano
1283 806 1407 844 habitu,
1433 807 1697 847 augustiorisque,
1724 807 1790 839 visa

1162 848 1195 878 in
1212 849 1319 888 quiete
1342 850 1467 889 utrique
1483 850 1605 880 consuli
1621 851 1651 887 8,
1667 849 1696 881 6.
1720 860 1789 890 spe-

1163 891 1227 921 cies
1243 891 1411 922 hominum
1428 892 1511 923 circa
1530 903 1618 923 aram
1633 893 1667 923 in
1689 893 1790 932 coelo,

1162 944 1235 964 cum
1261 935 1398 965 candida
1425 939 1511 965 veste
1537 945 1587 974 24,
1615 945 1661 967 10.
1693 935 1790 975 8Ρο0-

1161 980 1246 1006 trum
1264 977 1443 1008 Hannibali
1459 988 1515 1017 per
1530 978 1671 1017 quietem
1687 978 1790 1009 visum

1165 1029 1180 1048 2
1189 1029 1215 1056 1,
1228 1029 1276 1050 22.
1302 1020 1418 1060 Spicae
1430 1021 1625 1051 metentibus
1638 1024 1790 1052 cruentae

1162 1061 1195 1091 in
1212 1064 1339 1093 corbem
1357 1063 1500 1093 cecidere
1523 1073 1573 1101 22,
1592 1073 1618 1094 1.
1641 1063 1789 1094 metenti-

1163 1105 1221 1135 bus
1234 1109 1384 1136 cruentae
1399 1106 1482 1136 visae
1495 1106 1546 1143 28,
1561 1115 1572 1136 1
1582 1115 1607 1137 1.
1633 1106 1789 1146 Stagnum

1162 1147 1331 1185 Mantuae,
1363 1148 1499 1178 effusum
1533 1148 1657 1179 Mincio
1689 1148 1790 1186 amni,

1161 1195 1329 1221 cruentum
1352 1191 1454 1221 visum
1477 1201 1526 1229 24,
1551 1201 1598 1222 10.
1630 1191 1790 1230 Strepitus

1160 1243 1234 1263 011111
1258 1233 1415 1264 11011011ᾶο
1442 1233 1564 1274 fragore
1594 1233 1731 1264 Lanuvii
1755 1234 1789 1264 in

1159 1276 1239 1306 aede
1269 1276 1403 1306 Iunonis
1430 1276 1576 1315 Sospitae
1607 1277 1712 1307 editus
1738 1286 1788 1318 29,

1164 1327 1209 1356 14.
1234 1327 1286 1357 31,
1307 1329 1352 1350 12.
1377 1319 1544 1349 Tabernae
1561 1319 1738 1349 Frusinone
1748 1320 1789 1350 de

1161 1362 1251 1391 coelo
1273 1365 1378 1391 tactae
1403 1370 1454 1399 3ο,
1476 1362 1525 1399 38.
1560 1365 1592 1391 et
1613 1361 1790 1392 Minturnis

1162 1403 1212 1442 36,
1230 1410 1277 1443 37.
1302 1404 1428 1434 Taurus
1440 1413 1514 1433 cum
1527 1403 1668 1442 quinque
1684 1404 1789 1435 vaccis

1160 1456 1224 1475 uno
1241 1446 1385 1476 fulminis
1400 1445 1467 1476 ictu
1483 1446 1658 1476 exanimati
1675 1456 1728 1484 42,
1739 1456 1788 1478 20.

1162 1488 1354 1527 Tempestas
1383 1493 1475 1518 atrox
1506 1488 1596 1528 signa
1625 1498 1726 1519 aenea
1754 1489 1788 1520 in

1161 1531 1324 1570 Capitolio
1352 1531 1467 1562 deiecit
1490 1541 1542 1569 40,
1567 1541 1595 1562 2.
1624 1531 1725 1562 forem
1748 1542 1789 1562 ex

1160 1574 1240 1604 aede
1258 1574 1381 1611 Lunae,
1397 1584 1480 1613 quae
1500 1573 1533 1603 in
1550 1574 1712 1604 Aventino
1728 1577 1788 1613 est,

1159 1620 1286 1656 raptam
1307 1616 1394 1654 tulit,
1410 1620 1442 1646 et
1459 1615 1493 1646 in
1512 1616 1641 1656 posticis
1661 1617 1788 1656 parieti-

1159 1659 1219 1689 bus
1253 1659 1378 1690 Cereris
1413 1659 1528 1698 templi
1563 1659 1678 1697 affixit,
1710 1659 1786 1691 ibid.

1160 1701 1249 1741 signa
1264 1701 1297 1732 in
1314 1702 1396 1732 circo
1412 1701 1553 1731 maximo
1575 1712 1649 1731 cum
1665 1702 1788 1732 colum—

1159 1744 1219 1781 nis,
1250 1744 1365 1783 quibus
1397 1745 1632 1784 superstabant,
1662 1745 1788 1783 evertit,

1158 1786 1234 1818 ibid.
1257 1787 1296 1818 cf.
1320 1790 1351 1817 et
1372 1794 1422 1826 45.
1455 1786 1630 1826 Templum
1653 1787 1788 1818 Iunonis

1160 1829 1314 1860 Laciniae
1341 1830 1380 1860 de
1405 1830 1495 1860 coelo
1522 1833 1647 1860 tactum
1678 1837 1729 1869 37,
1757 1839 1786 1870 3.

1159 1872 1326 1903 Tenebrae
1337 1873 1408 1903 11100
1418 1873 1548 1903 obortae
1559 1872 1610 1911 38,
1622 1871 1671 1912 36.
1688 1872 1788 1904 Terra

1158 1915 1279 1954 ingenti
1295 1919 1386 1945 motu
1410 1925 1563 1945 concussa
1584 1923 1614 1953 3,
1634 1924 1681 1946 10.
1704 1916 1786 1946 mul-

1158 1958 1297 1988 tifariam
1314 1957 1397 1997 pluit
1422 1967 1470 1995 10,
1486 1967 1537 1996 31.
1559 1957 1598 1988 cf.
1615 1961 1646 1988 et
1668 1965 1719 1996 35,
1737 1967 1784 1988 21.

1159 2008 1210 2040 37,
1236 2009 1263 2039 3.
1299 2010 1351 2039 42,
1379 2010 1429 2031 2ο.
1461 2008 1513 2039 45,
1543 1999 1589 2030 16.
1620 2000 1787 2040 Anagniae

1158 2047 1234 2073 ante
1253 2047 1379 2082 portam
1400 2043 1476 2080 icta,
1491 2042 1577 2073 diem
1596 2053 1634 2073 30
1655 2046 1785 2073 noctem

1157 2085 1226 2116 sine
1242 2087 1310 2116 ullo
1326 2086 1407 2126 ignis
1424 2085 1579 2116 alimento
1594 2084 1670 2115 arsit
1687 2091 1738 2123 27,
1755 2096 1784 2124 4.

1158 2128 1272 2168 Arpini
1289 2127 1459 2168 campestri
1475 2137 1550 2167 agro
1567 2127 1601 2157 in
1621 2127 1784 2166 ingentem

1157 2171 1261 2201 sinum
1289 2170 1432 2200 consedit
1461 2178 1512 2208 30,
1540 2179 1568 2200 2.
1604 2169 1786 2208 ingentibus

1158 2213 1301 2243 cavernis
1316 2212 1349 2242 in
1361 2212 1529 2242 Veliterno
1541 2221 1615 2251 agro
1629 2212 1784 2250 consedit,

1156 2255 1347 2293 arboresque
1372 2254 1405 2284 in
1432 2254 1627 2294 profundum
1651 2254 1785 2286 haustae

1157 2305 1209 2335 3ο,
1226 2297 1275 2335 38.
1298 2297 1337 2327 cf.
1356 2300 1388 2327 et
1408 2306 1458 2336 32,
1474 2306 1502 2338 9.
1526 2300 1629 2327 terrae
1644 2297 1785 2328 motibus

1157 2339 1272 2369 crebris
1290 2343 1377 2369 tecta
1400 2340 1432 2369 in
1455 2338 1536 2379 agris
1558 2343 1656 2370 ruunt
1680 2351 1710 2378 4,
1734 2349 1782 2371 21.

1156 2381 1280 2412 Tiberis
1291 2381 1457 2412 inundatio
1470 2391 1520 2421 3ο,
1533 2382 1583 2420 38.
1605 2382 1675 2412 1003
1685 2383 1784 2422 plana

1154 2424 1241 2454 urbis
1255 2424 1423 2455 inundavit
1440 2433 1490 2464 35,
1503 2434 1532 2465 9.
1558 2424 1668 2455 Vacca
1682 2435 1784 2456 aenea

1157 2466 1321 2506 Syracusis
1336 2468 1376 2497 ab
1397 2467 1511 2506 agresti
1527 2470 1617 2497 tauro
1638 2467 1730 2505 inita,
1744 2478 1782 2498 ac

1156 2509 1276 2540 semine
1295 2520 1424 2549 aspersa
1443 2519 1495 2548 41,
1520 2516 1566 2548 17.
1598 2509 1781 2549 Vesparum

1156 2551 1267 2591 ingens
1292 2562 1429 2582 examen
1457 2552 1589 2590 Capuae
1619 2551 1652 2581 in
1676 2551 1781 2583 forum

1155 2594 1330 2632 advolavit,
1354 2598 1385 2625 et
1408 2594 1442 2624 in
1467 2593 1583 2624 Martis
1605 2594 1685 2624 aede
1708 2605 1781 2625 con-

1155 2637 1237 2667 sedit
1261 2645 1312 2676 35,
1334 2646 1363 2678 9.
1403 2636 1468 2667 Via
1489 2634 1620 2675 publiea
1644 2636 1781 2668 Lanuvii

1155 2679 1195 2709 de
1218 2680 1308 2709 coelo
1334 2682 1422 2709 tacta
1444 2687 1496 2717 32,
1519 2689 1547 2718 9.
1580 2678 1725 2710 Victoria
1746 2679 1781 2710 in

1155 2722 1234 2752 aede
1257 2721 1456 2752 Concordiae
1483 2720 1620 2751 fulmine
1641 2721 1705 2752 icta
1731 2721 1781 2760 26,

1156 2773 1205 2803 23.
1244 2764 1374 2800 Villius,
1397 2773 1493 2802 eques
1517 2763 1695 2802 Romanus,
1718 2765 1780 2795 ful-

1154 2806 1241 2837 mine
1256 2806 1325 2845 ipse
1340 2816 1504 2846 equusque
1515 2805 1691 2836 exanimati
1707 2811 1781 2838 sunt

1154 2858 1206 2888 33,
1228 2847 1276 2879 26.
1310 2849 1370 2878 Vir
1389 2849 1492 2879 factus
1512 2858 1552 2878 ex
1573 2848 1707 2880 muliere
1729 2859 1780 2887 24,

1158 2901 1203 2923 10.
1233 2891 1376 2927 Vitulus,
1394 2891 1457 2921 iam
1481 2891 1573 2928 ictus,
1594 2901 1612 2921 e
1632 2891 1780 2922 manibus

1154 2933 1400 2965 sacrificantium
1431 2943 1498 2965 sese
1528 2932 1698 2973 proripuit,
1729 2943 1780 2972 21,

1874 3016 1888 3039 ⁸1
