1888 3194
660 218 953 258 INDEX.

153 297 229 325 exta
242 295 371 336 allapsi,
381 295 470 326 iecur
479 296 591 333 edunt,
601 289 779 334 (10113ρο011-

152 346 216 376 que
238 342 372 378 repente
397 347 438 368 ex
460 337 564 368 oculis
585 337 707 368 abeunt
728 344 780 374 25,

156 377 204 410 16.
230 379 263 410 in
282 380 362 411 mari
380 379 573 410 Tarracinae
593 379 692 410 mirae
712 388 779 408 ma-

150 421 328 461 gnitudinis
367 422 604 453 lascivientium
641 421 777 461 piscium

150 464 248 494 modo
263 465 426 495 exsultant
441 473 491 504 27,
504 476 532 504 4.
557 465 621 496 duo
637 463 778 504 prolapsi

150 505 271 538 foribus
303 507 336 538 in
367 508 481 538 aedem
518 507 605 539 Iovis
640 508 690 543 28,
731 516 777 536 11.

149 548 272 589 Apollo
293 550 406 582 Cumis
428 551 460 581 in
479 561 552 582 arce
575 550 717 581 triduum
741 559 779 580 ac

149 594 214 622 tres
225 596 336 624 noctes
348 593 528 624 lacrimavit
538 603 590 632 43,
605 601 650 632 15.
669 593 778 632 Apum

149 643 287 666 examen
310 636 437 667 Romae
459 637 491 667 in
512 636 580 667 foro
604 636 706 666 visum
728 645 778 673 24,

154 686 202 708 10.
225 677 335 710 Casini
355 679 389 709 in
404 680 472 710 foro
493 679 637 710 consedit
660 686 711 717 27,
729 687 777 716 23.

149 723 183 750 et
207 719 242 751 in
267 722 380 752 arbore
406 722 596 753 imminente
621 721 779 761 praetorio

152 771 204 801 21,
215 762 266 802 46-
290 765 386 804 Aqua
402 765 530 796 Albana
541 765 634 795 fluxit
647 767 779 794 cruenta

150 812 202 844 27,
222 816 269 838 11.
292 811 325 838 et
339 817 443 847 aquae
459 808 611 839 Caeretes
626 807 779 846 sanguine

149 849 271 881 mixtae
296 859 347 888 22,
369 859 394 882 1.
417 860 521 890 aquae
541 851 645 881 multo
669 859 779 880 cruore

149 901 167 922 e
191 891 280 923 fonte
306 892 431 924 calidae
456 897 627 924 manarunt
653 903 704 929 22,
727 891 778 931 36.

149 935 216 965 Ara
234 934 268 966 in
291 936 382 966 coelo
400 936 587 975 speciesque
609 935 777 966 hominum

149 975 234 1008 circa
248 988 320 1009 eam
341 989 416 1009 cum
437 979 575 1009 eandida
591 983 678 1009 veste
694 978 778 1009 visae

151 1028 202 1058 24,
222 1030 268 1052 10.
292 1031 346 1052 ara
367 1021 516 1061 Neptuni
537 1022 652 1052 sudore
668 1031 777 1051 mana-

149 1062 195 1094 vit
219 1064 270 1102 28,
297 1073 344 1095 11.
383 1065 487 1094 Arbor
509 1064 549 1095 de
574 1064 663 1094 coelo
690 1067 778 1094 tacta

151 1113 201 1146 27,
220 1115 268 1138 11.
292 1107 395 1138 Arcus
415 1108 514 1138 solem
536 1107 707 1147 amplexus
725 1115 777 1144 3ο,

151 1156 179 1179 2.
195 1148 235 1180 cf.
252 1153 285 1180 et
301 1159 353 1187 41,
371 1148 419 1180 26.
445 1150 511 1180 Arx
528 1150 568 1180 de
585 1149 674 1180 coelo
690 1153 778 1179 tacta

150 1199 202 1229 24,
221 1200 268 1222 10.
291 1192 410 1222 Asinus
429 1192 548 1232 triceps
568 1197 663 1222 natus
681 1192 775 1223 Cala-

147 1234 213 1264 tiae
238 1243 291 1272 42,
319 1244 368 1266 20.
396 1235 524 1265 Atrium
551 1235 719 1274 publicum
743 1233 776 1264 in

147 1276 313 1316 Capitolio
332 1277 373 1308 de
394 1277 484 1308 coelo
506 1282 629 1308 tactum
656 1287 706 1315 24,
728 1286 774 1307 10.

147 1319 235 1350 Aves
253 1320 295 1351 ad
316 1319 494 1360 compitum
515 1320 721 1360 Anagninum
744 1319 777 1349 in

148 1362 223 1393 luco
258 1362 387 1394 Dianae
421 1363 514 1394 nidos
547 1362 580 1393 in
613 1362 778 1393 arboribus

147 1405 335 1445 relinquunt
361 1414 412 1445 27,
435 1417 464 1444 4.
498 1406 565 1437 Bos
589 1406 710 1436 semina
732 1405 777 1435 lo-

148 1454 225 1479 cuta
249 1457 280 1488 3,
304 1458 350 1480 ιο.
375 1449 415 1480 cf.
439 1452 473 1479 et
496 1458 548 1486 24,
574 1458 620 1480 10.
654 1456 704 1488 27,
731 1457 777 1478 11.

151 1491 202 1529 28,
225 1500 273 1522 11.
303 1499 354 1531 35,
375 1500 425 1522 21.
457 1501 510 1529 41,
535 1500 570 1530 17
591 1495 624 1522 et
647 1489 695 1522 26.
726 1499 779 1529 43,

154 1543 200 1573 15.
226 1534 284 1564 bos
307 1534 432 1574 peperit
455 1534 630 1573 equuleum
657 1542 707 1572 23,
727 1542 777 1573 31.

148 1577 206 1607 bos
221 1576 252 1607 in
268 1577 336 1608 foro
353 1576 461 1607 boario
482 1577 514 1607 in
532 1576 661 1608 tertiam
679 1575 777 1606 conti-

147 1620 333 1660 gnationem
350 1630 408 1650 sua
426 1625 540 1659 sponte
561 1619 716 1656 escendit,
731 1623 777 1649 at-

149 1672 212 1702 que
239 1662 368 1693 territus
393 1663 611 1693 habitatorum
635 1661 777 1692 tumultu

149 1715 219 1737 sese
240 1705 357 1737 deiecit
383 1715 432 1742 21,
455 1704 505 1736 62.
543 1706 640 1735 boves
665 1704 778 1736 domiti

150 1748 215 1780 duo
235 1749 267 1779 in
290 1748 416 1780 Carinis
436 1758 493 1788 per
512 1748 615 1779 scalas
635 1747 777 1788 perveni-

151 1795 210 1822 unt
238 1792 280 1823 ad
313 1792 438 1831 tegulas
468 1790 607 1821 aedificii
643 1789 694 1829 36,
728 1798 777 1829 37.

150 1835 254 1866 Caere
284 1839 384 1865 sortes
413 1838 607 1865 extenuatae
645 1843 695 1869 21,
726 1831 777 1864 62.

150 1877 300 1917 Capillus
330 1881 445 1908 enatus
473 1876 506 1907 in
536 1877 616 1907 aede
654 1876 777 1907 Hercu-

151 1920 190 1951 lis
216 1929 268 1958 32,
296 1930 320 1951 1.
353 1920 461 1960 Capra
487 1930 542 1950 sex
568 1919 688 1950 hoedos
714 1929 778 1949 uno

150 1963 238 1994 foetu
259 1962 361 1994 edidit
377 1971 430 2001 35,
446 1972 495 1994 21.
519 1972 635 2002 caprae
652 1962 779 1992 lanatae

150 2006 256 2037 factae
273 2015 324 2043 22,
340 2015 364 2036 1.
389 2010 488 2045 caput
504 2005 683 2035 humanum
700 2004 778 2035 inte-

149 2058 206 2089 gra
226 2049 308 2080 facie
329 2048 548 2088 aperientibus
568 2048 779 2079 fundamenta

151 2091 267 2131 templi
305 2091 457 2131 apparuit
505 2101 531 2128 1,
572 2099 622 2129 55.
672 2092 778 2121 Carne

151 2134 236 2175 pluit
263 2143 294 2173 3,
321 2143 367 2165 10.
399 2133 520 2166 Classis
543 2144 676 2173 magnac
709 2143 779 2172 spe-

151 2176 217 2209 cies
241 2177 273 2208 in
299 2178 390 2208 coelo
418 2177 503 2208 visae
529 2186 580 2214 42,
608 2186 634 2207 2.
665 2176 778 2208 Coele-

151 2220 213 2251 ntia
243 2219 274 2251 in
298 2220 382 2260 agris
410 2224 442 2251 et
473 2220 551 2250 urbe
580 2219 644 2249 visa
677 2229 705 2256 2,
729 2228 778 2256 42.

151 2263 289 2295 Coelum
314 2263 415 2294 visum
439 2263 550 2294 ardere
574 2271 604 2300 3,
628 2270 645 2300 5
673 2267 705 2292 01
734 2271 778 2292 10.

153 2314 206 2345 31,
231 2315 276 2338 12.
308 2315 359 2346 32,
378 2315 407 2347 9.
437 2315 489 2345 43,
514 2314 560 2345 15-
593 2304 671 2335 findi
694 2305 781 2334 velut

153 2358 270 2388 magno
284 2348 375 2380 hiatu
394 2348 507 2386 visum,
521 2358 649 2388 quaque
666 2347 782 2387 patuit,

154 2391 265 2432 ingens
290 2391 400 2422 lumen
427 2391 547 2422 effulsit
575 2400 626 2427 22,
658 2400 681 2421 1.
720 2392 781 2421 Co-

154 2434 267 2466 lumna
281 2438 416 2465 rostrata
431 2433 463 2464 in
479 2433 643 2473 Capitolio
658 2437 727 2464 tota
740 2433 783 2463 ad

154 2477 255 2508 imum
293 2476 430 2508 fulmine
466 2476 608 2507 discussa
646 2485 698 2514 42,
732 2485 782 2506 20.

154 2520 279 2553 Corvus
301 2524 378 2550 ante
405 2519 582 2559 Papirium,
606 2518 783 2554 consulem,

155 2562 274 2595 occinit
303 2572 351 2599 1ο,
374 2572 423 2600 4ο.
456 2561 486 2592 111
510 2562 622 2592 aedem
652 2560 785 2591 lunonis

156 2606 331 2642 devolavit,
343 2610 375 2636 et
394 2605 423 2636 in
436 2605 505 2645 ipso
519 2603 698 2645 pulvinario
711 2614 783 2634 con-

156 2648 240 2681 sedit.
264 2658 314 2686 21,
335 2647 387 2680 62.
419 2647 503 2679 coni
527 2647 638 2678 nidum
663 2646 786 2678 faciunt

158 2691 190 2723 in
215 2691 295 2722 aede
321 2690 469 2731 Sospitae
496 2690 630 2722 Iunonis
657 2699 708 2727 24,
739 2699 786 2720 1ο.

158 2743 272 2765 1111111111
288 2733 321 2765 111
336 2733 502 2774 Capitolio
519 2744 581 2764 non
599 2737 725 2763 tanturn
744 2732 786 2761 111-

159 2786 281 2807 cerasse
310 2776 419 2807 rostris
447 2776 572 2813 crediti,
602 2775 657 2806 scd
689 2775 786 2806 01111111

159 2818 262 2850 edisse
286 2827 338 2857 3ο,
366 2828 392 2849 2.
427 2819 526 2851 Creta
551 2818 634 2858 pluit
663 2827 713 2855 24,
743 2826 787 2848 ιο.

160 2861 301 2894 eulmen
316 2861 407 2892 aedis
424 2860 511 2892 lovis
526 2860 662 2892 fulmine
679 2860 790 2895 ictum,

160 2915 198 2936 ac
244 2914 321 2944 rope
339 2903 427 2934 omni
452 2907 539 2935 tecto
558 2903 715 2934 nudatum
740 2911 791 2941 27,

163 2959 191 2985 4.
271 2946 386 2978 uuleus
400 2955 474 2977 cum
496 2944 639 2986 quinque
657 2945 793 2985 pedibus

867 299 961 325 natus
979 304 1032 334 30,
1055 305 1083 327 2.
1109 305 1160 336 31,
1180 305 1226 327 12.
1254 296 1396 336 Fastigia
1415 301 1494 329 tem·

866 337 993 376 plorum
1009 347 1029 368 a
1044 338 1240 369 culminibus
1249 339 1383 379 abrepta
1399 350 1451 378 40,
1463 350 1492 372 2.

866 378 937 409 Fax
961 380 1002 410 ab
1025 385 1097 412 ortu
1123 380 1198 412 solis
1223 381 1265 411 ad
1291 381 1492 413 occidentem

865 421 982 462 porrigi
998 422 1064 453 visa
1082 433 1132 464 29,
1151 433 1197 461 14.
1215 423 1255 454 cf.
1272 427 1304 453 et
1320 433 1372 462 30,
1389 434 1416 456 2.
1441 435 1493 463 41,

867 474 907 495 2ο
927 469 959 495 01
982 463 1030 496 26.
1060 475 1111 504 43,
1135 474 1180 505 15.
1205 474 1257 505 45,
1283 465 1328 497 16.
1353 467 1493 498 Flumen

866 507 1025 538 Amiterni
1049 512 1218 538 cruentum
1243 508 1337 538 fluxit
1366 518 1417 546 24,
1441 521 1491 548 44.

866 549 952 580 Fons
966 549 1000 580 in
1019 550 1087 581 vico
1105 550 1227 581 Insteio
1239 551 1392 582 subterra
1403 555 1494 583 tanta

865 592 895 623 vi
917 603 1073 633 aquarum
1096 593 1201 631 fluxit,
1221 597 1257 623 ut
1277 593 1375 624 serias
1393 594 1493 625 dolia-

864 645 927 675 que
956 636 1043 667 velut
1066 635 1191 675 impetu
1214 636 1364 667 torrentis
1383 637 1495 667 tulerit

866 688 917 717 24,
931 688 978 710 10.
1002 678 1073 709 fons
1090 679 1243 710 Herculis
1255 678 1395 710 cruentis
1406 689 1492 719 spar-

864 731 917 752 sus
931 721 1075 752 manavit
1095 721 1230 752 maculis
1252 731 1302 759 22,
1322 731 1346 753 1.
1372 722 1492 752 Forum

865 764 992 795 Ariciae
1007 765 1048 795 de
1063 765 1154 796 coelo
1174 768 1297 795 tactum
1319 774 1371 804 30,
1387 764 1436 804 38.
1459 765 1492 796 in

864 808 932 838 foro
967 808 1102 847 Capuae
1136 807 1241 838 multa
1274 807 1424 838 aedificia
1452 807 1493 838 de

861 850 955 883 ‚coelo
976 854 1062 881 tacta
1079 859 1130 888 41,
1149 859 1195 889 13.
1220 850 1354 881 Gallina
1374 850 1407 880 in
1425 860 1492 881 ma-

864 903 944 931 rem,
969 893 1074 933 gallus
1099 893 1132 923 in
1156 893 1309 923 feminam
1339 903 1372 924 se
1399 893 1492 924 vertit

867 945 917 973 22,
945 945 970 967 1.
1010 936 1116 966 Hasta
1146 935 1263 967 Martis
1292 946 1349 966 sua
1378 939 1494 976 sponte

864 983 1012 1018 promota
1034 988 1085 1016 24,
1109 988 1155 1010 10.
1180 978 1218 1009 cf.
1241 982 1273 1009 et
1297 988 1347 1016 21,
1366 977 1417 1010 62.
1442 988 1494 1017 40,

868 1031 915 1062 19.
942 1021 1107 1052 hastarum
1129 1021 1255 1061 spicula
1274 1025 1420 1052 arserunt
1443 1030 1494 1061 33,

866 1064 914 1094 26.
947 1073 999 1103 43,
1028 1073 1074 1104 15-
1112 1064 1272 1095 Homines
1302 1065 1427 1104 aliquot
1451 1065 1492 1094 de

865 1107 955 1137 coelo
981 1107 1071 1144 tacti,
1098 1107 1338 1146 exanimatique
1367 1117 1417 1144 22,
1441 1105 1492 1146 36.

866 1149 954 1189 Ignis
966 1149 998 1179 in
1014 1150 1094 1180 aede
1111 1150 1231 1180 Vestae
1247 1150 1425 1180 exstinctus
1442 1150 1493 1187 28,

868 1202 915 1223 11.
939 1201 991 1230 41,
1009 1201 1036 1223 2.
1059 1192 1148 1232 ignes
1162 1193 1262 1231 sparsi
1282 1192 1315 1222 in
1333 1193 1424 1223 coelo
1440 1201 1493 1231 30,

865 1244 892 1265 2.
917 1235 1071 1266 coelestes
1093 1235 1299 1266 multifariam
1322 1236 1394 1271 orti,
1415 1236 1492 1266 adu—

864 1277 1185 1317 runt,complurium
1222 1277 1413 1309 vestimenta
1443 1287 1495 1319 39,

865 1329 914 1351 22.
940 1320 1051 1350 Imber
1066 1320 1213 1360 lapideus
1230 1329 1281 1359 30,
1299 1321 1348 1359 38.
1373 1331 1425 1360 43,
1445 1329 1492 1359 15.

866 1363 979 1393 Infans
1014 1362 1047 1393 in
1086 1366 1177 1393 utero
1214 1363 1324 1393 matris
1361 1364 1493 1401 clamat,

866 1406 905 1436 Io
927 1405 1092 1445 triumphe
1118 1415 1168 1444 24,
1192 1415 1239 1436 10.
1267 1406 1372 1436 infans
1394 1405 1493 1436 ambi·

863 1458 926 1488 guo
949 1449 1032 1479 inter
1047 1458 1169 1479 marem
1191 1453 1223 1479 et
1238 1448 1392 1479 feminam
1414 1459 1493 1479 sexu

864 1495 959 1522 natus
979 1500 1030 1531 27,
1053 1500 1085 1522 11
1113 1496 1145 1522 et
1168 1499 1218 1530 37.
1244 1501 1294 1531 31,
1318 1501 1364 1523 12.
1388 1491 1493 1522 infans

863 1533 1021 1574 ingenuus
1042 1535 1203 1564 semestris
1220 1533 1252 1565 in
1275 1535 1343 1565 foro
1366 1534 1493 1565 olitorio

864 1577 1064 1616 triumphum
1096 1577 1227 1614 clamat,
1253 1587 1318 1616 qno
1348 1581 1493 1616 tempore

865 1619 974 1659 Scipio
995 1619 1027 1650 in
1051 1619 1213 1658 Hispania
1231 1623 1342 1650 contra
1367 1620 1494 1650 Poenos

865 1662 1001 1693 feliciter
1017 1662 1171 1702 pugnavit
1185 1671 1234 1699 21,
1245 1661 1295 1693 62.
1321 1662 1388 1693 Lac
1399 1662 1494 1693 fluxit

866 1714 917 1744 34,
940 1713 991 1744 45.
1020 1705 1103 1735 111010
1127 1704 1210 1744 pluit
1236 1714 1285 1743 27.
1313 1714 1359 1735 11.
1389 1705 1494 1736 Lacus

867 1748 1024 1785 Albanus,
1033 1748 1100 1778 sine
1117 1747 1192 1778 ullis
1204 1747 1395 1778 coelestibus
1403 1747 1496 1788 aquis

866 1801 1002 1822 causave
1017 1801 1081 1830 qua
1095 1790 1170 1827 alia,
1182 1790 1214 1820 in
1227 1791 1433 1821 altitudinem
1447 1791 1493 1821 in-

865 1833 992 1864 solitam
1004 1833 1102 1864 crevit
1119 1843 1149 1873 5,
1166 1842 1211 1871 15.
1237 1833 1326 1864 lacus
1340 1833 1494 1873 sangnine

865 1876 1009 1907 manavit
1027 1885 1077 1916 27,
1089 1885 1137 1914 23.
1164 1876 1254 1907 Lana
1270 1877 1361 1916 pulla
1376 1887 1394 1906 e
1410 1881 1494 1907 terra

866 1924 961 1950 enata
981 1929 1032 1957 42,
1051 1928 1077 1950 2.
1103 1918 1202 1958 Lapis
1217 1919 1247 1949 in
1270 1929 1345 1958 agro
1361 1919 1493 1951 Crustu-

866 1962 954 1993 mino
969 1962 1001 1992 in
1018 1962 1127 1992 lucum
1146 1961 1262 1992 Martis
1277 1962 1318 1992 de
1333 1962 1424 1992 coelo
1440 1961 1493 1992 de-

866 2005 945 2035 cidit
966 2014 1018 2044 41,
1039 2014 1084 2044 13.
1110 2004 1271 2044 lapidibus
1293 2004 1376 2044 pluit
1401 2014 1428 2041 1,
1444 2013 1494 2043 31.

869 2057 897 2088 7,
924 2048 971 2078 28.
1008 2057 1059 2085 21,
1083 2046 1134 2078 62.
1163 2047 1286 2087 lapides
1311 2048 1495 2087 frequentes

865 2089 1029 2130 grandinis
1055 2090 1155 2121 instar
1183 2090 1337 2121 decidunt
1369 2100 1418 2127 22,
1443 2088 1494 2129 36.

868 2143 918 2173 23,
940 2143 989 2172 31.
1016 2141 1115 2172 25,.7.
1147 2132 1197 2168 26,
1222 2141 1270 2171 ²3·
1297 2142 1347 2173 27,
1369 2142 1418 2172 37.
1445 2142 1495 2174 29,

871 2186 908 2207 10
930 2181 963 2207 et
991 2186 1036 2214 ¹4·
1071 2185 1123 2214 30·
1146 2177 1197 2215 38-
1232 2185 1284 2214 34,
1307 2185 1357 2214 45·
1393 2184 1444 2215 35,
1467 2185 1496 2217 9-

867 2218 921 2257 36,
942 2228 994 2258 37·
1025 2220 1076 2257 38,
1094 2218 1143 2257 36·
1173 2227 1225 2259 39,
1244 2228 1291 2249 22.
1317 2228 1368 2256 42,
1392 2228 1418 2250 2.
1444 2230 1496 2256 44,

873 2264 918 2293 18.
945 2262 1070 2292 Laurea
1093 2262 1123 2292 in
1148 2261 1249 2302 puppi
1272 2262 1362 2292 navis
1383 2262 1498 2300 longae

868 2311 964 2335 enata
989 2314 1040 2344 32,
1065 2314 1088 2336 1.
1121 2304 1278 2344 Legiones
1298 2310 1441 2335 armatae
1464 2304 1495 2334 in

871 2347 1020 2378 Ianiculo
1041 2346 1124 2378 visae
1142 2357 1193 2384 24,
1213 2357 1259 2378 10.
1287 2346 1497 2378 Locustarum

870 2390 916 2421 vis
930 2390 1052 2429 ingens,
1068 2390 1114 2420 ita
1129 2394 1176 2426 ut,
1187 2390 1272 2420 unde
1284 2390 1501 2427 advenissent,

871 2443 983 2473 parum
1020 2437 1192 2470 constaret,
1222 2443 1351 2463 omnem
1387 2442 1498 2473 agrum

870 2475 953 2506 circa
969 2477 1118 2515 Capuam
1139 2476 1315 2515 complevit
1337 2485 1388 2514 3ο,
1406 2486 1434 2506 2.
1457 2475 1497 2506 cf.

870 2522 902 2550 et
923 2528 976 2556 42,
996 2528 1011 2549 2
1035 2523 1067 2549 et
1093 2528 1139 2550 10.
1165 2519 1273 2549 Lucus
1296 2518 1438 2550 Maricae
1459 2517 1500 2548 de

871 2561 962 2592 coelo
979 2566 1085 2592 tactus
1108 2570 1158 2601 27,
1175 2570 1224 2601 37.
1251 2560 1403 2592 Ludibria
1426 2570 1499 2590 ocu-

873 2604 974 2634 lorum
998 2604 1165 2635 auriumve
1190 2604 1312 2634 credita
1339 2614 1395 2643 pro
1422 2602 1501 2633 veris

875 2655 926 2685 24,
942 2657 992 2685 44.
1018 2646 1130 2678 Lunae
1151 2647 1234 2677 duae
1255 2646 1393 2677 interdiu
1414 2651 1502 2676 ortae

876 2698 927 2725 22,
947 2698 971 2720 1.
997 2689 1109 2730 Lupus
1124 2689 1204 2728 fugit
1220 2689 1259 2719 ad
1284 2690 1450 2720 Romanos
1471 2688 1502 2718 in

874 2731 944 2762 11010
956 2736 1077 2763 stantes
1094 2742 1142 2769 10,
1157 2741 1204 2771 27.
1229 2732 1364 2772 Capuae
1378 2736 1501 2771 portani

877 2778 971 2805 nocte
994 2774 1162 2814 ingressus,
1179 2774 1277 2805 laniat
1302 2773 1427 2813 vigilem
1455 2780 1504 2810 27,

878 2825 928 2857 37.
957 2817 1126 2857 Esquilina
1154 2821 1244 2857 porta
1269 2817 1424 2855 ingressus
1446 2815 1505 2845 sre-

877 2859 1087 2899 quentissima
1104 2864 1194 2898 parte
1211 2859 1296 2890 urbis
1309 2868 1364 2898 per
1381 2862 1503 2897 portani

877 2902 1045 2943 Capenam
1064 2911 1163 2942 prope
1183 2901 1322 2932 intactus
1340 2899 1439 2930 evasit
1455 2906 1509 2937 33,

882 2943 930 2976 26.
947 2944 988 2977 ef.
1004 2949 1035 2976 et
1058 2953 1108 2982 21,
1123 2942 1174 2981 46.
1199 2952 1250 2980 ⁴¹·
1272 2951 1317 2982 ¹3-
1342 2941 1426 2982 vigili
1443 2942 1507 2980 glu—

1159 2985 1179 3005 ·
1204 2997 1232 3025 11
1255 2986 1279 3024 2
