1888 3194
605 185 1032 228 KREYSSIGII.
1433 192 1518 233 353

117 293 392 350 positissimis,
414 299 462 334 ut
486 291 640 333 Cicero
660 292 731 342 ait,
754 300 797 333 et
818 291 1054 333 clarissimis
1078 290 1124 331 in
1145 291 1388 334 membrana
1408 309 1517 337 cras-

117 362 225 404 siore
257 361 468 417 exscripta
499 370 575 411 est,
604 360 793 418 singulae
822 360 1044 402 columnae
1077 359 1515 417 duodequadragenis,

116 439 160 472 et
174 430 274 472 inde
291 445 316 471 a
330 428 398 470 fol.
419 432 518 471 192²}
537 429 707 471 tricenis
727 429 911 486 septenis
927 428 1114 470 versibus
1135 437 1339 469 constant.
1388 428 1517 471 Prae-

115 507 229 540 terea
248 498 436 547 lacunae,
458 513 567 554 quae
589 498 690 539 olim
711 497 805 540 Lib.
833 497 1011 539 XXXI.
1034 494 1120 538 16⁶.
1145 499 1212 538 30.
1232 505 1276 538 et
1296 500 1364 538 50.
1417 497 1513 540 Lib.

116 567 342 609 XXXIII.
375 570 443 609 29.
484 566 577 609 Lib.
612 567 860 609 XXXVII.
895 569 959 607 10.
993 569 1056 607 18.
1087 573 1130 607 et
1155 568 1224 607 47.
1258 574 1386 622 atque
1417 565 1513 607 Lib.

115 635 385 677 XXXVIII.
406 639 470 677 12.
488 636 534 676 in
554 635 699 678 codice
721 635 999 677 describendo
1015 649 1170 676 vacuae
1187 642 1308 675 crant
1327 634 1513 685 relictae,

112 710 258 759 postea
285 703 338 745 ab
366 703 470 754 aliis,
492 713 540 746 ut
566 705 672 746 mihi
694 704 868 762 quidem
888 703 1069 753 videtur,
1090 702 1269 745 librariis
1289 702 1516 759 diligenter

113 770 343 814 admodum
365 781 464 814 sunt
484 773 691 830 expletae.

175 837 349 888 Quanta
380 856 517 898 porro,
552 850 600 883 ut
632 841 685 882 ad
718 841 907 898 graviora
938 855 1174 898 pergamus,
1206 840 1429 882 commoda
1459 855 1514 883 ex

113 907 258 949 codice
292 907 595 966 Bambergcnsi
631 909 685 951 ad
718 909 844 960 Livii,
878 924 985 966 quos
1020 909 1222 959 continet,
1255 907 1383 950 libros
1415 923 1515 965 sup-

111 974 290 1031 plendos
314 986 441 1033 atque
467 977 755 1019 emendandos
780 977 1122 1026 redundaverint,
1146 976 1207 1018 uti
1230 976 1426 1032 perfacile
1448 985 1512 1018 est

98 1042 275 1094 docere,
298 1044 356 1086 ita
385 1060 472 1086 non
503 1046 642 1086 minus
669 1045 790 1086 facile
821 1044 1083 1101 intelligitur,
1106 1059 1385 1101 permagnum
1416 1045 1508 1086 eius

112 1126 235 1153 usum
267 1127 356 1153 esse
391 1113 434 1154 in
463 1113 571 1154 libro
603 1113 812 1154 tricesimo
841 1113 977 1169 primo
1004 1121 1047 1154 et
1075 1112 1284 1154 tricesimo
1313 1113 1512 1162 secundo,

112 1194 217 1236 quos
244 1179 298 1221 ad
325 1181 520 1222 codicum
546 1190 683 1223 aetate
711 1197 759 1222 ae
787 1182 1043 1238 praestantia
1064 1180 1366 1237 Bambergensi
1387 1181 1513 1237 longe

111 1246 379 1290 inferiorum⁷
410 1249 538 1290 fidem
571 1250 707 1291 editos
739 1264 828 1291 esse
862 1258 1037 1299 constat,
1064 1249 1297 1290 maximum
1330 1249 1375 1289 in
1405 1248 1513 1290 libro

111 1315 322 1358 tricesimo
355 1318 491 1367 tertio,
526 1318 645 1359 cuius
678 1332 772 1374 pars
805 1317 950 1367 maior,
979 1317 1224 1373 priusquam
1257 1316 1426 1358 initium
1459 1332 1513 1359 ex

110 1383 256 1426 codice
295 1384 598 1443 Bambergensi
629 1385 861 1436 accederet,
899 1400 952 1426 ex
988 1385 1134 1426 codice
1172 1384 1431 1441 Moguntino
1467 1385 1513 1426 in

111 1451 250 1494 lucem
289 1462 353 1495 est
391 1463 612 1510 protracta,
651 1455 858 1496 minorem
898 1454 944 1495 in
983 1453 1147 1504 ceteris,
1181 1468 1288 1509 quos
1323 1462 1366 1495 et
1401 1454 1513 1511 ipsos

112 1519 269 1562 codicis
290 1520 539 1578 Moguntini
561 1538 641 1580 ope
663 1524 746 1564 iam
768 1523 931 1564 dudum
959 1523 1118 1579 optime
1147 1521 1364 1579 suppletos
1384 1531 1512 1579 atque

111 1589 358 1632 emendatos
378 1605 467 1633 csse
489 1592 703 1633 neminem
723 1592 843 1648 fugit.
900 1591 999 1639 Quo
1020 1590 1171 1632 clarius
1191 1599 1334 1632 autem
1355 1591 1513 1633 codicis

114 1657 438 1716 Bambcrgensis
478 1660 652 1702 virtutes
691 1659 1055 1717 exsplendescant,
1103 1659 1268 1716 singula
1307 1659 1360 1700 ad
1401 1668 1515 1701 certa

112 1729 322 1786 quaedam
351 1743 520 1786 genera,
549 1729 840 1786 exemplorum
870 1729 1068 1770 varietate
1101 1727 1275 1778 adiecta,
1298 1743 1511 1770 revocasse

114 1798 285 1839 iuvabit.

171 1864 363 1906 Primum
398 1866 527 1921 igitur
565 1865 735 1906 lacunas
770 1864 1012 1921 permultae,
1049 1864 1226 1905 maiores
1262 1863 1374 1914 alias,
1411 1864 1512 1908 alias

112 1933 308 1983 minoreS,
341 1948 519 1989 quarum
553 1949 606 1974 ne
638 1934 812 1989 vestigia
842 1933 1015 1989 quidem
1049 1933 1262 1974 interdum
1295 1948 1512 1989 compare-

112 2003 227 2053 bant,
264 2002 422 2059 optime
459 2001 614 2058 explet.
678 2001 772 2042 Lib.
809 2001 985 2042 XXXI.
1023 1999 1128 2056 Cap.
1164 2004 1228 2041 14.
1267 2008 1304 2041 et
1338 2004 1514 2042 irritatio

111 2073 267 2129 quidem
289 2073 527 2112 animorum.
548 2092 599 2098 -—
620 2068 726 2126 Cap.
755 2072 818 2110 15.
843 2085 944 2119 cam,
972 2072 1008 2109 si
1037 2072 1270 2111 institissent
1296 2077 1390 2111 tnnc
1410 2072 1513 2111 Plu·-

112 2141 232 2196 lippo.
295 2138 458 2180 Vocula
479 2146 574 2179 tnnc
594 2137 638 2178 in
659 2137 804 2179 codice
827 2152 1049 2194 perperam
1071 2138 1220 2179 omissa
1241 2146 1315 2179 cst.
1331 2163 1388 2169 —
1404 2137 1509 2195 Cap.

112 2211 180 2249 24.
204 2208 309 2248 mille
320 2209 455 2262 ferme
474 2222 625 2262 passas
650 2205 972 2263 tanqua—Cap.
998 2209 1064 2247 31.
1089 2207 1248 2247 Eadem
1269 2208 1366 2247 llaec
1394 2207 1513 2248 Chios

110 2276 198 2318 sive
230 2275 370 2332 potius
412 2275 570 2316 Cianos.
590 2298 646 2306 --
666 2274 770 2331 Cap.
806 2277 873 2316 34.
911 2276 1086 2315 brachiis
1123 2291 1211 2316 cam
1248 2277 1410 2317 humero
1442 2278 1511 2317 ab·

111 2342 404 2399 scisis.—Cap.
441 2346 507 2385 36.
551 2345 697 2384 hostem
733 2345 844 2394 vidit,
883 2347 925 2385 in
961 2345 1134 2385 tumulos
1169 2360 1322 2401 qaoque
1356 2361 1406 2385 ac
1440 2346 1513 2386 sub

111 2415 242 2469 ipsum
263 2412 424 2452 vallum.
443 2436 500 2442 —
520 2410 625 2467 Cap.
649 2414 717 2452 43.
745 2419 782 2452 et
802 2414 1034 2468 quz‘nyentos
1058 2415 1215 2469 equites.
1235 2439 1291 2445 -—
1310 2412 1416 2470 Cap.
1440 2416 1509 2456 45.

113 2482 246 2522 urbem
287 2495 495 2535 arcemque
530 2481 795 2521 tradiderunt.
815 2507 869 2513 —
887 2479 995 2522 Ibid.
1035 2482 1093 2521 ad
1130 2481 1436 2522 Canastraeum.
1455 2507 1513 2514 -

156 2631 177 2664 6
201 2632 299 2665 Hanc
323 2644 453 2674 quoquc
479 2635 629 2665 lacunam
657 2635 698 2664 ab
725 2634 791 2665 alio
835 2635 876 2665 de
892 2644 957 2674 quo
974 2633 1046 2666 vide
1062 2638 1242 2666 nostrorum
1260 2635 1511 2667 Meletemntum

116 2674 244 2707 librario
280 2677 466 2724 suppletam
505 2688 585 2714 esse,
616 2687 673 2717 pro
704 2681 792 2708 certo
834 2677 1019 2708 criticorum
1042 2678 1136 2717 Spec.
1157 2678 1205 2709 11.
1223 2689 1287 2717 quo
1305 2679 1387 2710 Iusti
1409 2679 1511 2720 Lipnii

114 2717 274 2750 affirmare
290 2720 401 2751 nolim.
438 2719 535 2757 vide,
548 2730 631 2759 quae
647 2720 688 2750 ud
705 2720 791 2750 hunc
837 2719 1073 2751 Annotationes
1094 2721 1134 2751 ud
1154 2720 1194 2751 T.
1214 2721 1296 2752 Livii
1315 2721 1386 2753 Lib.
1406 2722 1512 2753 xxl.

117 2758 223 2791 locum
248 2770 278 2800 p.
303 2760 369 2800 136.
391 2762 555 2794 annotavi.
601 2762 654 2793 De
676 2762 791 2794 ceteris
834 2762 867 2794 in
902 2762 1100 2794 bibliotheca
1134 2763 1427 2804 Guelphcrbytana
1466 2774 1512 2795 rc-

119 2801 169 2832 vix
187 2804 347 2842 emquod
364 2804 502 2836 dubites.
836 2810 946 2846 perure
979 2806 1195 2838 continentur.
1226 2806 1386 2845 Misenum,
1422 2808 1511 2846 1837.

161 2842 178 2875 7
208 2844 298 2875 Inter
327 2845 387 2876 hos
417 2846 633 2887 principatum
669 2847 793 2878 obtinet
839 2858 870 2888 p.
887 2856 917 2888 3.
930 2859 998 2888 sqq.

117 2885 316 2917 Cuincinnun
340 2887 407 2919 nive
436 2888 630 2921 Lovelianus
660 2890 794 2929 primus,

174 2950 272 2979 VOL.
297 2951 354 2979 IV.
1210 2957 1238 2982 Λ
1260 2957 1284 2982 a
