1888 3194
940 191 1230 230 INDEX.

398 262 562 297 Aufidena
577 265 608 297 vi
623 270 719 306 capta
737 277 785 304 10,
804 277 851 299 12.

399 308 461 340 Cn.
477 309 638 348 Aufidius,
656 310 727 341 trib.
744 311 788 350 pl.
803 314 932 341 accusat
948 311 985 342 O.
1002 311 1066 342 Lu-

442 354 587 391 cretium,
616 357 807 393 praetorem,
835 354 877 384 ad
908 354 1066 394 populum

441 406 493 436 43³
513 407 559 427 10·

400 438 551 479 Aufidus,
565 440 668 471 amnis
684 450 734 478 22,
749 452 800 480 44.

401 481 558 522 Auginus,
580 493 693 514 mons:
725 483 758 513 in
782 493 856 513 eum
881 482 1066 522 confugiunt

441 526 598 557 Friniates
613 527 746 567 Ligures
761 535 811 567 39,
828 536 855 557 2.

398 567 545 609 Augures
559 580 579 600 a
594 571 706 601 Numa
720 568 869 606 instituti,
880 568 900 598 i.
915 578 940 598 e.
957 568 989 597 in
1003 568 1066 597 ccl-

439 612 559 652 legium
575 612 746 643 contributi
759 623 789 650 4,
802 623 830 649 4.
854 612 894 640 de
905 610 1066 649 religione,

440 665 522 695 quae
544 656 728 686 morabatur
749 653 911 684 dictatoris
934 652 1064 682 creatio-

438 708 524 735 nem,
541 697 751 728 consuluntur
763 705 811 734 31.
836 695 982 725 vitiosum
1000 695 1063 725 dic-

440 744 576 770 tatorern
614 749 681 769 esse
717 737 925 778 pronuntiant
956 738 986 775 8,
1015 747 1063 776 23.

439 786 503 813 tres
525 782 615 812 initio
637 782 726 812 fuere
745 791 793 818 10,
808 780 836 811 6.
865 781 1005 820 quinque
1024 781 1064 811 de

438 826 534 864 plebe
546 825 643 855 creati
658 834 705 862 10,
715 834 744 866 9.
767 824 895 854 solvunt
910 823 1064 853 tributum

438 876 490 906 33⁵
507 878 556 907 4²·

397 909 532 949 Augurii
559 910 706 950 capiendi
728 910 808 941 ritus
834 920 860 948 1,
889 910 933 940 18.
967 919 1063 948 augu-

437 953 520 983 rium
544 964 583 984 ex
607 954 691 984 corvi
714 957 849 984 occentu
870 963 917 990 10,
932 963 982 991 40.
1009 963 1063 983 au-

437 995 534 1035 guriis
551 1007 591 1026 ex
608 995 699 1027 Accii
716 996 815 1027 Navii
830 997 915 1027 facto
932 1005 1066 1036 magnus

1153 268 1291 308 pretium
1308 269 1420 309 populi
1437 270 1532 301 Rom.
1547 269 1668 300 factum
1685 277 1715 309 5,
1725 271 1776 309 48.

1152 322 1276 350 aurum,
1292 313 1378 352 quod
1400 312 1504 343 Gallis
1527 316 1672 352 ereptum
1699 317 1778 352 erat,

1152 356 1210 385 sub
1223 355 1308 385 Iovis
1320 356 1399 386 sella
1414 355 1490 395 poni
1502 355 1622 386 iussum
1635 363 1684 394 50.
1707 356 1777 387 auri

1153 408 1193 428 ex
1206 397 1340 428 Gallicis
1353 398 1463 438 spoliis
1475 408 1625 438 magnum
1641 399 1776 438 pondus,

1153 451 1230 471 saxo
1245 442 1400 480 quadrato
1415 445 1553 481 septum,
1568 441 1601 471 in
1614 441 1776 481 Capitolio

1152 487 1254 514 sacrat
1277 484 1313 515 C.
1331 484 1491 524 Sulpicius
1514 483 1649 514 dictator
1674 491 1702 523 7,
1728 491 1776 523 15.

1152 526 1314 565 proportio
1329 528 1370 557 ad
1385 530 1550 566 argentum
1567 527 1618 565 38,
1638 536 1683 558 11.
1707 526 1776 557 auri

1152 571 1184 598 et
1199 569 1319 608 argenti
1335 570 1468 600 metalla
1481 569 1651 600 interdicta
1665 570 1775 600 Mace-

1152 611 1288 641 donibus
1302 620 1353 650 45,
1371 622 1418 652 29.

1108 650 1271 690 Aurunca,
1287 654 1364 684 olim
1380 655 1466 684 dicta
1480 655 1604 693 Suessa,
1617 655 1742 686 deletur
1755 665 1776 685 a

1150 695 1297 726 Sidicinis
1312 697 1342 734 8,
1362 704 1408 735 15.

1109 736 1253 768 Aurunci
1268 739 1391 769 bellant
1405 740 1554 770 adversus
1566 741 1730 771 Romanos
1746 749 1775 778 2,

1154 779 1202 817 16,
1223 790 1270 820 17,
1289 780 1336 812 26.
1359 787 1390 812 et
1413 788 1441 820 7,
1458 782 1505 813 28.
1529 782 1561 811 in
1579 782 1774 813 deditionem

1150 824 1363 863 accipiuntur,
1375 835 1490 864 eosque
1506 824 1634 855 defendi
1648 828 1776 856 senatus

1150 866 1239 897 iubet
1254 867 1284 905 8,
1302 875 1349 906 15.

1109 908 1145 939 C.
1158 909 1406 948 Aurunculeius,
1422 913 1548 950 praetor
1564 917 1614 950 27,
1629 909 1659 942 6.
1686 910 1774 941 sorti-

1150 955 1201 982 tur
1217 953 1395 984 Sardiniam
1414 960 1440 992 7.

1111 994 1147 1025 C.
1160 994 1409 1034 Aurunculeius,
1420 996 1490 1027 trib.
1501 995 1594 1028 milit.
1605 995 1719 1027 tertiae
1730 996 1774 1027 le-

1150 1038 1250 1078 gionis
1267 1047 1317 1079 27,
1333 1049 1382 1077 41.

1109 1081 1146 1112 L.
1160 1082 1408 1120 Aurunculeius,
1430 1084 1556 1122 praetor
1571 1080 1622 1121 36,
1638 1089 1688 1122 45.
1711 1092 1774 1112 sor-

1149 1124 1228 1155 titur
1241 1125 1492 1156 iurisdictionem
1507 1125 1662 1155 urbanam
1678 1131 1730 1165 37,
1743 1135 1773 1156 2.

1148 1167 1272 1207 legatus
1287 1177 1304 1207 5
1309 1176 1337 1207 5.

1107 1209 1274 1249 Ausetani,
1289 1210 1412 1250 populi,
1426 1210 1613 1250 subiguntur
1627 1211 1667 1241 ab
1681 1211 1772 1241 Han-

1148 1252 1254 1284 nibale
1280 1264 1330 1291 21,
1354 1262 1402 1291 23.
1432 1254 1593 1284 deduntur
1615 1253 1773 1284 Romanis

1147 1295 1196 1326 61.
1222 1307 1275 1326 eos
1290 1297 1331 1327 ad
1346 1297 1468 1326 bellum
1485 1299 1594 1326 contra
1606 1296 1772 1327 Romanos

1147 1338 1286 1369 concitat
1309 1338 1458 1370 Indibilis
1480 1348 1529 1380 29,
1546 1348 1574 1370 2.
1601 1339 1772 1370 vincuntur

1147 1390 1175 1419 3.
1193 1382 1230 1412 cf.
1247 1386 1279 1412 et
1295 1391 1345 1420 34,
1363 1391 1412 1412 20.

1104 1421 1288 1454 Ausetanus
1303 1434 1378 1463 ager
1393 1433 1444 1465 39,
1460 1422 1509 1462 56.

1104 1465 1248 1503 Ausona,
1263 1468 1337 1497 urbs
1353 1466 1521 1497 Ausonum
1537 1476 1568 1507 9,
1586 1473 1634 1505 25.

1104 1508 1251 1539 Ausones
1263 1520 1326 1540 uno
1339 1509 1458 1549 proelio
1469 1508 1639 1540 vincuntur
1647 1509 1769 1541 aRom.

1145 1552 1175 1590 8,
1202 1551 1248 1584 16.
1279 1552 1411 1583 veniunt
1432 1551 1465 1582 in
1490 1555 1680 1591 potestatem
1703 1553 1768 1583 Ro-

1143 1604 1228 1626 man.
1245 1605 1276 1636 9,
1293 1602 1341 1634 25.
1365 1595 1534 1625 Ausonum
1557 1605 1633 1635 gens
1651 1595 1770 1634 deleta,

437 1039 563 1069 accedit
578 1039 679 1069 honor
698 1049 724 1078 1,
741 1038 790 1078 36.

397 1080 536 1121 Augusti
564 1081 764 1122 imperatoris
793 1086 938 1121 tempore
967 1082 1065 1113 Ianus

438 1125 564 1155 clausus
586 1125 647 1155 fuit
673 1135 700 1163 1,
722 1135 768 1167 19.
801 1126 963 1164 Augustus
984 1129 1063 1156 tem-

436 1168 565 1206 plorum
580 1168 724 1198 omnium
740 1168 885 1198 conditor
904 1172 960 1198 aut
977 1169 1063 1199 resti—

435 1213 524 1240 tutor
538 1222 569 1249 4,
586 1221 634 1242 20.
660 1214 947 1250 contemporaneus
969 1211 1062 1249 Livii,

434 1252 511 1284 ibid.
535 1253 602 1284 eius
617 1254 717 1284 ductu
740 1257 771 1284 et
793 1253 935 1293 auspicio
950 1255 1062 1293 perdo-

434 1295 515 1326 mita
530 1300 578 1327 est
594 1296 755 1336 Hispania
772 1296 821 1335 28,
841 1306 887 1327 12.

392 1335 536 1376 Aulerci,
552 1340 664 1378 populi
681 1348 710 1379 5,
727 1348 776 1378 34.

393 1379 499 1419 Aulis,
514 1381 670 1421 oppidum
687 1389 738 1421 35,
755 1388 806 1421 37,
823 1390 872 1421 50.
896 1389 947 1421 45,
965 1390 1013 1422 27.

393 1423 441 1454 M.
453 1422 580 1462 Aulius,
603 1425 783 1464 praefectus
805 1423 925 1455 socium
943 1432 993 1463 27,
1011 1424 1058 1457 26.

434 1466 591 1497 occiditur
606 1474 654 1506 27.

393 1507 436 1544 Q.
447 1508 564 1539 Aulius
580 1510 783 1548 Cerretanus,
803 1520 864 1541 cos.
885 1513 1009 1540 creatus
1029 1511 1058 1548 8,

433 1559 484 1591 37.
512 1553 687 1582 secundum
705 1563 766 1583 cos.
783 1562 814 1593 9,
832 1560 878 1591 15.
909 1563 981 1582 cum
998 1553 1058 1584 Fe-

431 1594 573 1625 rentanis
601 1605 666 1625 uno
698 1595 818 1635 proelio
846 1596 987 1626 debellat
1011 1595 1057 1627 16.

431 1637 582 1676 magister
607 1637 752 1677 equitum
778 1637 893 1668 occidit
922 1637 1057 1677 impera—

430 1682 533 1710 torem
560 1680 765 1719 Samnitium,
792 1684 823 1711 et
850 1682 1059 1711 obtruncatur

432 1731 481 1753 22.

388 1764 426 1795 O.
438 1763 588 1796 Aurelius
598 1766 707 1803 Cotta,
716 1769 843 1806 praetor
858 1775 909 1804 3ο,
922 1765 970 1797 26.
995 1777 1056 1797 sor-

431 1807 510 1838 titur
543 1808 793 1839 iurisdictionem
824 1810 979 1839 urbanam
1007 1817 1055 1848 27.

430 1852 541 1881 consul
565 1861 616 1890 31,
636 1862 664 1890 4.
704 1852 835 1883 Italiam
860 1851 1056 1892 provinciam

424 1893 553 1924 >obtinet
569 1893 589 1925 6
603 1898 635 1925 et
651 1901 701 1933 47.

387 1936 425 1967 C.
442 1935 594 1968 Aurelius
620 1937 767 1975 Scaurus,
796 1940 923 1978 praetor
949 1947 1000 1979 39,
1026 1937 1054 1969 6.

429 1979 558 2010 sortitur
573 1980 751 2011 Sardiniam
766 1981 795 2012 8.

386 2021 423 2053 L.
444 2020 606 2059 Aurelius,
630 2026 778 2062 quaestor
805 2024 955 2059 urbanus,
981 2034 1053 2053 cum

428 2065 644 2096 sacerdotibus
674 2066 714 2096 de
747 2065 867 2096 tributo
901 2066 1053 2096 solvendo

428 2111 527 2139 certat
543 2117 594 2147 33,
610 2118 660 2146 42.

386 2148 424 2180 L.
435 2149 587 2182 Aurelius
601 2151 709 2188 Cotta,
724 2151 795 2182 trib.
811 2150 905 2182 milit.
922 2161 973 2189 40,
990 2157 1038 2190 27.

385 2192 432 2223 M.
444 2192 594 2224 Aurelius
606 2194 704 2225 Cotta
719 2203 769 2232 23,
782 2203 830 2232 30.
854 2193 1052 2233 praepositus

426 2235 572 2266 Puteolis
585 2243 635 2274 25,
648 2245 698 2266 22.
722 2236 882 2266 decemvir
897 2235 992 2265 sacris
1005 2235 1048 2265 fa-

426 2276 546 2308 ciendis
563 2287 614 2318 29,
629 2278 679 2316 38.
705 2278 828 2317 legatus
849 2277 987 2308 mittitur
1008 2278 1049 2307 ad

426 2319 617 2359 Philippum
643 2329 694 2358 3ο,
722 2319 770 2351 26.
811 2319 912 2350 socios
936 2319 1048 2359 populi

425 2361 565 2392 Romani
586 2365 695 2392 tuetur
715 2362 811 2392 armis
826 2371 876 2400 42.
893 2362 932 2393 cf.
948 2365 981 2392 et
996 2372 1047 2402 31,

425 2412 455 2442 3,
471 2411 499 2442 5.
524 2404 658 2434 moritur
674 2413 724 2443 31,
740 2411 789 2443 50.

1143 1637 1219 1668 ibid.

1101 1677 1279 1720 Auspicato
1305 1681 1412 1712 omnia
1436 1683 1549 1721 gerunt
1573 1681 1714 1712 Romani
1740 1691 1767 1720 1,

1144 1722 1193 1761 36.
1218 1722 1248 1761 6,
1264 1733 1314 1762 41.
1339 1725 1390 1763 38,
1406 1724 1455 1762 48.

1101 1765 1292 1805 Auspicium
1307 1766 1461 1797 mentitus
1478 1765 1635 1806 pullarius
1652 1776 1700 1805 10,
1708 1778 1767 1815 40.

1142 1809 1287 1848 auspicia
1309 1810 1455 1849 neglecta
1478 1818 1528 1847 21,
1549 1808 1598 1849 63.
1624 1809 1768 1850 auspicia

1141 1862 1236 1882 nemo
1262 1852 1360 1883 habet
1389 1852 1533 1892 plebeius
1558 1862 1588 1890 4,
1612 1851 1641 1884 6.
1678 1863 1767 1884 more

1141 1894 1297 1925 maiorum
1324 1905 1422 1935 penes
1448 1896 1560 1926 Patres
1583 1894 1613 1934 6,
1639 1905 1689 1934 41.
1719 1895 1766 1926 in-

1143 1941 1228 1968 certa
1243 1938 1273 1975 8,
1290 1947 1340 1977 3ο.
1369 1939 1410 1969 ad
1426 1937 1605 1978 auspicium
1620 1941 1764 1977 repeten-

1141 1981 1218 2010 dum
1234 1980 1327 2011 rediit
1343 1981 1482 2012 Romam
1499 1980 1643 2018 dictator,
1657 1980 1734 2012 ibid.

1098 2021 1275 2053 Auximum
1295 2033 1347 2061 41,
1369 2023 1416 2055 26.
1446 2023 1608 2053 faciendos
1629 2022 1763 2065 Auximi

1138 2075 1246 2096 muros
1260 2066 1367 2096 locant
1383 2075 1525 2096 censores
1540 2074 1589 2104 32.

1098 2106 1212 2145 Axius,
1228 2109 1259 2138 fl.
1277 2117 1327 2149 39,
1344 2116 1393 2148 54·
1417 2118 1468 2146 44,
1485 2106 1534 2145 26,
1550 2117 1600 2147 43-
1624 2116 1675 2148 45⁹
1692 2118 1740 2150 29.

1101 2150 1222 2190 Axylos
1236 2154 1320 2181 terra
1334 2151 1384 2189 38,
1404 2151 1450 2182 18.

1097 2193 1230 2227 Azorus,
1239 2193 1405 2232 oppidum,
1419 2192 1503 2223 venit
1517 2193 1550 2224 in
1565 2193 1760 2226 deditionem

1137 2235 1244 2265 Persei
1261 2245 1312 2273 42,
1329 2244 1377 2275 53.
1394 2238 1427 2266 et
1443 2246 1494 2274 44,
1511 2245 1538 2267 2.

1408 2364 1446 2395 B.

382 2446 430 2477 M.
441 2446 593 2477 Aurelius
608 2447 715 2484 Cotta,
737 2447 860 2487 legatus
876 2447 912 2478 L.
927 2447 1046 2486 Scipio·
1092 2447 1273 2488 Babylonia
1289 2449 1339 2488 38,
1359 2457 1406 2490 17.

422 2488 482 2527 nis,
494 2499 568 2519 cum
583 2488 737 2519 Antiochi
752 2490 864 2529 legatis
881 2489 966 2520 venit
983 2491 1047 2520 Ro-
1093 2490 1345 2522 Bacchanalium
1361 2492 1452 2524 initia
1468 2503 1507 2523 ex
1524 2493 1652 2525 Etruria
1664 2503 1714 2537 39,
1724 2495 1754 2530 8,

421 2541 507 2562 mam
520 2539 570 2572 37,
582 2539 630 2570 52.
654 2532 798 2571 exponit,
809 2542 889 2572 quae
901 2536 973 2563 acta
985 2532 1047 2564 sint

1133 2534 1253 2564 nefaria
1268 2534 1300 2565 in
1317 2535 1354 2565 iis
1365 2539 1475 2575 stupra
1486 2535 1613 2575 aliaque
1624 2538 1755 2577 scelera,

1131 2576 1207 2608 ibid.
1241 2587 1350 2608 eorum
1372 2578 1527 2608 indicium
1550 2579 1689 2611 defertur
1712 2583 1754 2613 ad

1133 2619 1335 2650 Postmnium
1366 2630 1427 2651 cos.
1457 2630 1504 2652 11.
1541 2622 1684 2660 quaestio
1712 2625 1754 2655 de

1131 2660 1386 2693 Bacchanalibus
1418 2664 1589 2694 mandatur
1617 2667 1753 2698 consuli-

1129 2704 1188 2734 bus
1214 2714 1261 2742 14.
1306 2705 1489 2737 Postumius
1522 2706 1684 2739 invehitur
1718 2710 1752 2741 in

1129 2746 1347 2778 Bacchanalia
1373 2755 1419 2788 15.
1459 2748 1677 2783 Bacchanalia
1705 2752 1751 2784 di-

1127 2793 1272 2828 ruuntur,
1295 2800 1467 2830 eorumque
1489 2796 1632 2824 auctores
1657 2795 1751 2834 puni-

1126 2835 1223 2862 untur
1249 2840 1284 2872 17
1306 2837 1338 2863 et
1362 2833 1408 2864 18.
1439 2837 1749 2868 senatusconsultum

1126 2875 1165 2905 de
1182 2875 1439 2908 Bacchanalibus
1457 2878 1503 2908 18.

1085 2917 1284 2948 Baccharum
1302 2918 1412 2950 habitu
1427 2924 1602 2961 matronae,
1611 2922 1749 2954 crinibus

420 2573 454 2604 in
470 2575 557 2612 Asia,
572 2574 648 2605 ibid.

380 2615 517 2655 Aurinx,
529 2618 603 2647 urbs
613 2616 794 2656 Hispaniae
806 2627 855 2655 24,
865 2628 915 2656 42.
938 2620 1046 2650 eadem

411 2660 563 2697 sortasse,
577 2671 658 2700 quae
669 2661 808 2700 Orinye's.
832 2661 894 2691 vid.
909 2661 1043 2701 OringiS.

376 2700 513 2740 Aurum,
529 2706 695 2742 argentum
713 2706 745 2732 et
762 2713 815 2733 aes
831 2702 988 2743 signatum
1010 2703 1043 2734 in

419 2744 584 2784 publicum
602 2745 760 2775 confertur
776 2745 826 2782 26,
843 2745 892 2784 36.
919 2757 938 2777 a
953 2746 1043 2777 sociis

418 2787 574 2825 oblatum,
588 2797 651 2818 non
669 2791 834 2827 receptum
850 2789 975 2819 Romae
992 2798 1041 2827 22,

418 2838 456 2868 32
470 2832 502 2860 et
515 2829 564 2869 36.
588 2839 639 2869 3ο,
651 2839 699 2861 21.
724 2830 968 2869 vicesimarium,
980 2841 1039 2861 ser-

418 2875 527 2902 vatum
539 2873 579 2903 ad
592 2872 722 2903 ultimos
735 2883 825 2904 casus
839 2873 870 2903 in
885 2874 1040 2904 sanctiore

415 2915 536 2946 aerario
565 2922 614 2954 27,
643 2925 688 2947 10.
723 2915 790 2946 auri
817 2916 906 2947 mille
933 2917 1038 2956 pondo
