1888 3194
461 166 881 209 EDITIONUM
927 167 1119 210 LIVII.
1402 175 1483 214 461

223 255 551 305 Ferdinandum,
573 270 682 312 quae
714 271 873 297 annum
905 257 1110 299 MDXL.
1144 257 1338 313 praefert,
1370 271 1412 301 et
1443 261 1487 302 in

221 313 406 354 editione
429 312 707 368 Lugdunensi
737 313 836 354 anni
860 314 909 355 M
919 314 1005 354 DX
1018 314 1115 355 LlI.
1144 323 1186 355 et
1211 314 1309 356 alibi
1339 325 1486 366 exstat,

220 369 362 418 didici,
397 384 450 410 ex
483 370 651 410 officina
683 369 910 411 Michaelis
943 369 1154 425 Isingrini,
1189 372 1263 427 qui
1299 371 1486 414 Basileae

219 426 427 467 officinam
478 427 681 476 exercuit,
725 436 767 468 et
813 427 983 468 Ioannis
1026 427 1189 469 Bebelii
1237 430 1487 485 typographi

220 482 472 524 Basileensis
519 498 651 540 gener
694 484 868 533 exstitit,
914 483 1111 525 Glareani
1158 485 1486 542 Chronologiam

217 541 440 596 separatim
466 541 682 596 prodiisse,
705 550 765 591 ut,
789 542 862 597 qui
888 551 1011 583 antea
1033 541 1143 582 Livii
1165 542 1331 584 codices
1360 544 1488 584 habe-

216 597 332 647 bant,
364 612 504 653 neque
538 598 722 639 eundem
756 609 968 640 auctorem
1004 599 1067 640 bis
1099 614 1244 655 parare
1276 600 1485 651 volebant,

217 654 297 696 hoc
319 655 409 696 eius
429 654 569 696 labore
590 655 672 696 frui
693 665 876 711 possent.

91 714 215 754 1541.
249 711 442 753 Venetiis
473 712 586 768 apud
618 713 820 754 haeredes
852 713 995 755 Lucae
1029 714 1211 755 Antonii
1244 713 1409 764 Iuntae,
1443 715 1486 755 in

143 768 278 810 forma
297 769 467 811 maiore.

275 825 401 867 Hanc
422 826 652 868 editionem
675 836 878 878 memorat
900 827 1060 868 Fabric.
1085 828 1130 868 in
1153 827 1264 870 Bibl.
1284 828 1378 870 Lat.
1398 844 1484 869 non

217 883 391 933 addens,
413 898 497 940 qua
527 884 660 925 forma
691 884 906 940 prodierit.
972 884 1133 926 Eadem
1168 885 1355 927 editione
1387 901 1486 927 usus

217 950 280 982 est
320 940 499 982 Latinus
541 941 736 982 Latinius
781 941 834 982 ad
876 941 1043 982 Livium
1082 957 1178 983 cum
1222 942 1346 984 Mstis
1385 959 1486 985 con-

216 997 452 1047 ferendum,
471 999 545 1053 qui
566 1013 645 1039 nec
667 998 756 1054 ipse
778 998 966 1047 formam,
985 1014 1070 1054 qua
1090 999 1220 1041 editio
1242 1000 1312 1041 illa
1332 1016 1486 1042 excusa

215 1065 290 1104 est,
328 1054 542 1096 indicavit.
607 1054 673 1095 Ex
714 1069 892 1096 numero
933 1065 1074 1096 tamen
1110 1056 1317 1106 foliorum,
1356 1073 1484 1113 quern

213 1111 393 1152 subinde
419 1111 519 1161 edit,
543 1112 641 1152 satis
666 1122 841 1161 constat,
864 1127 951 1152 non
983 1112 1075 1162 alia,
1099 1128 1225 1168 quam
1257 1115 1417 1164 maiori,
1441 1116 1484 1155 in

214 1167 353 1209 lucem
394 1168 559 1210 exiisse.
644 1168 800 1209 Utrum
844 1168 1058 1210 Hcarnius
1103 1179 1145 1211 et
1194 1169 1398 1221 Clericus,
1441 1172 1484 1212 in

212 1224 361 1267 Indice
393 1225 627 1267 editionum
651 1225 924 1267 Livianarum
955 1236 1221 1268 recensentes
1252 1228 1482 1269 editionem

214 1281 439 1333 Venetam,
491 1298 599 1339 quae
660 1297 771 1324 anno
828 1284 1081 1326 MDXLII.
1134 1299 1229 1325 cum
1285 1285 1483 1327 Glareani

214 1340 397 1396 epitome
422 1339 736 1396 Chronologica
766 1341 809 1381 in
837 1340 970 1382 forma
997 1342 1152 1382 maiore
1185 1342 1387 1398 impressa
1417 1344 1483 1392 sit,

212 1396 336 1447 hanc,
357 1413 412 1439 an
439 1397 563 1438 aliam
591 1398 643 1439 ab
672 1397 750 1438 hac
778 1398 998 1447 diversam,
1022 1399 1321 1450 intellexerint,
1345 1400 1484 1457 despi-

213 1469 308 1496 cere
330 1469 510 1511 nequeo,
533 1470 664 1511 quum
686 1464 878 1496 neutram
901 1455 1091 1498 viderim.

88 1513 212 1554 1542.
245 1511 448 1568 Lugduni
498 1512 612 1568 apud
660 1511 953 1554 Sebastianum
998 1512 1242 1570 Gryphium
1284 1523 1484 1570 quattuor

142 1568 438 1618 voluminibus,
462 1569 505 1610 in
526 1570 659 1611 forma
679 1569 902 1626 octuplice.

273 1626 381 1668 Tres
402 1627 559 1682 priores
581 1627 684 1668 tomi
701 1628 921 1668 continent
937 1628 1180 1682 superstites
1198 1627 1309 1668 Livii
1331 1627 1479 1670 libros:

244 1693 387 1725 uartus
415 1683 615 1725 Glareani
646 1695 778 1733 notas,
813 1684 1038 1739 praemissa
1070 1685 1160 1725 eius
1193 1685 1242 1725 ad
1282 1684 1482 1726 Carolum

213 1698 267 1782 Z!-
308 1740 611 1797 Imperatorem
649 1741 928 1790 Praefafione,
967 1741 1066 1782 data
1109 1741 1330 1798 ‘Friburgi
1369 1741 1482 1783 Bris-

215 1804 227 1822 ‘
271 1799 375 1847 oiae,
398 1813 509 1838 anno
538 1813 561 1839 a
590 1797 687 1839 Iesu
716 1798 874 1839 Christi
907 1798 1034 1839 natali
1066 1799 1302 1841 M.1).XL.
1329 1799 1479 1841 Calen.

215 1814 419 1904 ‘ffi‘laiisffl
449 1864 538 1896 tum
568 1855 788 1896 Laurentii
815 1855 958 1896 vallae
988 1855 1040 1896 de
1064 1855 1308 1911 Tarquiniis
1336 1856 1483 1898 adver-

213 1927 304 1954 sum
328 1912 497 1953 Livium
526 1912 844 1969 disputationes,
873 1913 1048 1968 eiusque
1081 1913 1397 1954 emendationes
1428 1914 1482 1955 ad

211 1985 286 2011 sex
322 1969 448 2010 libros
484 1970 642 2025 priores
676 1969 786 2010 Livii
827 1970 880 2010 de
918 1969 1028 2011 bello
1064 1969 1229 2011 Punico
1264 1971 1479 2019 secundo3

211 2026 367 2068 deinde
411 2025 611 2068 Glareani
654 2026 999 2083 Chronologiam,
1037 2041 1113 2083 per
1153 2026 1356 2069 lodocum
1401 2028 1482 2069 Ba-

209 2083 327 2125 dium
361 2084 612 2125 Ascensium
645 2084 689 2124 in
722 2084 872 2125 seriem
910 2084 1122 2126 literarum
1159 2084 1400 2134 redactam3
1438 2094 1481 2127 et

210 2141 360 2183 ultimo
395 2140 487 2182 loco
523 2141 654 2198 ipsam
694 2140 893 2182 Glareani
933 2141 1264 2198 Chronologiam
1301 2151 1479 2192 auctam,

211 2213 308 2240 cum
347 2197 614 2240 Praefatione
658 2198 712 2240 ad
752 2198 1065 2240 Ferdinandum
1107 2199 1345 2249 Caesarem,
1384 2200 1482 2241 data

213 2261 225 2280 ‘
242 2255 392 2297 Fribur
423 2256 450 2296 'i
474 2255 701 2311 Brisgoiae,
724 2271 836 2297 anno
865 2271 889 2297 a
918 2256 1091 2298 Christo
1118 2265 1218 2297 nato
1246 2257 1479 2299 M.1).XL.

212 2319 224 2337 ‘
244 2312 380 2354 Calen
450 2312 743 2369 Septembrib.’
781 2313 998 2354 Gesnerus
1019 2314 1060 2354 in
1085 2313 1313 2355 Pandcetis
1334 2313 1402 2355 lib.
1427 2314 1480 2355 de

212 2368 414 2412 Historiis
444 2369 696 2412 duodecimo
727 2370 841 2426 apud
870 2370 1086 2412 Maittaire
1111 2370 1265 2412 Annal.
1291 2371 1477 2428 Typogr.

210 2436 311 2469 tom.
335 2426 393 2469 II.
451 2459 460 2468 .
486 2430 582 2470 572.
610 2427 748 2477 refert,
775 2427 853 2469 hac
881 2428 1068 2469 editione
1097 2428 1306 2469 contineri
1331 2429 1481 2469 Anno-

210 2484 390 2526 tationes
417 2443 538 2526 ficati
569 2484 781 2534 Rhenani,
808 2485 1066 2541 Sigismundi
1091 2485 1276 2535 Gelenii,
1302 2484 1478 2526 Henrici

211 2540 426 2592 Glareani,
445 2557 492 2583 ac
512 2542 841 2597 Chronologiam
864 2542 1051 2584 eiusdem
1074 2542 1287 2584 Glareani.
1334 2542 1479 2583 Editio

210 2608 346 2640 exstat
390 2599 433 2640 in
472 2599 672 2641 Bibliotb.
712 2598 968 2649 Traiectina,
1007 2614 1151 2641 verum
1191 2599 1390 2641 Rhenani
1436 2609 1479 2640 et

212 2653 382 2698 Gelenii
406 2657 717 2698 Annotationes
738 2671 823 2698 non
845 2656 1011 2698 adsunt.

84 2712 218 2776 1543..
238 2711 406 2754 Parisiis
451 2714 564 2770 apud
610 2713 869 2756 Michaelem
918 2715 1220 2763 vascosanum,
1261 2714 1305 2754 in
1345 2713 1478 2753 forma

139 2782 307 2810 maiore.

272 2825 502 2891 Appositus
538 2827 709 2883 quidem
748 2827 895 2869 titulus
930 2837 1118 2878 testatur,
1157 2827 1325 2868 Livium
1364 2826 1476 2866 hunc

212 2880 411 2936 prodiisse
463 2883 660 2924 ‘Parisiis
707 2884 819 2940 apud
864 2885 1123 2925 Andofinum
1167 2884 1348 2924 Parvum
1399 2883 1475 2921 sul)
