1888 3194
383 175 467 218 478
879 171 1290 214 PRAEFATIO

385 279 546 321 editore
574 278 821 329 Oxoniensi,
850 278 1005 322 deinde
1039 294 1063 320 a
1093 277 1319 320 Schaefero
1351 292 1405 319 ex
1438 277 1569 333 ipsius
1597 276 1783 318 Ernestii

385 348 562 398 schedis,
595 348 780 404 denique
813 363 837 389 a
868 356 1026 388 memet
1058 347 1148 403 ipso
1181 362 1234 387 ex
1266 345 1440 388 Mtssleri
1473 354 1515 387 et
1549 344 1784 386 Gersdorfii

386 415 629 457 adversariis
674 415 945 457 emendatum
990 414 1266 471 plurimisque
1312 413 1618 455 accessionibus
1666 412 1784 454 locu-

386 484 590 540 pletatum
631 499 720 525 esse
761 492 934 525 constat.
1005 482 1313 524 Nitidissimam
1353 498 1478 538 porro
1518 481 1783 537 eandemque

387 552 739 594 accuratissimam
776 552 888 592 Livii
924 551 1155 592 editionem
1191 550 1491 591 Lallemandus
1527 549 1689 606 paravit
1727 555 1783 598 et,

387 635 516 676 quum
563 620 676 661 locos
721 619 963 674 permultos,
1011 618 1187 659 aliorum
1236 618 1485 674 plerumque
1531 616 1785 659 coniecturis

387 688 622 736 obsecutus,
657 687 701 726 in
733 686 945 741 integrum
982 685 1243 734 restituisset,
1278 686 1558 727 mutationum
1595 684 1786 727 omnium

386 756 592 797 rationem
613 754 655 794 in
679 754 789 794 notis
810 753 984 794 adiectis
1006 753 1116 794 bona
1135 753 1219 793 fide
1241 752 1437 793 reddidit.
1505 752 1786 793 Saluberrimo

386 822 542 864 deinde
573 821 760 870 consilio,
789 821 892 861 dum
926 820 1039 861 Livii
1073 819 1356 861 Historiarum
1388 819 1484 861 libri
1516 834 1613 860 cum
1641 818 1787 860 Frein-

387 890 538 932 shemii
602 889 915 945 Supplementis
970 888 1239 930 BIannhemii
1298 888 1454 944 pariter
1513 902 1561 929 ac
1611 886 1789 943 Biponti

388 960 584 1008 eduntur,
630 957 839 999 Strothius
885 957 997 998 Livii
1038 957 1428 1012 interpretationem
1473 955 1667 1012 suscepit,
1713 954 1789 996 sed

387 1036 520 1068 morte
562 1034 827 1083 praematura
871 1025 1128 1081 absumptus,
1170 1025 1215 1065 id
1255 1024 1372 1080 quod
1417 1039 1671 1080 magnopere
1712 1022 1790 1064 do-

387 1095 562 1136 lendum
590 1104 665 1143 est,
688 1093 797 1134 ultra
826 1093 979 1134 librum
1009 1093 1206 1148 quintum
1232 1092 1444 1133 decimum
1475 1090 1672 1148 progredi
1700 1105 1789 1132 non

387 1164 536 1220 potuit.
599 1162 652 1203 In
679 1162 770 1203 eius
796 1161 934 1202 locum
965 1161 1107 1210 invita,
1131 1168 1178 1201 ut
1209 1161 1340 1210 aiunt,
1364 1160 1562 1201 Minerva
1591 1158 1791 1200 successit

389 1231 661 1287 Doeringius,
684 1230 758 1286 qui
782 1230 894 1270 Livii
925 1230 1156 1270 editionem
1188 1245 1211 1270 a
1242 1228 1428 1270 Strothio
1459 1228 1700 1269 inchoatam
1729 1226 1790 1268 ita

389 1298 653 1341 continuavit
683 1306 726 1339 et
757 1297 1019 1338 circumactis
1051 1297 1223 1338 demum
1254 1297 1386 1337 tribus
1417 1303 1459 1337 et
1487 1295 1638 1351 viginti
1669 1294 1790 1336 annis

389 1366 579 1416 absolvit,
617 1374 676 1415 ut,
714 1380 847 1421 quum
888 1364 1103 1406 doctrinae
1147 1364 1334 1420 alioquin
1374 1371 1584 1419 spectatae
1625 1362 1791 1418 copiam

389 1434 468 1476 hac
501 1434 546 1474 in
576 1449 620 1474 re
652 1432 881 1474 desiderari
913 1447 1056 1487 passus
1087 1432 1151 1481 sit,
1182 1440 1323 1472 utrum
1354 1431 1467 1472 Livii
1497 1431 1627 1486 ipsius
1653 1430 1790 1472 vicem

389 1502 556 1559 gravius
591 1500 744 1549 doleas,
783 1515 836 1541 an
870 1499 1041 1540 editoris
1069 1499 1371 1555 negligentiam
1402 1499 1695 1541 vehementius
1724 1498 1792 1540 in-

387 1570 585 1626 digneris,
631 1569 702 1609 vix
744 1567 858 1624 apud
897 1568 1085 1609 animum
1128 1577 1309 1609 statuere
1350 1567 1493 1623 possis.
1557 1567 1704 1623 Atque
1744 1567 1792 1607 in

387 1638 567 1680 eandem
589 1637 673 1678 fere
697 1636 918 1677 doctorum
946 1635 1317 1692 reprehensionem
1346 1635 1522 1676 incurrit
1543 1635 1789 1692 Rupertius,

391 1706 478 1763 qui,
511 1705 611 1747 licet
643 1719 797 1761 magno
830 1704 949 1745 hiatu
983 1704 1275 1760 promisisset-³,
1313 1719 1401 1746 sese
1434 1705 1696 1754 effecturum,
1729 1711 1789 1754 ut,

390 1774 464 1830 qui
507 1788 581 1814 sua
630 1772 816 1814 editione
870 1780 1023 1821 utatur,
1065 1787 1319 1828 quacunque
1366 1772 1447 1813 alia
1490 1772 1611 1813 facile
1660 1771 1793 1828 possit

390 1856 543 1891 carere,
579 1856 858 1897 praepropera
900 1849 1042 1882 tamen
1072 1841 1337 1882 festinatione
1368 1848 1411 1881 et
1442 1840 1662 1881 temeraria
1691 1855 1793 1882 con-

390 1908 574 1951 iectandi
604 1908 780 1949 libidine
812 1916 874 1949 tot
907 1923 954 1949 ac
988 1908 1114 1949 tantis
1146 1908 1374 1964 implicitus
1406 1916 1470 1949 est
1499 1908 1722 1958 erroribus,
1744 1915 1793 1949 ut

391 1976 728 2026 commentarius,
753 1991 881 2032 quem
910 1991 964 2016 ex
985 1975 1324 2017 Drakenborchii
1353 1983 1396 2016 et
1420 1983 1655 2016 ceterorum
1678 1975 1793 2017 Livii

392 2045 672 2101 interpretum
709 2043 1049 2084 annotationibus
1085 2043 1400 2092 consarcinavit,
1436 2042 1507 2083 vix
1542 2058 1590 2084 ac
1630 2058 1684 2085 ne
1718 2044 1793 2086 vix

395 2112 570 2168 quidem
606 2112 759 2167 dignus
796 2119 915 2160 esset,
954 2111 1027 2166 qui
1065 2111 1261 2152 Lutetiae
1298 2110 1552 2152 Parisiorum
1588 2126 1793 2168 recoque-

394 2189 520 2221 retur.
580 2179 801 2221 Lemarius
823 2179 950 2228 enim,
974 2178 1332 2234 quemadmodum
1353 2178 1398 2218 in
1419 2178 1595 2220 edendis
1615 2179 1794 2221 aliorum

394 2247 643 2302 scriptorum
695 2246 983 2287 Romanorum
1044 2247 1159 2288 libris
1219 2247 1429 2288 editorum
1480 2248 1792 2290 Germanorum

395 2313 548 2354 scrinia
579 2313 832 2368 compilavit,
859 2314 918 2354 ita
951 2314 1076 2355 etiam
1110 2314 1367 2370 splendidae,
1391 2330 1519 2371 quam
1550 2316 1791 2372 nuperrime

395 2380 568 2437 paravit,
605 2380 718 2422 Livii
753 2381 931 2422 editioni
966 2382 1178 2438 integrum
1213 2382 1409 2439 Rupertii
1444 2384 1794 2425 commentarium

396 2463 493 2490 cum
521 2447 684 2490 selectis
712 2449 888 2490 aliorum
916 2450 1194 2506 interpretum
1221 2451 1562 2492 annotationibus
1588 2451 1790 2501 inseruit3

395 2515 545 2557 melius
584 2515 699 2556 haud
740 2516 867 2557 dubie
909 2517 962 2558 de
1006 2518 1130 2559 Livio
1171 2518 1409 2568 meriturus,
1450 2518 1486 2559 si
1530 2526 1695 2560 textum
1739 2518 1794 2560 ad

398 2583 562 2625 codices
590 2583 815 2633 Parisinos,
846 2585 997 2640 quibus
1024 2585 1069 2625 in
1097 2586 1280 2641 speciem
1309 2585 1440 2642 magis
1468 2600 1595 2641 quam
1623 2601 1667 2627 re
1695 2601 1794 2628 vera

397 2665 495 2692 usus
516 2658 591 2700 est,
614 2650 856 2706 diligentius
878 2653 1095 2708 exegisset.

459 2717 601 2759 Multo
634 2718 811 2759 maiores
844 2718 971 2774 igitur
1001 2719 1146 2760 laudes
1179 2728 1221 2760 et
1252 2720 1408 2775 gratiae
1441 2728 1539 2761 sunt
1573 2720 1793 2763 habendae

594 2876 612 2906 3
640 2867 679 2898 In
699 2867 869 2898 Prooemio
886 2868 925 2898 de
942 2866 1026 2899 Livii
1043 2866 1108 2898 vita
1124 2871 1156 2898 et
1174 2867 1320 2899 Historia
1336 2869 1488 2900 Romana
1503 2879 1534 2910 p.
1555 2876 1603 2910 70.
