1888 3194
643 197 933 238 INDEX.

145 275 268 318 giosum
287 279 336 309 est
355 285 386 315 2,
401 282 430 316 5.
455 274 545 306 &tris
563 273 699 306 selibrae
713 273 763 305 M.

146 319 272 352 Manlio
286 320 380 350 datae
394 325 426 357 5,
440 324 491 357 47.

103 360 222 394 Fasces
250 371 314 393 non
337 361 432 392 ambo
458 359 603 391 consules
627 357 660 389 in
686 358 764 389 urbe

145 404 266 436 habent
286 413 316 442 2,
333 413 359 434 1.
382 402 504 443 populo
523 401 670 433 submissi
689 411 709 432 a
725 401 763 432 P.

145 446 277 478 Valerio
297 453 325 485 7.
348 446 433 485 capti
453 455 474 476 a
494 444 622 482 Poenis,
643 453 765 484 ponun-

143 491 198 520 tur
220 492 296 520 ante
323 487 464 519 tribunal
488 486 689 528 imperatoris
715 494 766 525 25,

147 529 195 562 16.
223 541 244 562 a
268 530 475 562 multitudine
498 529 658 561 concitata
682 529 765 560 fran-

143 576 307 614 guntur2
323 581 372 613 55-
396 581 426 612 3
441 583 492 622 49·

102 614 217 647 Fastos
237 615 321 647 circa
339 617 442 647 forum
465 616 498 646 in
520 616 594 647 albo
616 615 765 664 proponit

143 658 287 696 Flavius,
298 662 345 698 ut,
355 659 483 699 quando
498 659 568 699 Iege
583 658 633 698 agi
649 662 765 698 posset,

143 701 277 732 sciretur
301 711 332 743 9,
358 700 407 740 46.
439 701 522 739 fasti,
546 701 579 732 in
606 711 686 741 quos
710 711 765 732 no-

143 744 233 775 mina
244 744 411 775 consulum
423 744 679 783 dictatorumque
691 754 764 774 cum

144 796 254 861 agrum
274 787 368 819 rebus
386 787 481 827 gestis
500 787 718 818 referebantur
733 797 764 828 9,

148 839 161 860 1
188 853 196 862 .

103 871 227 904 Fauces
245 873 286 904 ad
302 872 506 913 Antigoniam
528 881 578 911 32,
595 882 623 912 5.
648 872 764 903 Isthmi

145 924 195 947 21.
218 915 418 946 Thessaliam
440 916 480 946 ab
501 914 695 946 Athamania
718 915 763 946 di-

144 957 290 990 videntes
319 967 370 997 32,
403 967 449 996 14.
484 967 567 998 quae
595 958 701 989 ferunt
730 958 762 988 in

146 1000 272 1041 Tempe
288 1010 406 1049 33,13

102 1042 226 1074 Faucia
240 1044 325 1075 cun'a
341 1053 372 1085 9,
388 1043 437 1082 38.

102 1085 208 1117 Fauni
222 1086 328 1123 aedes,
343 1085 450 1116 facta
441 1096 474 1116 111
488 1085 594 1117 insula
611 1096 651 1117 ex
669 1096 763 1126 pecu-

144 1128 198 1160 nia
231 1128 411 1160 multaticia
445 1137 496 1168 33,
527 1138 577 1166 4²·
619 1129 766 1160 dedicata

101 1213 249 1252 Faveria,
263 1213 419 1254 oppidum
442 1212 568 1252 Istriae,
588 1213 618 1244 vi
641 1214 766 1254 capitur

144 1265 166 1288 a
180 1256 336 1288 Romanis
351 1265 467 1305 41,15

101 1298 288 1338 Faustulus,
299 1299 376 1340 regii
392 1298 514 1339 pecoris
527 1299 687 1340 magister,
700 1299 766 1331 Ro-

143 1342 224 1373 muli
239 1346 272 1374 et
287 1342 385 1374 Remi
405 1346 544 1373 servator
561 1346 594 1373 et
614 1343 767 1374 educator

149 1394 178 1424 1,
193 1396 224 1424 4,
240 1394 268 1426 5-

103 1427 243 1459 Facibus
256 1427 441 1459 ardentibus
455 1432 578 1460 armata
592 1428 767 1459 multitudo

146 1480 178 1509 4,
193 1479 243 1510 33.
266 1470 388 1502 facibus
401 1471 584 1502 ardentibus
599 1471 767 1512 anguibus-

146 1522 210 1553 que
232 1513 382 1553 praelatis
401 1514 580 1545 sacerdotes
600 1513 767 1554 Tarquini-

147 1555 272 1587 ensium
287 1555 423 1587 militem
438 1557 532 1588 Rom.
545 1560 664 1587 terrent
678 1564 706 1595 7,
721 1565 767 1595 17.

104 1597 278 1630 Fetialium
304 1598 513 1630 caerimoniae
535 1599 567 1630 in
591 1599 768 1630 sanciendis

146 1641 326 1672 foederibus
345 1651 371 1679 1,
383 1651 432 1679 24.
454 1652 484 1683 9,
501 1650 529 1680 5.
552 1642 583 1672 111
599 1641 768 1673 indicendo

145 1684 233 1716 bello
258 1694 284 1721 1,
307 1693 356 1723 32.
387 1684 511 1715 fetiales
534 1685 705 1715 mittuntur
727 1685 768 1715 ad

145 1737 196 1758 res
215 1727 405 1768 repetendas
419 1739 450 1765 4,
467 1736 516 1766 30.
542 1735 570 1767 7,
585 1726 616 1765 6,
631 1738 662 1768 9,
682 1726 719 1758 16
737 1731 769 1758 et

147 1778 199 1809 32.
222 1770 253 1808 8,
275 1779 324 1801 22.
347 1780 379 1810 9,
398 1778 448 1808 45.
477 1779 524 1807 1ο,
548 1779 593 1801 12.
621 1770 769 1801 iubentur

146 1812 194 1844 ire
207 1813 248 1844 ad
264 1813 377 1844 foedus
392 1813 567 1844 feriendum
585 1822 635 1852 30,
652 1822 701 1852 43.
724 1814 768 1844 fe-

147 1854 273 1886 tialium
311 1855 479 1895 collegium
517 1856 697 1886 consultum
729 1856 769 1887 de

147 1897 270 1929 ratione
284 1897 444 1929 indicendi
461 1899 537 1929 belli
553 1907 604 1938 31,
619 1898 648 1930 8.
673 1898 724 1938 36,
740 1908 768 1938 3.

105 1940 247 1978 Felsina,
262 1941 417 1981 oppidum
434 1950 485 1980 33,
502 1950 551 1981 37.

106 1983 283 2015 Fenectani
299 1984 403 2024 campi
419 1984 450 2021 8,
471 1993 516 2015 12.

106 2025 234 2058 Feralia
249 2035 300 2066 35,
319 2034 346 2065 7.

105 2068 298 2101 Ferentinae
323 2069 413 2100 lucus
436 2079 463 2106 1,
484 2079 524 2107 50
546 2074 577 2100 et
599 2078 649 2109 52.
675 2078 703 2110 7,
721 2078 769 2110 25.

148 2111 322 2143 Ferentina
342 2122 426 2152 aqua
446 2122 472 2150 1,
487 2121 537 2151 51.
562 2113 770 2144 Ferentinum

149 2159 248 2195 caput
263 2164 294 2193 2,
311 2155 360 2195 38.

106 2196 327 2236 Ferentinum,
343 2197 452 2238 oppid.
469 2209 499 2236 4,
516 2207 551 2238 51
571 2202 602 2229 et
617 2197 668 2230 61.
695 2207 722 2238 7,
713 2209 769 2240 ,9

150 2239 190 2272 cf.
206 2244 238 2271 et
257 2250 305 2278 10,
321 2249 370 2279 34.
395 2249 445 2280 32,
464 2251 490 2272 2.

107 2281 282 2314 Ferentani
297 2293 371 2323 pop.
387 2293 418 2325 9,
435 2283 479 2315 16.
497 2294 569 2314 cum
585 2283 771 2315 Ferentanis

150 2335 215 2356 uno
229 2326 369 2357 secundo
385 2326 505 2366 proelio
517 2327 689 2358 debellavit
706 2328 769 2358 Au-

152 2367 226 2405 lius,
242 2367 317 2400 ibid.
339 2379 358 2399 a
376 2369 562 2400 Ferentanis
583 2380 700 2400 nomm
723 2370 772 2401 ius

151 2414 323 2448 tentatum,
346 2415 381 2442 ut
410 2410 527 2448 Latini,
549 2413 602 2451 qui
629 2413 661 2443 in
687 2413 770 2443 colo-

149 2452 238 2484 niam
260 2453 439 2484 Romanam
457 2454 585 2485 nomina
600 2455 772 2494 dedissent,

152 2495 238 2527 cives
254 2496 392 2527 Romani
409 2502 513 2527 essent
529 2506 579 2535 34,
596 2507 645 2535 41.

109 2537 307 2571 Ferentinati
330 2540 450 2580 populo
472 2550 547 2571 sune
566 2540 650 2580 leges
671 2539 772 2571 reddi-

151 2584 204 2613 toe
218 2591 249 2624 9,
265 2591 314 2622 43·
339 2583 378 2614 cf·
394 2586 425 2613 et
442 2592 492 2621 34,
509 2591 558 2620 42·

109 2623 297 2663 Ferentum,
316 2624 381 2657 sive
403 2625 590 2663 Forentum,
610 2625 719 2666 oppid.
742 2635 773 2667 9,

154 2676 203 2699 2ο.

110 2708 224 2742 Feriae
253 2720 310 2752 per
332 2721 446 2742 novem
472 2711 540 2742 dies
562 2716 664 2748 actae,
688 2712 772 2751 quod

152 2752 314 2792 lapidibus
343 2754 474 2794 pluisset
506 2763 532 2791 1,
558 2763 607 2793 31.
640 2764 696 2794 per
721 2754 773 2784 tri-

153 2794 253 2826 duum
274 2805 305 2835 3,
320 2805 348 2836 5.
370 2797 518 2828 feriarum
538 2797 772 2828 constituenda-

154 2846 224 2868 rum
247 2848 342 2869 caum
363 2839 500 2871 dictator
522 2845 646 2871 creatus
674 2849 702 2880 7,
727 2842 774 2871 28.

155 2878 252 2910 seriae
271 2879 405 2913 Latinae
426 2890 511 2922 5,17
531 2887 564 2913 et
589 2892 634 2924 ¹9·
659 2892 710 2919 21,
724 2882 775 2922 63.

157 2930 210 2959 22,
230 2931 254 2954 1.
279 2931 330 2963 32,
349 2932 374 2955 1.
397 2925 438 2955 ob
453 2928 555 2956 terrae
575 2929 698 2956 motum
720 2935 777 2965 per

848 273 916 304 dies
936 274 1251 316 duodequadraginta
1269 284 1320 316 35,
1340 287 1389 316 4ο.
1416 288 1468 311 va-

847 316 999 348 letudinis
1015 318 1128 359 populi
1148 328 1245 350 causa
1260 318 1398 352 indictae
1416 331 1468 360 42,

850 367 878 389 2.

808 400 964 432 Feroniae
981 401 1091 433 fanum
1115 413 1143 441 1,
1158 412 1208 443 30.
1232 403 1324 435 lucus
1343 408 1374 435 et
1389 409 1467 437 tem-

849 443 941 484 plum
964 443 1013 482 26,
1039 454 1085 476 11.
1111 455 1161 485 27,
1182 457 1211 484 4.
1238 447 1333 478 aedes
1352 447 1385 477 in
1408 448 1469 479 Ca-

849 490 965 526 penate
989 495 1040 526 33,
1058 485 1104 518 26.
1131 488 1287 520 Feroniae
1310 490 1430 520 donum
1450 500 1470 520 a

850 528 1005 560 libertinis
1018 530 1205 561 mulieribus
1219 532 1330 562 datum
1349 541 1399 570 22,
1418 542 1442 563 1.

808 571 971 603 Fen-ariae
991 576 1022 603 et
1042 574 1238 613 argentariae
1257 574 1289 605 in
1311 574 1471 615 Hispania

850 623 902 654 34,
918 624 967 646 ²1·

809 657 1026 688 Fescenninus
1040 668 1146 689 versus
1163 667 1191 699 7,
1209 668 1236 690 2.

809 700 941 731 Festum
952 701 1079 732 Dianae
1090 711 1146 742 per
1157 702 1298 733 triduum
1308 701 1471 743 Syracusis

852 752 903 782 ²59
920 752 968 783 ²3⁴

808 785 932 817 Fibulis
947 786 1057 818 donati
1072 787 1195 827 equites
1212 796 1263 829 39,
1279 796 1329 826 31.

807 828 928 860 Ficana
948 834 1043 870 capta
1059 831 1100 860 ab
1122 831 1224 869 Anco,
1240 834 1272 861 et
1291 831 1366 862 inde
1387 830 1471 863 cives

849 872 986 903 traducti
1002 881 1028 910 1,
1045 881 1094 912 33.

807 913 963 945 Ficulnea
989 919 1080 946 vetus
1108 926 1128 946 a
1157 915 1334 956 Tarquinio
1361 915 1470 948 Prisco

848 961 944 997 capta
963 967 990 996 1,
1006 959 1055 997 38.

808 998 1086 1039 Ficulnensis-via,
1101 1011 1182 1041 quae
1196 1005 1308 1042 postea
1328 1001 1471 1034 Nomen-

849 1046 925 1073 tana
942 1052 971 1083 3,
988 1052 1036 1082 52.

808 1084 905 1116 Ficus
921 1085 1105 1117 Ruminalis
1127 1096 1154 1125 1,
1170 1097 1198 1125 4.
1221 1087 1263 1118 ad
1277 1097 1348 1118 eam
1364 1087 1472 1120 simul-

850 1138 923 1158 acra
948 1128 1129 1167 infantium,
1151 1130 1350 1161 conditorum
1376 1130 1472 1168 urbis,

850 1171 909 1201 sub
919 1171 1069 1202 uberibus
1083 1172 1180 1211 lupae
1195 1173 1298 1212 posita
1317 1182 1365 1211 10,
1382 1182 1431 1212 23.

808 1211 903 1243 Fidei
923 1213 1067 1245 sollenno
1082 1223 1102 1244 a
1117 1214 1150 1245 N
1154 1224 1228 1245 uma
1248 1196 1434 1255 Pompilio
1424 1226 1471 1246 m-

851 1255 999 1286 stitutum
1018 1266 1045 1294 1,
1062 1266 1110 1288 21.
1133 1256 1166 1287 in
1182 1258 1278 1288 fidem
1293 1268 1326 1289 se
1345 1258 1474 1298 permit-

849 1301 954 1330 tentes
979 1309 1042 1338 quo
1066 1299 1134 1330 iure
1156 1300 1274 1331 fuerint
1296 1301 1383 1341 apud
1406 1301 1472 1332 Ro-

851 1351 962 1372 manos
978 1340 1029 1380 36,
1047 1341 1094 1373 28.

810 1383 965 1422 Fidenae,
983 1384 1108 1415 colonia
1127 1384 1347 1416 Romanorum
1375 1395 1402 1424 1,
1425 1394 1474 1426 27.

852 1439 884 1466 4,
910 1435 955 1467 17.
979 1427 1132 1458 deficiunt
1149 1428 1191 1459 ad
1210 1428 1374 1467 Veientes,
1395 1428 1473 1461 ibid.

853 1470 1024 1510 capiuntur
1038 1481 1068 1508 4,
1085 1480 1135 1508 22,
1151 1479 1189 1510 33
1206 1474 1238 1502 et
1254 1480 1303 1511 34.

811 1511 983 1543 Fidenates
1005 1513 1126 1543 bellum
1153 1513 1293 1545 inferunt
1319 1513 1476 1546 Romanis

857 1564 884 1593 1,
922 1565 967 1594 14.
1007 1555 1186 1592 vincuntur,
1221 1556 1297 1588 ibid.
1334 1557 1473 1588 alterum

854 1608 927 1628 cum
950 1598 1105 1629 Romanis
1123 1599 1244 1630 bellum
1265 1608 1312 1639 27.
1346 1599 1474 1630 vincun-

853 1643 916 1678 tur,
927 1641 1002 1672 ibid.
1023 1641 1207 1672 obsidentur
1217 1651 1247 1680 2,
1262 1651 1307 1683 19.
1324 1642 1474 1673 occidunt

854 1683 974 1723 legatos
991 1684 1210 1715 Romanorum
1224 1696 1254 1723 4,
1270 1694 1316 1724 17.
1340 1685 1475 1725 popula-

853 1726 952 1757 bundi
968 1727 1164 1757 descendunt
1181 1727 1212 1758 in
1228 1737 1337 1768 agrum
1355 1728 1476 1759 Roma-

853 1779 930 1800 num
956 1779 1004 1801 21.
1038 1769 1217 1808 vincuntur,
1238 1770 1396 1810 multique
1418 1771 1476 1802 sub

854 1822 969 1843 corona
985 1813 1218 1843 venumdantur
1233 1822 1283 1851 33,
1299 1822 1349 1852 34.

813 1855 840 1886 F
843 1855 926 1893 ilius,
942 1855 1031 1885 cuius
1054 1860 1145 1895 pater
1167 1855 1200 1886 in
1225 1860 1385 1895 potestate
1405 1855 1476 1887 hos-

853 1898 946 1934 tium,
964 1898 1109 1928 tribunus
1133 1898 1176 1938 pl.
1198 1903 1254 1929 aut
1274 1898 1386 1930 aedilis
1409 1909 1476 1930 esse

854 1951 917 1971 non
935 1946 1037 1980 potest
1056 1950 1107 1980 27,
1123 1951 1171 1971 21.

813 1984 924 2015 Fimus
940 1984 1077 2014 bubulus
1094 1994 1149 2023 pro
1165 1983 1255 2023 lignis
1271 1984 1322 2022 38,
1342 1984 1387 2015 18.

815 2027 943 2058 Finium
962 2026 1000 2056 lis
1021 2026 1102 2057 inter
1125 2027 1343 2057 Romanorum
1363 2026 1474 2064 socios,

856 2074 886 2100 et
912 2073 1004 2108 turpe
1025 2069 1178 2100 iudicium
1197 2069 1416 2100 Romanorum
1435 2070 1476 2101 de

856 2112 905 2142 his
920 2112 1035 2142 finibus
1052 2121 1080 2151 3,
1100 2121 1146 2151 71.

814 2155 1035 2186 Firmanorum
1060 2155 1138 2185 tides
1160 2155 1193 2186 in
1220 2154 1385 2186 Romanos
1409 2156 1475 2186 lau-

856 2199 931 2228 data
949 2206 997 2236 27,
1017 2207 1054 2229 10

816 2240 965 2272 Firmana
981 2240 1092 2271 cohors
1108 2252 1159 2278 44,
1175 2251 1224 2279 4ο.

814 2283 949 2314 Flamen
973 2283 1085 2315 Dialis.
1104 2283 1165 2315 vid.
1183 2283 1294 2314 Dialis.
1317 2283 1431 2314 Martis
1450 2294 1477 2320 1,

858 2336 906 2358 20.
933 2336 982 2368 29,
1011 2335 1056 2357 11.
1082 2335 1133 2365 45,
1164 2335 1210 2365 15.
1242 2325 1420 2362 Quirinalis
1448 2336 1477 2362 1,

858 2379 906 2401 20.
931 2378 961 2408 5,
977 2379 1025 2407 4ο.
1052 2378 1102 2408 24,
1118 2371 1146 2399 8.
1171 2378 1222 2408 37,
1238 2378 1277 2408 47
1296 2374 1328 2399 et
1349 2378 1398 2408 51.
1423 2369 1476 2400 fla-

856 2412 958 2443 mines
973 2412 1062 2452 bigis,
1072 2422 1164 2442 curru
1175 2416 1317 2449 arcuato,
1328 2412 1368 2442 ad
1387 2412 1478 2443 Fidei

857 2455 1026 2486 sacrarium
1050 2454 1120 2485 vehi
1144 2455 1231 2485 iubet
1252 2454 1361 2487 Numa
1384 2464 1410 2492 1,
1429 2464 1477 2487 21.

858 2497 1040 2528 flaminibus
1063 2508 1137 2528 cura
1161 2507 1318 2528 sacrorum
1349 2498 1479 2528 deman-

858 2540 933 2571 data
961 2550 988 2578 1,
1013 2549 1063 2579 33.
1094 2540 1258 2571 flaminum
1286 2540 1478 2571 Vestalium-

858 2593 920 2622 que
935 2583 1107 2623 hospitium
1120 2594 1139 2614 11
1149 2583 1328 2615 Caeritibus
1338 2583 1480 2623 religiose

858 2626 981 2656 cultum
1013 2634 1041 2665 7,
1070 2635 1118 2657 20.
1149 2626 1292 2657 flamines
1320 2626 1429 2656 abesse
1459 2636 1479 2656 a

858 2668 954 2699 sacris
975 2678 1038 2699 non
1062 2673 1204 2708 possunt,
1225 2673 1322 2708 atque
1343 2669 1424 2699 adeo
1447 2668 1477 2698 in

859 2711 1053 2751 provinciam
1070 2711 1114 2742 ire
1136 2716 1282 2743 vetantur
1295 2722 1314 2742 a
1330 2711 1480 2751 pontifice

859 2753 999 2784 maximo
1015 2763 1067 2794 37,
1083 2763 1131 2793 51.
1155 2754 1193 2786 cf.
1210 2759 1241 2785 et
1260 2763 1307 2791 24,
1323 2756 1352 2785 8.

818 2797 854 2829 L.
869 2796 1069 2828 Flamininus
1089 2797 1269 2837 43,11.(10
1289 2795 1401 2826 ceteris
1417 2794 1477 2825 vid.

862 2839 1044 2876 Quinctius.

822 2882 981 2914 Flaminia
999 2886 1135 2923 prata3.
1152 2890 1203 2920 54,
1217 2880 1267 2920 63.
1293 2880 1342 2911 via
1365 2887 1478 2916 22,11,

862 2933 958 2965 39²-
