1888 3194
650 219 671 257 I
697 219 738 256 1<
765 219 804 256 Ι)
832 218 865 256 13
894 219 942 256 21.

146 295 297 329 interficit
312 295 366 328 De
365 293 564 336 xagoridam,
576 294 688 324 urbem
703 303 773 333 pro-

148 341 224 372 dere
241 340 400 371 volentem
365 305 586 375 xagRomanis,
599 335 676 367 ibid.

107 382 258 424 Gortynii
277 380 454 422 quingenti,
469 380 552 410 duce
573 379 723 419 Cydante
742 388 776 410 se

152 416 288 465 iungunt
303 423 459 460 Quinctio
481 389 623 454 consuliy
619 430 671 461 33,
687 430 716 461 3.
737 421 777 453 cf.

148 472 182 499 et
197 475 248 506 37,
263 465 315 498 60

107 510 160 544 Ti.
177 509 354 546 Gracchus,
376 508 520 540 defendit
544 507 594 539 M.
613 506 778 545 Fulvium,

149 552 350 592 triumphum
366 555 531 592 petentem
549 559 600 592 39,
616 558 644 589 5.
669 550 709 580 de
725 549 776 581 Ti.

150 595 275 634 Sempr.
293 594 441 626 Graccho
459 594 520 625 vid.
537 593 756 633 Sempronius.

109 637 315 676 Gracchuris,
339 637 497 678 oppidum
522 635 704 678 Hispaniae
726 645 779 674 41,

110 723 249 755 Graecia
271 722 404 754 ulterior
426 730 455 762 7,
477 721 526 754 26.
554 721 656 753 maior
678 730 730 761 31,
753 729 780 761 7.

152 770 226 807 post
246 766 373 797 cladem
394 766 618 797 Romanorum
638 765 680 796 ad
696 765 780 796 Can-

152 819 222 848 nas,
245 809 354 840 deficit
377 809 418 839 ad
445 809 572 840 Poenos
597 817 647 845 22,
667 806 718 839 61.
747 807 781 838 in

153 851 339 883 servitutem
355 851 477 891 petitur
491 859 544 891 45,
561 860 610 882 22.
633 850 782 881 libertate

153 895 274 926 donata
288 905 309 926 a
325 894 481 925 Romanis
497 903 548 933 33,
564 903 614 933 32.
638 893 783 924 civitates

154 937 217 969 tria.
240 937 360 969 habent
385 937 567 977 principum
591 946 707 976 genera
732 945 783 975 45,

155 989 207 1020 31.
235 991 255 1011 a
282 981 505 1011 Romanorum
531 979 709 1010 fautoribus
735 988 783 1009 ce-

155 1023 216 1055 teri
237 1028 404 1060 vexantur,
419 1023 495 1054 ibid.
520 1022 678 1053 Graeciae
700 1031 784 1052 com-

157 1067 256 1106 pedes
271 1075 429 1105 quaenam
446 1066 539 1096 urbes
551 1069 564 1096 ?
590 1074 640 1104 32,
657 1072 706 1103 37.

116 1109 242 1141 Graeca
258 1108 418 1139 calliditas
433 1118 485 1146 42,
497 1118 548 1147 47.
571 1108 654 1138 fossa
672 1105 784 1145 28,46.

158 1151 304 1183 Graecae
340 1151 469 1181 fabulae
499 1159 548 1189 43.
587 1150 786 1180 Graecarum

157 1193 275 1225 artium
299 1203 396 1233 opera
415 1193 544 1232 quando
568 1193 708 1232 primum
732 1192 786 1223 ad-

158 1236 266 1267 mirati
281 1236 344 1267 sint
360 1236 502 1267 Romani
519 1244 570 1275 25,
587 1245 637 1273 4ο.

118 1279 248 1318 Graeci,
275 1289 353 1320 gens
382 1278 492 1319 lingua
520 1278 621 1318 magis
647 1282 787 1316 strenua,

160 1332 258 1363 quam
281 1321 375 1352 factis
394 1322 425 1360 8,
448 1331 496 1352 22.
524 1321 701 1361 praedones
725 1321 789 1351 suis

161 1365 314 1397 classibus
328 1374 417 1396 mare
435 1365 573 1395 reddunt
591 1364 742 1394 infestum
761 1372 789 1403 7,

163 1417 214 1448 25.
241 1418 306 1439 11011
333 1412 407 1440 sunt
433 1407 604 1438 bellatores
629 1411 713 1438 terra
740 1405 787 1438 26.

162 1451 304 1482 barbaris
322 1454 395 1481 sunt
415 1454 530 1481 natura
550 1450 656 1480 hostes
671 1458 722 1489 31,
740 1459 789 1491 29.

163 1498 238 1526 sunt
271 1493 415 1524 omnium
445 1492 651 1524 eruditissimi
681 1501 732 1533 39,
759 1494 789 1523 8.

164 1546 275 1569 eorum
287 1536 420 1567 annales
436 1535 523 1566 citati
541 1544 592 1575 32,
605 1534 634 1566 6.
659 1534 791 1566 Asiatici

165 1584 240 1611 sunt
260 1579 420 1610 levissima
435 1578 602 1609 hominum
617 1588 744 1618 genera,
760 1582 791 1609 et

165 1622 311 1653 servituti
332 1626 408 1652 nata
430 1620 481 1660 36,
506 1629 552 1661 17.
576 1621 716 1652 Cumani
735 1631 792 1661 pu-

166 1665 251 1696 blice
288 1665 464 1704 loquuntur
501 1663 616 1694 Latine
653 1673 706 1703 40,
743 1673 792 1702 42.

168 1707 286 1739 Graeci
311 1712 433 1747 septem
460 1707 530 1737 libri
552 1707 592 1737 de
616 1706 793 1747 sapientiae

168 1750 340 1791 disciplina
362 1750 483 1780 inventi
505 1750 537 1780 in
559 1751 705 1789 sepulcro
724 1749 793 1780 Nu-

168 1803 242 1824 mae
268 1803 320 1832 40,
344 1803 392 1834 29.
425 1793 558 1823 Graecis
585 1793 684 1823 literis
712 1792 795 1822 Livii

169 1846 250 1867 aevo
268 1836 415 1866 instituta
435 1835 584 1866 iuventus
600 1836 750 1866 Romana
765 1845 795 1877 9,

171 1877 221 1918 36.
256 1879 382 1910 Graeco
412 1878 474 1908 ritu
504 1878 676 1909 decemviri
706 1888 796 1908 sacra

170 1921 293 1953 faciunt
320 1921 478 1961 Apollini,
505 1921 644 1959 Dianae,
673 1927 705 1952 et
736 1921 796 1952 La-

172 1968 268 1996 tonae
300 1973 351 2003 25,
382 1974 428 1995 12.
463 1964 659 1995 Graecorum
691 1964 799 1994 classis

172 2017 260 2038 mare
276 2007 431 2045 Tuscum,
447 2017 599 2047 oramque
619 2007 719 2038 litoris
734 2008 798 2038 An-

171 2050 270 2088 tiatis,
282 2055 315 2081 et
331 2050 455 2081 Tiberis
471 2050 550 2080 ostia
566 2050 693 2080 infestat
709 2058 737 2089 7,
751 2059 766 2080 2
771 2058 799 2089 5.

173 2103 193 2124 a
208 2093 337 2124 Siciliae
353 2093 507 2133 tyrannis,
523 2097 558 2123 ut
577 2093 711 2129 videtur,
727 2093 799 2123 mis-

173 2146 209 2167 sa
225 2135 274 2167 26.
297 2135 362 2166 alia
377 2135 496 2171 classis,
511 2136 551 2166 ad
571 2136 687 2166 Italiae
709 2135 801 2166 litora

173 2179 323 2220 appulsa,
343 2178 431 2218 capit
454 2178 603 2216 Thurias,
619 2179 729 2210 urbem
753 2188 800 2216 10,

176 2231 205 2254 2.
237 2221 315 2252 mari
344 2221 507 2252 Adriatico
531 2222 572 2252 ad
596 2221 671 2252 litus
696 2222 800 2252 Vene-

175 2267 280 2295 torum
298 2264 454 2304 pervenit,
466 2264 573 2304 ibique
589 2265 768 2295 caeduntur
782 2275 802 2295 a

178 2307 344 2338 Patavinis
359 2307 487 2345 Graec1,
502 2307 577 2338 ibid.
602 2307 800 2338 Graecorum

178 2349 328 2380 levissimi
345 2349 475 2389 quique,
492 2350 683 2381 Parthorum
703 2349 801 2381 etiam

178 2392 309 2433 gloriae,
335 2397 445 2423 contra
470 2403 588 2423 nomen
615 2393 801 2424 Romanum

178 2436 288 2467 favent
314 2445 346 2476 9,
377 2435 421 2466 18.
453 2435 597 2466 Graccus
620 2439 652 2466 et
679 2436 804 2467 Graeca

181 2478 243 2509 viri
259 2478 467 2509 defodiuntur
484 2487 534 2515 22,
550 2487 599 2518 57.

137 2521 323 2559 Graviscae,
349 2520 474 2552 colonia
503 2521 535 2551 in
565 2531 640 2561 agro
667 2520 804 2552 Etrusco

181 2574 234 2604 4ο,
251 2573 300 2606 29.
324 2573 376 2603 41,
395 2574 442 2595 20.

139 2607 260 2647 Greges
283 2607 315 2638 in
341 2608 413 2637 luco
433 2607 473 2637 ad
499 2606 650 2638 Laciniae
674 2606 807 2638 Iunonis

181 2649 249 2681 sine
270 2650 403 2680 custode
425 2654 602 2690 pascentes,
617 2654 650 2681 et
666 2650 750 2681 ultro
765 2651 806 2681 ad

182 2693 310 2724 stabula
325 2693 495 2723 redeuntes
513 2702 562 2732 24,
578 2701 606 2732 3.

143 2734 370 2773 Grumentum,
386 2735 550 2766 Lucaniae
574 2735 730 2776 oppidum
758 2744 808 2775 23,

187 2785 237 2817 37·
262 2787 278 2808 2
303 2801 313 2816 9
329 2787 379 2816 4¹·

144 2786 300 2858 Gulussa?
327 2821 411 2852 filius
440 2821 640 2860 Masinissae,
669 2832 688 2853 a
719 2826 808 2862 patre

186 2862 326 2894 Romam
346 2863 483 2895 mittitur
498 2874 550 2902 42,
566 2874 616 2903 23.
638 2865 810 2905 respondet

188 2903 300 2943 legatis
323 2906 633 2946 Carthaginiensium
657 2907 697 2938 de
721 2911 810 2948 patre

188 2947 393 2987 «merentibus
430 2958 478 2987 24.
528 2949 699 2981 dimittitur
735 2960 808 2981 cum

862 293 965 332 donis,
987 293 1065 326 ibid.
1095 293 1177 326 redit
1200 295 1326 335 legatus
1348 296 1492 328 Romam

863 344 915 375 43,
931 344 960 375 3.
983 336 1052 367 eius
1073 337 1106 367 in
1121 336 1403 377 Carthaginienses
1423 349 1491 371 ora-

861 378 920 416 tio,
935 378 1014 410 ibid.

822 420 1038 461 Gymnasium
1061 422 1260 462 Cynosarges
1280 422 1420 454 Athenis
1441 433 1494 463 31,

865 473 916 502 24.
958 464 1127 504 C>larab1s
1159 464 1252 505 Argis
1282 474 1334 504 34,
1369 465 1418 497 26.
1460 466 1495 497 in

863 506 1030 555 gymnasio
1052 507 1152 546 pallio
1173 507 1372 548 crepidisque
1394 508 1495 539 inam-

864 549 977 580 bulare
989 549 1066 580 vitio
1080 550 1238 581 Romanis
1248 551 1496 591 imperatoribus

864 592 976 623 datum
993 602 1045 634 29,
1064 602 1112 634 19.

824 634 965 674 Gyrton,
979 636 1056 666 urbs
1071 634 1124 674 36,
1142 646 1190 668 10.
1215 646 1271 675 42,
1284 644 1334 676 54.

825 677 1000 718 Gythium‚
1029 679 1105 709 urbs
1138 679 1258 717 valida,
1287 679 1498 719 omniumque

866 721 1101 751 maritimarum
1113 732 1219 753 rerum
1231 722 1499 753 Lacedaemoniis

866 764 1108 804 receptaculum
1131 774 1182 804 34,
1200 775 1248 807 29.
1273 765 1398 808 capitur
1417 775 1438 796 a
1456 764 1497 796 T.

870 807 1038 845 Quinctio,
1057 807 1133 838 ibid.
1161 813 1366 848 oppugnatur
1386 818 1407 839 a
1429 808 1497 840 Na-

868 849 954 888 bide,
969 854 1002 880 et
1018 849 1144 890 capitur
1159 859 1210 890 35,
1229 860 1277 891 27.

1141 1022 1189 1054 H.

831 1106 1028 1138 Haliacmon
1045 1107 1162 1138 fluvius
1177 1117 1231 1147 42,
1247 1116 1296 1147 53.

832 1150 1013 1187 Haliartus,
1027 1150 1184 1190 oppidum
1202 1161 1254 1189 42,
1267 1149 1308 1189 46
1324 1155 1356 1182 et
1373 1150 1422 1191 56.
1446 1161 1501 1192 op-

873 1197 1052 1232 pugnatum
1079 1197 1110 1223 et
1138 1198 1269 1233 captum
1297 1204 1316 1224 a
1344 1194 1502 1226 Romanis

873 1234 924 1273 63.
949 1235 1086 1266 diruitur
1101 1246 1121 1266 a
1136 1236 1368 1274 fundamentis,
1383 1237 1460 1269 ibid.

833 1278 986 1309 Haliartii
1004 1288 1056 1316 42,
1073 1290 1122 1316 44.

833 1321 1093 1359 Halicarnassus,
1109 1321 1221 1352 civitas
1237 1330 1289 1361 37,
1309 1331 1346 1353 10
1362 1325 1394 1353 et
1413 1321 1461 1354 16.

834 1364 1136 1395 Halicarnassenses
1151 1373 1204 1404 33,
1221 1374 1270 1396 20.

834 1407 941 1447 Halys
956 1407 1073 1438 fluvius
1089 1407 1140 1446 38,
1160 1406 1208 1445 16,
1226 1416 1263 1446 25
1281 1411 1313 1438 et
1329 1408 1381 1447 38.

835 1449 965 1480 Hamae
991 1451 1108 1481 absunt
1131 1460 1151 1481 a
1174 1450 1287 1482 Cumis
1312 1450 1374 1481 tria
1399 1450 1507 1482 millia

877 1503 1028 1532 passuum
1047 1502 1097 1532 23,
1115 1502 1165 1532 35.
1190 1493 1308 1524 Hamis
1323 1497 1442 1524 statum
1457 1504 1506 1525 sa-

877 1535 1031 1566 crificium
1069 1541 1101 1566 et
1138 1540 1330 1567 nocturnum
1368 1546 1506 1576 sacrum,

878 1578 955 1609 ibid.

837 1620 1019 1659 Hamilcar,
1032 1621 1227 1653 Hannibalis
1243 1626 1343 1662 pater.
1377 1622 1507 1653 Hamil-

880 1674 997 1702 carem,
1012 1664 1189 1705 agitantem
1207 1664 1240 1695 in
1258 1665 1367 1695 animo
1382 1665 1507 1696 bellum

879 1707 1030 1737 adversus
1052 1708 1229 1745 Romanos,
1245 1717 1330 1738 mors
1353 1708 1508 1748 opprimit

883 1759 933 1787 21,
960 1759 986 1787 1,
1009 1759 1025 1780 2
1047 1754 1079 1781 et
1101 1759 1129 1789 5.
1157 1751 1198 1781 ad
1220 1751 1370 1782 Castrum
1385 1751 1508 1782 Album

881 1792 913 1822 in
931 1792 1092 1832 Hispania
1109 1803 1158 1831 24,
1175 1803 1225 1831 41.

841 1835 1021 1873 Hamilcar,
1044 1836 1193 1875 Gisgonis
1213 1835 1309 1873 filius,
1330 1837 1510 1877 praefectus

883 1878 1030 1918 praesidii
1057 1878 1088 1909 in
1113 1878 1220 1909 insula
1243 1879 1371 1917 Melita,
1395 1884 1510 1920 captus

886 1930 936 1957 21,
953 1931 1002 1960 5¹-

844 1964 1024 2002 Hamilcar,
1042 1964 1232 1996 Bomilcaris
1248 1965 1333 1996 filius
1349 1974 1400 2004 23,
1417 1975 1468 2007 49.

845 2007 1015 2038 Hamilcar
1033 2008 1172 2045 Poenus,
1184 2009 1250 2038 dux
1266 2008 1448 2045 Gallorum,
1465 2008 1511 2039 in-

887 2050 974 2080 vadit
1006 2051 1207 2081 Placentiam
1238 2060 1290 2090 31,
1321 2061 1366 2083 10.
1399 2051 1512 2082 exsilio

886 2094 1043 2124 multatur
1072 2104 1091 2123 a
1121 2093 1452 2133 Carthaginiensibus,
1480 2098 1513 2125 et

887 2136 971 2166 bona
991 2136 1059 2167 eius
1082 2137 1286 2177 publicantur
1306 2146 1352 2178 19.
1377 2137 1464 2168 cadit
1479 2137 1512 2168 in

888 2178 1008 2218 proelio
1045 2179 1085 2210 ad
1124 2180 1317 2211 Cremonam
1358 2189 1406 2211 21.
1456 2180 1514 2211 alii

887 2226 1019 2261 captum
1054 2222 1085 2252 in
1123 2222 1244 2262 proelio
1278 2223 1318 2253 ad
1353 2222 1513 2254 Mincium

886 2274 1014 2295 amnem
1045 2266 1176 2296 tradunt
1207 2275 1257 2305 32,
1289 2274 1339 2304 3ο.
1377 2271 1409 2296 et
1437 2270 1514 2296 ante

888 2317 1014 2338 currum
1033 2308 1261 2348 triumphantis
1283 2309 1422 2340 consulis
1437 2309 1513 2339 duc-

887 2353 956 2380 tum
973 2351 1069 2381 fuisse
1086 2360 1137 2390 33,
1155 2361 1204 2390 ²3·

847 2392 1074 2433 Hampsicora,
1091 2394 1240 2434 princeps
1255 2394 1433 2432 Sardiniae,
1449 2404 1515 2425 mo-

891 2436 967 2466 litur
981 2437 1196 2468 defectionem
1210 2447 1261 2477 23,
1274 2446 1325 2476 32.
1349 2437 1516 2469 consciscit

890 2479 949 2509 sibi
965 2484 1099 2510 mortem
1117 2490 1168 2519 41.

850 2520 1030 2561 Hannibal,
1045 2533 1146 2553 annos
1160 2523 1259 2554 ferme
1281 2533 1394 2555 novem
1412 2527 1521 2561 natus,

895 2564 1019 2596 hostem
1040 2576 1074 2596 se
1095 2566 1207 2606 populi
1232 2566 1331 2596 Rom.
1350 2567 1417 2597 fore
1437 2566 1517 2597 iure»

894 2607 1028 2638 iurando
1048 2609 1192 2649 astringit
1216 2618 1266 2647 21,
1292 2619 1316 2640 1.
1345 2609 1519 2649 imperator

894 2650 926 2681 in
953 2651 1057 2681 locum
1084 2651 1298 2682 Hasdrubalis
1321 2652 1463 2683 succedit
1489 2660 1519 2690 3.

893 2692 962 2723 cius
981 2694 1072 2725 dotes
1091 2699 1125 2725 et
1146 2694 1309 2735 ingenium
1331 2706 1358 2733 4.
1383 2705 1431 2725 res
1451 2694 1522 2725 eius

892 2741 1000 2776 gestae
1029 2738 1180 2768 adversus
1211 2738 1311 2768 varios
1339 2737 1518 2777 Hispaniae

895 2779 1033 2819 populus
1053 2789 1083 2819 5.
1107 2780 1285 2820 Saguntum
1307 2784 1471 2820 oppugnat
1487 2777 1519 2809 6.

896 2822 1080 2853 vulneratur
1098 2831 1127 2862 7.
1151 2833 1214 2853 non
1236 2823 1377 2853 admittit
1400 2823 1519 2861 legatos

895 2865 992 2896 Rom.
1005 2866 1036 2896 8.
1059 2870 1187 2896 centum
1204 2865 1433 2904 quinquaginta
1449 2863 1519 2893 mil-

896 2907 940 2938 lia
951 2908 1063 2938 habuit
1078 2908 1110 2938 in
1126 2907 1233 2944 armis,
1245 2907 1319 2939 ibid.
1336 2906 1519 2937 dedendum

896 2959 969 2981 cum
997 2950 1154 2982 Romanis
1183 2954 1289 2982 censet
1319 2949 1441 2981 Hanno
1472 2957 1520 2980 ιο.
