1888 3194
456 190 974 233 FRAGMENTUM
1018 192 1146 235 LIB.
1189 193 1312 235 XCI.
1503 200 1584 238 307

186 280 362 323 scientia
381 280 525 337 opinio
540 281 560 321 ἶ)
619 279 757 336 Atqui
777 280 831 322 de
861 281 932 322 tali
962 289 1164 338 tantoque
1187 283 1275 323 viro
1296 298 1427 339 quum
1455 286 1585 327 multa

186 337 269 379 iam
286 339 338 379 ab
351 337 472 378 initio
495 337 655 393 ‘primo
670 352 748 394 per
762 337 1082 395 ignobilitatem,
1101 339 1257 381 deinde
1274 355 1350 396 per
1366 340 1582 391 invidiam,

187 400 200 419 ‘
214 395 462 451 scriptorum
479 393 612 436 celata
631 395 758 444 sunt,’
781 405 829 437 ut
848 395 992 437 scribit
1011 395 1243 446 Sallustius,
1263 406 1352 438 tum
1374 397 1418 437 in
1440 408 1583 453 postu-

184 466 296 493 mam
326 451 417 493 eius
445 451 599 493 famam
629 451 798 494 videtur
826 452 1005 494 voluisse
1037 453 1163 495 etiam
1194 454 1370 511 grassari
1399 454 1580 505 fortuna,

183 523 329 564 quum,
347 523 456 565 quae
477 508 531 551 de
552 524 616 559 eo,
634 518 682 550 ut
702 509 804 551 alios
823 519 1095 566 praeteream,
1113 511 1425 553 immortalitate
1442 512 1582 568 dignis

181 565 398 607 literarum
428 581 600 608 suarum
636 568 922 609 monumentis
957 567 1176 610 Sallustius
1207 577 1250 610 et
1281 568 1429 610 Livius
1462 584 1581 610 man—

181 621 396 672 daverant,
429 638 479 665 ea
509 623 562 666 de
595 624 735 666 medio
767 639 936 681 prorsus
967 625 1192 667 sustulerit.
1259 626 1422 675 Quanti
1453 626 1582 683 igitur

180 678 262 722 hoc
290 680 672 735 ἀποσπασμάτιον
698 682 940 724 faciendum
971 683 1036 733 sit,
1060 683 1103 724 in
1135 698 1220 739 quo
1249 692 1335 725 tam
1363 684 1579 740 ceteroqui

212 737 346 788 usillo,
368 747 510 780 tamen
536 747 621 781 tam
648 739 780 781 multa
800 740 853 781 de
882 740 1054 782 homine
1083 740 1156 782 illo
1183 740 1462 798 explicantur,
1484 741 1579 783 nul-

180 752 262 836 lius
282 795 421 838 adhuc
438 796 512 853 qui
532 806 682 848 exstet,
699 812 913 854 quemque
930 797 1128 854 equidem
1148 798 1337 849 viderim,
1352 799 1578 855 scriptione

181 853 384 910 cognita?

241 913 388 968 Atque
424 911 528 953 haec
594 911 735 953 uidem
772 927 850 962 res,
888 911 953 954 vel
989 913 1021 954 si
1059 928 1143 954 una
1178 922 1299 963 esset,
1336 913 1577 956 mehercule

180 977 340 1024 quanta
371 969 512 1010 esset?
605 969 659 1010 ed
691 969 773 1010 alia
804 970 977 1026 insuper
1009 971 1216 1012 accedunt
1247 971 1380 1013 nihilo
1414 971 1579 1013 levioris

179 1026 412 1067 momenti:
451 1026 655 1068 nonnulla
683 1026 880 1068 videlicet
911 1028 1083 1069 nomina
1114 1043 1272 1078 eorum,
1296 1029 1368 1085 qui
1403 1028 1576 1071 Sertorii

210 1092 319 1124 artes
357 1084 489 1125 secuti
530 1092 642 1133 sunt,
679 1099 788 1140 quae
829 1084 954 1125 huius
994 1099 1108 1126 nunc
1148 1086 1372 1142 fragmenti
1413 1102 1492 1143 ope
1534 1087 1577 1127 in

179 1097 316 1181 liicem
348 1140 572 1196 prodeunt,
594 1140 754 1197 aliquot
784 1141 911 1182 etiam
945 1141 1198 1198 oppidorum
1232 1158 1280 1184 ac
1310 1143 1574 1199 populorum.

179 1196 308 1238 Adde
330 1198 547 1254 antiquam
574 1197 785 1240 scribendi
814 1198 1178 1249 consuetudinem,
1203 1210 1291 1241 tum
1318 1200 1446 1250 illam,
1469 1215 1576 1257 quae

177 1254 353 1311 singulis
373 1255 510 1297 verbis
529 1270 581 1297 ex
604 1270 732 1306 more,
755 1264 828 1296 aut
858 1255 962 1297 scito
991 1256 1237 1307 scribendis,
1259 1266 1332 1298 aut
1356 1257 1578 1314 interpun-

176 1311 328 1369 gendis
367 1312 622 1363 continetur,
664 1323 707 1354 et
747 1312 1044 1370 ὀρθοὙραφίαν
1083 1329 1293 1365 vocamuS,
1335 1323 1426 1356 tum
1467 1315 1576 1357 hanc

176 1369 365 1420 alteram,
401 1370 535 1412 multo
575 1370 793 1412 latioribus
828 1371 1174 1428 comprehensam
1215 1371 1431 1422 limitibus,
1467 1388 1575 1429 quae

178 1435 310 1469 totam
349 1428 634 1484 scriptionem,
680 1428 855 1486 eiusque
896 1438 1157 1479 contextum,
1198 1430 1576 1480 continuationem,

178 1484 426 1541 dispositum
456 1485 791 1542 contemplatur3
825 1502 910 1543 quo
941 1486 1033 1528 loco
1064 1487 1303 1538 maioribus,
1327 1503 1413 1544 quo
1442 1488 1578 1530 mino-

178 1542 294 1584 ribus
333 1542 464 1584 literis
505 1551 748 1592 uterentur3
793 1559 879 1600 quo
918 1553 1042 1600 pacto
1082 1559 1234 1587 novam
1275 1546 1471 1602 paginam
1512 1546 1577 1587 in-

178 1599 394 1650 choarent,
435 1615 521 1656 quo
562 1616 718 1642 novum
758 1616 952 1651 versum;
997 1602 1169 1658 quando
1211 1603 1575 1659 interpungerent‚

178 1657 351 1714 quando
390 1657 530 1700 literas
565 1658 676 1700 inter
710 1673 754 1700 se
790 1668 1022 1708 necterent,
1059 1659 1230 1757 qpando
1270 1661 1396 1701 etiam
1434 1660 1579 1702 dedita

178 1729 307 1771 opera
345 1715 755 1772 praetermitterent3
808 1724 1031 1773 ceteraque
1110 1717 1204 1758 uius
1249 1718 1425 1772 generis,
1468 1733 1577 1774 quae

179 1787 312 1829 quum
345 1782 443 1814 sunt
479 1774 568 1839 ipsa
602 1788 678 1830 per
713 1788 755 1815 se
793 1773 846 1814 ad
879 1773 1220 1830 cognoscendum
1254 1775 1451 1825 iucunda,
1487 1785 1576 1816 tum

179 1830 390 1871 mirabiles
416 1831 470 1872 ad
492 1831 764 1872 mdicandum
788 1831 841 1872 dc
870 1840 958 1872 toto
985 1831 1065 1873 hoc
1091 1847 1245 1887 genere
1277 1832 1434 1874 habent
1465 1833 1578 1874 utili—

180 1896 313 1937 tates;
346 1903 431 1944 qua
458 1888 510 1930 de
540 1903 583 1930 re
613 1903 698 1930 non
726 1888 916 1945 pluribus
943 1888 1180 1945 disputabo,
1203 1905 1335 1945 quum
1362 1890 1576 1932 neminem

177 1944 364 1986 futurum
396 1946 584 1995 arbitrer,
617 1946 704 2002 qui,
737 1945 863 1987 modo
894 1961 918 1987 a
950 1946 1086 1987 Musis
1117 1962 1202 1988 non
1238 1963 1369 2004 usque
1406 1963 1575 2004 quaque

177 2001 340 2044 alienus
359 2002 425 2052 sit,
448 2018 642 2046 revocare
663 2017 755 2045 eam
778 2003 822 2044 in
844 2003 1021 2045 dubium
1043 2005 1185 2060 possit.

238 2059 324 2102 Sed
358 2059 638 2102 dimittendus
668 2075 712 2102 es
747 2060 988 2117 aliquando,
1022 2061 1177 2103 Lector
1212 2062 1427 2111 benevole,
1461 2063 1575 2118 quod

178 2126 320 2160 tamen
340 2132 443 2174 pace
466 2127 538 2160 tua
558 2133 644 2159 non
667 2126 763 2160 ante
785 2118 948 2168 faciam,
966 2134 1091 2183 quam
1116 2134 1191 2175 pro
1213 2120 1370 2176 patriae
1388 2120 1573 2169 caritate,

177 2189 338 2232 proque
359 2190 455 2217 meo
476 2191 522 2218 er
551 2192 575 2217 a
596 2175 708 2217 illam
732 2176 885 2226 studio,
911 2176 1100 2224 Quirites
1121 2192 1279 2227 omnes,
1301 2179 1413 2219 cives
1445 2193 1571 2227 ῐηοοε,

178 2247 264 2274 non
285 2232 458 2289 quidem
488 2249 511 2275 a
545 2249 751 2283 moneam,
774 2242 847 2275 aut
877 2233 1086 2284 adhorter,
1109 2235 1224 2291 quod
1256 2250 1342 2276 non
1367 2235 1503 2277 debeo
1533 2246 1574 2277 et

178 2304 360 2346 possum,
382 2291 582 2333 maiorem
614 2292 658 2333 in
689 2291 862 2333 modum
895 2292 1110 2333 obsecrem
1147 2301 1274 2349 atque
1308 2293 1506 2343 obtester,
1530 2304 1575 2334 ut

178 2362 232 2389 ne
266 2348 479 2404 patiantur
514 2349 557 2390 in
593 2358 806 2406 posterum
839 2349 1068 2400 thesauros,
1099 2350 1172 2406 qui
1205 2350 1317 2407 apud
1352 2366 1395 2392 sc
1427 2350 1577 2392 delite-

177 2414 313 2455 scunt,
351 2406 515 2448 ostendi
556 2422 604 2448 ac
644 2407 834 2464 patefieri
875 2407 953 2449 sibi
994 2408 1045 2449 ab
1082 2408 1237 2449 exteris
1276 2418 1319 2450 et
1359 2408 1577 2465 inquilinis

177 2461 431 2514 hominibus,
469 2474 511 2505 et
547 2464 697 2506 horum
728 2464 986 2521 diligentiae,
1019 2480 1105 2507 non
1141 2480 1254 2516 suae,
1288 2466 1454 2516 horum,
1491 2482 1575 2508 non

178 2520 263 2562 suis
293 2520 504 2563 laboribus
533 2522 677 2564 deberi
710 2522 1017 2578 praeclarorum
1051 2523 1249 2579 pristinae
1281 2539 1380 2565 suae
1412 2524 1578 2565 virtutis

179 2591 227 2619 ac
257 2578 486 2620 nobilitatis
514 2589 885 2621 monumentorum
914 2580 1212 2622 detectionem.
1278 2581 1495 2624 Gloriatus
1525 2583 1578 2622 sit

179 2634 278 2676 olim
309 2635 476 2687 Cicero,
506 2638 621 2694 quod
644 2637 914 2679 Archimedis
945 2638 1197 2703 sepulcrum,
1229 2639 1444 2696 Syracusis
1475 2639 1576 2680 dum

179 2702 300 2742 esset,
330 2693 601 2750 indagaverit,
631 2695 832 2752 quodque
871 2695 1157 2738 ‘nobllissima
1192 2695 1396 2738 Graeciae
1433 2697 1578 2738 civitas

181 2750 272 2791 ‘sui
305 2751 407 2792 civis
439 2752 564 2793 unius
596 2752 824 2794 acutissimi
859 2763 1180 2795 monumentum
1218 2755 1459 2820 ignorasset,
1498 2755 1576 2794 nisi

182 2806 262 2847 ‘ab
295 2807 464 2850 homine
493 2810 699 2866 Arpinate
731 2810 973 2852 didicisset.'
1036 2811 1183 2861 Nobis,
1212 2828 1244 2853 ει
1280 2821 1420 2852 nostra
1453 2826 1578 2867 opera

181 2871 417 2906 nostrorum
450 2877 726 2909 monumenta
757 2868 798 2908 in
828 2867 965 2909 lucem
995 2869 1282 2917 extrahantur,
1306 2884 1390 2910 non
1420 2879 1501 2910 tam
1536 2868 1576 2908 id

178 2918 403 2975 gloriosum
445 2923 536 2973 erit,
574 2939 699 2979 quam
745 2924 996 2966 inhonorum
1038 2936 1079 2966 et
1123 2926 1360 2981 inglorium,
1397 2927 1428 2965 si
1472 2925 1575 2965 ‹leli-

1325 2996 1350 3022 x
1376 2987 1399 3023 2
