1888 3194
500 184 783 226 LIBROR.
830 183 1130 226 DEPERD.
1427 192 1510 231 235

119 282 338 330 quaestore
359 287 455 314 cum
480 272 670 313 exercitu
694 287 838 313 caesus
858 281 933 314 est.
999 272 1053 320 Q.
1075 271 1286 314 Caecilius
1307 273 1509 317 Metellus

117 329 339 386 proconsul
362 328 598 371 Celtiberos
622 329 786 370 cecidit.
851 330 894 370 A
919 329 972 378 Q,
989 329 1119 371 Fabio
1143 329 1393 385 proconsule
1414 346 1509 387 pars

117 402 159 428 m
245 402 270 428 a
289 386 545 435 Lusitaniae,
571 386 823 443 expugnatis
847 386 1008 443 aliquot
1032 387 1218 437 urbibus,
1240 396 1409 443 recepta
1432 397 1505 429 est.

120 443 170 486 C.
214 443 322 485 ulius
342 452 508 485 senator
531 442 694 485 Graece
714 458 780 485 res
801 443 1015 486 Romanas
1034 444 1189 485 scribit.

751 671 869 714 LIV.

117 786 172 836 Q,
194 785 515 829 POMPEIUS
537 787 682 829 consul
710 787 755 828 in
777 786 986 844 Hispania
1007 787 1294 829 Termestinos
1314 788 1506 845 subegit:

114 859 211 886 cum
239 844 388 886 iisdem
417 853 459 886 et
481 843 756 886 Numantinis
781 859 927 901 pacem
950 860 974 886 a
994 844 1150 901 populo
1174 844 1368 887 Romano
1394 846 1510 887 infir-

114 910 269 943 matam
289 901 400 943 feeit.
463 901 665 943 Lustrum
686 918 711 943 a
730 903 970 944 censoribus
991 902 1210 943 conditum
1231 913 1304 944 est.
1369 902 1511 945 Censa

113 959 268 1000 civium
309 959 448 1015 capita
483 968 671 1000 trecenta
705 959 855 1000 viointi
891 968 985 1000 octo
1020 959 1163 1008 millia,
1200 960 1511 1016 quadringenta

145 1015 393 1071 uadraginta
416 1015 513 1057 duo.
579 1016 726 1064 Quum
755 1016 1042 1057 Macedonum
1072 1016 1199 1072 legati
1229 1027 1508 1073 conquestum

143 1088 166 1114 e
198 1073 253 1114 D.
272 1070 397 1114 Iunio
433 1072 575 1114 Silano
607 1082 799 1128 praetore
828 1074 1052 1122 venissent,
1076 1073 1193 1128 quod
1224 1075 1406 1130 acceptis
1435 1090 1511 1131 pe-

112 1130 248 1171 cuniis
275 1129 533 1186 provinciam
563 1129 792 1186 spoliasset,
815 1138 858 1170 et
885 1139 1054 1171 senatus
1075 1129 1128 1171 de
1154 1131 1335 1185 querelis
1363 1146 1509 1173 eorum

111 1186 238 1228 vellet
276 1201 557 1243 cognoscere3
603 1186 654 1228 T.
688 1186 878 1228 Manlius
914 1187 1170 1242 Torquatus,
1206 1196 1326 1243 pater
1363 1188 1508 1239 Silani,

111 1243 248 1300 petiit,
268 1244 608 1300 impetravitque,
625 1253 673 1285 ut
692 1244 771 1285 sibi
791 1243 977 1300 cognitio
998 1243 1291 1285 mandaretur:
1319 1253 1375 1295 et,
1392 1245 1509 1286 domi

112 1315 236 1343 causa
269 1301 451 1357 cognita,
484 1300 620 1342 filium
655 1300 967 1351 condemnavit,
1004 1301 1326 1357 abdicavitque3
1370 1317 1418 1344 ac
1454 1317 1509 1344 ne

111 1358 250 1400 funeri
278 1358 452 1415 quidem
480 1358 583 1408 eius,
607 1373 740 1414 quum
768 1358 996 1415 suspendio
1022 1359 1151 1400 vitam
1178 1359 1352 1409 finisset,
1379 1359 1505 1401 inter-

112 1415 218 1465 fuit3
250 1415 486 1472 sedensque
515 1416 631 1457 domi
661 1425 912 1473 potestatem
944 1415 1278 1458 consultantibus
1306 1431 1358 1458 ex
1390 1417 1510 1458 insti-

113 1481 207 1514 tuto
228 1473 338 1515 fecit.
384 1473 438 1522 Q.
456 1473 608 1515 Fabius
628 1473 853 1530 proconsul
873 1474 997 1515 rebus
1018 1473 1063 1514 in
1086 1472 1293 1530 Hispania
1312 1489 1510 1530 prospere

113 1530 241 1587 gestis
274 1530 411 1572 labem
446 1531 501 1571 im
537 1531 658 1581 osuit,
693 1546 795 1587 paee
831 1546 928 1572 cum
957 1530 1153 1572 Viriatho
1183 1532 1328 1586 aequis
1364 1532 1511 1573 condi·

116 1587 300 1629 tionibus
329 1587 449 1629 facta.
537 1587 730 1629 'iriathus
760 1603 785 1629 a
814 1588 1110 1644 proditoribus,
1137 1589 1312 1630 consilio
1346 1588 1511 1631 Servilii

117 1645 357 1701 Caepionis,
379 1644 623 1686 interfectus
644 1655 718 1694 est,
741 1654 785 1686 et
805 1646 857 1687 ab
878 1645 1067 1686 exercitu
1092 1660 1167 1686 suo
1193 1645 1373 1686 multum
1395 1661 1511 1688 com-

115 1701 314 1759 ploratus,
336 1717 383 1743 ae
405 1701 602 1743 nobiliter
621 1702 835 1758 sepultus3
869 1702 931 1742 vir
951 1702 1125 1758 duxque
1154 1717 1343 1758 magnus,
1365 1711 1409 1744 et
1434 1718 1512 1759 per

114 1759 453 1858 {Juattuordecim
482 1774 626 1809 annos,
649 1760 802 1816 quibus
830 1774 928 1800 cum
951 1759 1156 1801 Romanis
1185 1759 1341 1801 bellum
1368 1761 1510 1816 gessit,

131 1818 376 1873 requentius
396 1817 595 1873 superior.

766 1987 858 2029 LV.

114 2102 162 2145 P.
188 2102 516 2146 CORNELIO
546 2102 796 2153 NASICA,
824 2103 893 2144 cui
926 2117 1161 2158 cognomen
1198 2102 1399 2159 Serapion
1433 2104 1512 2145 fuit

113 2160 166 2202 ab
186 2160 387 2202 irridente
412 2160 604 2202 Curiatio
627 2161 795 2202 tribuno
816 2160 950 2217 plebis
971 2160 1227 2216 impositum,
1250 2170 1293 2201 et
1315 2160 1369 2202 D.
1387 2160 1513 2202 Iunio

115 2217 250 2260 Bruto
278 2218 520 2260 consulibus
547 2218 758 2260 delectum
791 2217 1055 2267 habentibus,
1079 2218 1122 2258 in
1153 2227 1382 2274 conspectu
1413 2219 1512 2260 tiro-

115 2290 217 2317 num
246 2290 311 2317 res
337 2275 597 2318 saluberrimi
626 2275 809 2332 exempli
837 2275 946 2317 facta
976 2284 1063 2316 est:
1098 2290 1195 2316 nam
1224 2274 1274 2315 C.
1294 2275 1513 2317 Matienus

115 2342 330 2375 accusatus
351 2342 413 2375 est
434 2333 547 2390 apud
570 2334 760 2375 tribunos
780 2332 928 2390 plebis,
951 2332 1066 2388 quod
1087 2332 1320 2373 exercitum
1343 2333 1387 2374 in
1411 2332 1512 2374 His-

115 2390 241 2447 pania
283 2390 559 2433 deseruisset:
613 2391 935 2446 damnatusque,
979 2390 1056 2431 sub
1100 2390 1217 2431 furca
1266 2390 1340 2431 diu
1385 2391 1513 2447 virgis

115 2462 258 2490 caesus
278 2457 353 2498 est,
376 2457 418 2490 et
438 2449 628 2490 sestertio
649 2463 823 2489 nummo
844 2447 986 2489 veniit.
1041 2447 1221 2488 Tribuni
1244 2447 1390 2503 plebis,
1414 2449 1514 2504 quia

115 2519 202 2547 non
222 2506 509 2562 impetrarent,
528 2516 574 2547 ut
590 2506 666 2547 sibi
684 2506 828 2554 denos,
847 2520 952 2562 quos
969 2504 1138 2554 vellent,
1157 2504 1310 2546 milites
1327 2505 1511 2547 eximere

116 2561 273 2612 liceret,
291 2563 482 2605 consules
503 2564 545 2604 in
568 2578 777 2605 carcerem
795 2563 892 2604 duci
915 2563 1136 2603 iusserunt.
1186 2561 1333 2603 Iunius
1356 2562 1514 2604 Brutus

118 2620 261 2661 consul
283 2620 326 2661 in
351 2620 429 2661 His
462 2621 557 2662 ania
583 2621 643 2669 iis,
667 2621 738 2677 qui
762 2621 838 2661 sub
863 2619 1054 2661 Viriatho
1076 2619 1370 2669 militaverant,
1393 2635 1512 2675 agros

118 2685 161 2718 et
187 2677 388 2734 oppidum
448 2678 548 2727 edit,
571 2678 686 2734 quod
710 2677 905 2719 Valentia
930 2687 1122 2718 vocatum
1150 2686 1223 2718 cst.
1288 2676 1349 2718 M.
1370 2677 1513 2733 Popil-

119 2732 198 2774 lius
222 2750 246 2775 ει
269 2734 554 2785 Numantinis,
577 2751 674 2776 cum
696 2735 850 2792 quibus
877 2749 1023 2791 pacem
1046 2734 1197 2775 factam
1226 2744 1394 2776 senatus
1423 2735 1513 2775 irri-

120 2798 203 2831 tam
224 2791 313 2832 fieri
335 2802 567 2842 censuerat,
590 2808 685 2834 cum
709 2793 897 2834 exercitu
919 2792 1033 2832 fusus
1054 2791 1305 2847 fugatusque
1328 2801 1402 2833 est„
1458 2792 1510 2832 (J.

123 2845 303 2889 Hostilio
330 2848 532 2890 Mancino
560 2849 730 2891 consule
759 2850 1032 2897 sacrificante,
1056 2849 1158 2905 pulli
1184 2864 1237 2891 cx
1263 2865 1390 2890 cavea
1414 2864 1511 2889 evo—

121 2902 321 2946 laverunt.
386 2905 702 2949 Consccndcnti
734 2906 890 2949 deinde
923 2906 1075 2954 navim,
1109 2915 1155 2947 ut
1186 2906 1227 2947 in
1263 2905 1512 2961 Hispaniam
