1888 3194
522 202 649 245 LIB.
682 202 850 244 XLIII.
893 202 1039 246 CAP.
1073 208 1112 246 3.
1434 210 1512 249 103

99 294 251 352 9sequi
279 292 475 335 indecore
496 301 539 334 et
559 293 746 349 turpiter.
809 293 1013 335 Turbavit
1032 293 1137 336 haec
1157 294 1328 336 consilia
1350 294 1511 337 Charo-
1527 305 1570 338 U.
1590 306 1629 338 C.
1646 306 1720 347 58¹·

130 367 209 409 pus
238 350 423 407 quidam,
454 350 543 392 eius
575 349 774 407 Charopi,
805 351 878 407 qui
908 351 1058 393 saltum
1089 351 1143 393 ad
1170 351 1313 393 Aoum
1343 367 1509 395 amnem
1523 350 1563 381 A.
1587 349 1626 381 C·
1650 357 1718 389 ¹7¹·

131 409 182 451 T.
209 408 410 457 Quinctio
440 416 585 450 contra
613 407 858 465 Philippum
894 408 1066 450 bellanti
1101 418 1332 466 aperuerat,
1364 425 1507 466 nepos,

128 466 220 508 vilis
239 466 523 522 potentiorum
544 474 784 516 assentator,
801 475 844 508 et
864 466 993 508 mirus
1013 466 1314 508 calumniarum
1335 467 1379 507 in
1400 467 1511 524 opti-

128 537 243 564 mum
263 538 474 580 quemque
495 523 654 565 artifex.
718 523 878 565 Romae
899 524 1100 566 educatus
1120 524 1266 575 fuerat,
1288 524 1435 566 missus
1456 525 1509 567 ab

128 595 205 622 avo
225 580 269 621 in
290 581 449 631 urbem,
468 589 515 622 ut
534 580 721 638 linguam
739 581 974 623 Romanam
995 581 1218 639 literasque
1240 581 1506 639 perdisceret.

128 637 245 680 Hinc
274 648 398 680 notus
428 638 630 695 carusque
659 638 849 695 plurimis
881 639 1182 690 Romanorum,
1209 655 1340 696 quum
1369 655 1509 682 rever-

126 695 244 738 tisset
275 695 460 746 domum,
497 706 646 738 natura
678 696 794 748 levis,
830 706 873 739 et
910 697 1082 754 ingenio
1113 712 1276 755 pravus,
1304 712 1435 754 quum
1465 707 1509 740 et

129 753 323 795 Romana
351 753 391 796 ei
421 754 603 796 amicitia
631 754 786 796 faceret
815 755 986 805 animos,
1008 755 1219 813 principes
1238 755 1348 797 viros
1373 770 1506 812 usque

127 810 353 854 allatrabat.
417 811 501 854 Sed
525 812 658 868 primo
679 812 986 869 despiciebatur
1015 813 1067 855 ab
1094 813 1301 864 omnibus,
1323 828 1401 855 nec
1423 813 1508 855 ulla

128 869 218 911 eius
246 869 350 912 ratio
381 869 619 912 habebatur.
681 870 909 927 Postquam
940 879 1079 912 autem
1109 870 1267 913 bellum
1292 870 1507 913 Persicum

128 927 353 969 conflatum
374 936 448 977 est,
470 943 601 984 quum
630 927 754 984 plena
784 929 924 970 omnia
953 928 1236 986 suspicionum
1262 929 1306 970 in
1330 928 1509 971 Graecia

129 993 278 1034 essent,
305 984 445 1026 multis
469 985 618 1041 palam,
644 985 832 1041 pluribus
862 986 1022 1028 occulte
1044 986 1198 1028 Perseo
1228 986 1506 1036 studentibus,

128 1057 214 1084 non
244 1041 404 1084 destitit
434 1042 665 1098 Charopus,
688 1059 770 1093 eos,
792 1044 866 1100 qui
897 1044 1143 1085 auctoritate
1174 1044 1284 1085 inter
1315 1043 1509 1100 Epirotas

127 1100 403 1156 praestabant,
426 1100 538 1156 apud
560 1099 772 1142 Romanos
802 1101 1024 1143 criminari.
1087 1101 1144 1142 Et
1173 1102 1354 1157 speciem
1375 1117 1509 1158 quan-

127 1156 224 1198 dam
244 1156 509 1214 coloremque
531 1157 655 1200 dabat
675 1158 763 1199 eius
784 1158 1002 1200 calumniis
1023 1173 1073 1200 ea
1102 1158 1378 1209 necessitudo,
1400 1174 1508 1215 quae

126 1214 227 1257 olim
251 1213 441 1271 Cephalo
462 1215 693 1271 ceterisque
723 1215 901 1257 eandem
931 1226 1086 1258 sectam
1113 1216 1385 1273 sequentibus
1412 1231 1508 1257 cum

125 1272 292 1329 regibus
309 1272 593 1315 Macedonum
614 1274 758 1315 fuerat.
821 1273 911 1315 Iam
930 1289 1028 1316 vero
1049 1274 1191 1316 omnia
1210 1273 1376 1316 illorum
1396 1274 1511 1316 dicta

126 1330 317 1387 factaque
339 1330 519 1388 maligne
540 1330 774 1387 explorans,
791 1340 834 1373 et
854 1331 897 1372 in
918 1332 1038 1388 peius
1058 1347 1222 1389 semper
1240 1331 1509 1388 detorquens,

126 1388 429 1445 veritatemque
460 1388 633 1430 adiectis
662 1388 954 1446 detractisque,
984 1405 1091 1446 quae
1119 1389 1319 1440 voluerat,
1348 1389 1511 1431 adulte-

127 1461 236 1496 rans,
264 1446 392 1488 fidem
422 1447 666 1488 criminibus
695 1447 882 1489 faciebat.
946 1446 1100 1504 Neque
1131 1447 1195 1489 his
1225 1457 1366 1490 tamen
1396 1462 1511 1489 com-

127 1504 402 1546 movebantur
439 1503 652 1561 Cephalus
684 1514 727 1546 et
758 1505 801 1555 ii,
836 1505 909 1562 qui
944 1505 1174 1547 eorundem
1213 1506 1258 1546 in
1298 1505 1512 1562 republica

128 1561 396 1603 consiliorum
429 1563 529 1603 socii
560 1572 691 1612 erant,
720 1562 814 1604 'freti
846 1563 1013 1619 egregia
1042 1563 1299 1605 conscientia
1328 1563 1510 1605 illibatae

129 1634 229 1675 erga
248 1619 463 1661 Romanos
484 1619 594 1661 fidei.
655 1619 818 1661 Verum
848 1621 919 1662 ubi
945 1621 1024 1663 illis
1054 1621 1414 1663 criminationibus
1438 1637 1512 1663 au-

129 1691 218 1718 rem
280 1677 447 1718 raebere
479 1677 694 1719 Romanos
725 1687 956 1728 senscrunt,
989 1687 1032 1720 et
1062 1679 1272 1735 principes
1307 1679 1511 1735 quosdam

131 1692 394 1785 Actoibrum,
417 1749 521 1791 quos
551 1736 704 1791 pariter
731 1745 942 1792 suspectos
970 1736 1155 1777 fecerant
1184 1737 1511 1778 obtrectatorum

130 1791 376 1842 calumniae,
401 1792 579 1834 Romam
611 1792 824 1844 abductos,
852 1802 941 1835 tum
969 1793 1140 1835 demum
1171 1809 1275 1850 opus
1305 1809 1392 1835 esse
1423 1808 1513 1836 cre-

130 1849 342 1899 diderunt,
368 1859 416 1891 ut
446 1851 523 1892 sibi
559 1851 636 1907 ipsi
669 1851 836 1907 suisque
873 1852 995 1893 rebus
1025 1851 1300 1893 consulerent.
1366 1851 1511 1900 Quum

130 1916 271 1948 autem
311 1907 417 1948 nihil
451 1920 708 1949 succurreret
749 1917 912 1964 praeter
947 1909 1103 1965 regiam
1139 1909 1378 1959 amicitiam,
1415 1924 1512 1951 cum

129 1964 284 2006 Perseo
300 1965 542 2006 societatem
563 1966 668 2006 inire
684 1967 816 2007 coacti
832 1976 941 2016 sunt,
959 1967 1083 2022 eique
1106 1976 1275 2023 gentem
1297 1982 1414 2008 suam
1431 1976 1512 2008 tra-

129 2022 241 2064 dere.
306 2022 466 2064 Romae
490 2023 543 2064 A.
565 2022 782 2074 Hostilius,
807 2025 859 2064 A.
881 2023 1036 2065 Atilius
1063 2023 1266 2074 consules,
1294 2025 1398 2066 inito
1426 2039 1513 2066 ma-

128 2081 316 2138 gistratu,
353 2089 395 2122 et
425 2081 614 2137 peractis,
647 2097 754 2137 quae
788 2081 929 2123 divina
965 2082 1231 2139 humanaque
1263 2082 1307 2123 in
1338 2083 1439 2123 urbe
1471 2092 1514 2123 et

129 2139 239 2180 circa
260 2139 405 2180 urbem
433 2139 523 2180 fieri
551 2154 575 2180 a
604 2139 843 2180 consulibus
871 2155 959 2180 mos
989 2149 1063 2190 est,
1087 2140 1131 2180 in
1158 2140 1391 2196 provincias
1418 2155 1514 2197 pro-

129 2196 227 2238 fecti
257 2205 365 2238 sunt.
429 2196 647 2247 Hostilius,
679 2198 746 2238 eui
779 2196 1033 2239 Macedonia
1062 2198 1279 2254 obtigerat,
1306 2213 1438 2254 quum
1470 2198 1513 2239 in

131 2254 389 2296 Thessaliam
423 2255 475 2296 ad
503 2256 733 2297 exercitum
771 2265 1022 2312 properaret,
1055 2255 1244 2312 Epirum,
1274 2271 1381 2312 quae
1408 2271 1515 2297 non-

130 2311 232 2354 dum
261 2322 402 2369 aperte
423 2312 643 2363 defecerat,
666 2313 886 2369 ingressus,
909 2313 1023 2355 haud
1045 2313 1223 2355 multum
1244 2314 1387 2364 abfuit,
1411 2314 1514 2370 quin

130 2369 335 2412 incideret
370 2370 413 2411 in
446 2370 589 2412 Persei
623 2386 779 2412 manus.
842 2371 1090 2413 Theodotus
1125 2372 1236 2413 enim
1269 2372 1441 2428 quidam
1472 2381 1515 2413 et

131 2427 420 2478 Philostratus,
444 2429 519 2470 rati
541 2443 642 2478 sese,
664 2429 697 2469 si
720 2444 816 2470 eum
842 2430 928 2486 regi
951 2429 1175 2479 traderent,
1198 2444 1392 2486 magnam
1422 2445 1515 2486 gra-

133 2485 232 2527 tiam
264 2486 375 2543 apud
408 2486 559 2528 Persea
589 2487 776 2537 inituros,
808 2496 850 2528 ct
881 2487 1166 2543 gravissimum
1204 2487 1247 2528 in
1282 2488 1516 2544 praesentia

135 2543 337 2585 Romanis
367 2544 566 2585 damnum
604 2544 800 2595 illaturos,
832 2545 885 2586 ad
916 2560 1055 2601 regem
1086 2545 1225 2586 literas
1255 2545 1422 2595 dedere,
1455 2554 1514 2594 ut,

132 2611 290 2658 quanta
322 2602 503 2643 maxima
537 2611 675 2658 posset
709 2603 934 2652 celeritate,
966 2612 1209 2645 accurreret.
1275 2603 1403 2652 Quod
1438 2603 1515 2644 nisi

133 2668 176 2701 et
198 2660 395 2701 Perseum
419 2660 579 2701 obiecta
600 2676 624 2702 a
646 2660 840 2702 Molossis
865 2661 916 2702 ad
940 2661 1077 2702 Loum
1110 2677 1275 2702 amnem
1307 2676 1423 2703 mora
1452 2676 1517 2702 re-

134 2717 345 2766 tardasset,
378 2728 420 2759 ct
455 2718 613 2768 consul,
650 2719 702 2759 de
736 2719 971 2760 imminenti
1013 2719 1198 2775 periculo
1236 2719 1430 2768 monitus,
1465 2720 1517 2760 ab

134 2774 324 2817 instituto
355 2776 503 2817 itinere
535 2776 785 2826 deflexisset,
812 2777 880 2818 vix
910 2776 1075 2818 videtur
1105 2778 1288 2833 effugere
1321 2777 1515 2833 potuisse.

180 2942 199 2970 ι)
225 2933 378 2964 Turlnwit
394 2935 471 2964 lem-c.
487 2934 636 2973 rausum]
662 2935 764 2968 Haec,
775 2940 805 2965 tt
854 2936 938 2975 lybia
954 2939 986 2966 ct
1004 2935 1147 2967 Diodoro
1163 2935 1403 2973 depromuntur.

139 2984 220 3011 ‹luat-
237 2975 265 3005 in
286 2975 344 3006 huc
361 2977 466 3015 cupite
483 2977 698 3011 inveniuntur.
711 2989 728 3008 e
748 2978 806 3007 Γυ-
