1888 3194
662 212 954 251 INDEX.

156 285 207 327 63.
228 287 357 328 Vorago
368 287 401 318 in
413 287 482 318 foro
497 295 526 327 7,
535 286 566 319 6.
588 287 664 318 Vox
676 287 787 327 ingens

155 330 268 361 audita
282 340 322 361 ex
338 329 458 361 Albani
470 329 589 360 montis
603 330 677 360 luco
696 339 724 367 1,
734 338 784 368 31.

156 372 303 404 coelestis
325 383 365 403 ex
390 372 518 403 Albano
543 375 655 403 monte
676 372 784 410 missa,

155 414 236 445 ibid.
259 425 299 445 ex
315 414 408 445 Arsia
427 414 508 445 silva
529 414 656 446 silentio
679 414 784 446 noctis

155 456 254 495 edita,
268 460 301 488 et
320 456 441 488 credita
460 457 582 488 Silvani
606 467 634 494 2,
654 464 680 496 7.
704 457 783 488 divi-

153 499 241 530 nitus
256 499 370 530 emissa
391 500 432 531 de
452 500 595 531 adventu
611 499 783 531 Gallorum

153 549 185 581 5,
213 551 262 582 32.
299 542 411 573 audita
437 553 455 573 e
481 543 605 583 templo
633 543 784 574 Matutae

154 584 247 616 Deae
274 583 305 622 6,
330 594 380 624 33.
418 586 558 616 Vulcani
584 589 683 626 caput
707 586 783 616 arsit

154 635 208 666 34,
218 635 268 667 45.
289 628 460 659 Vulturius
475 629 614 659 Priverni
624 629 783 668 frequenti

153 670 222 702 foro
246 671 279 701 in
303 672 470 702 tabernam
496 671 626 702 devolat
654 680 704 711 27,
735 681 782 703 11.

154 713 257 745 Caere
281 715 400 745 volavit
422 715 454 745 in
481 715 595 745 aedem
622 714 708 745 Iovis
733 723 783 754 27,

155 765 204 795 23.
230 757 417 797 Prodigium
430 768 450 788 a
465 757 620 788 matronis
635 767 783 797 procura-

153 803 223 830 tum
242 808 293 839 27,
309 809 359 839 37.
383 800 527 840 prodigia
549 810 612 839 quo
628 800 691 830 ritu
713 810 783 840 pro-

153 846 264 873 curata
281 853 331 882 24,
352 853 398 874 ιο.
414 848 446 874 et
463 843 592 883 passim,
607 843 661 873 ubi
678 843 782 883 prodi-

151 886 276 926 giorum
292 886 424 917 mentio.
449 886 501 916 vix
517 885 649 925 expiata
666 894 716 925 27,
734 895 782 925 23.

153 938 206 966 41,
241 938 285 969 19.
324 929 366 960 ad
403 928 546 969 prodigia
575 929 735 959 elicienda
765 939 783 959 e

152 971 315 1002 mentibus
330 971 456 1009 divinis,
471 982 526 1002 ara
546 971 616 1002 Iovi
640 971 745 1002 Elicio
765 982 785 1002 a

153 1013 267 1045 Numa
290 1015 397 1045 dicata
428 1024 455 1052 1,
483 1024 530 1046 20.
567 1014 783 1054 prodigiorum

152 1057 334 1096 procuratio
359 1057 497 1097 pertinet
519 1057 560 1088 ad
584 1057 783 1096 pontificem,

152 1099 228 1131 ibid.
259 1110 369 1130 eorum
394 1100 504 1139 religio
531 1100 646 1130 retinet
671 1110 782 1130 consu-

151 1142 216 1173 lem
235 1151 286 1182 23,
301 1141 351 1181 36.
375 1142 520 1182 prodigia
536 1142 639 1182 (quod
655 1142 782 1173 evenire

151 1184 234 1215 solet
267 1185 364 1215 motis
398 1185 498 1216 semel
533 1185 566 1215 in
596 1184 782 1224 religionem

150 1226 284 1268 animis)
302 1227 408 1258 multa
430 1227 590 1265 nuntiata,
606 1231 638 1258 et
661 1232 782 1258 temere

151 1269 273 1301 credita
289 1279 341 1307 21,
357 1270 408 1301 62.
425 1271 464 1301 cf.
476 1274 508 1300 et
526 1280 578 1308 24,
591 1279 637 1300 ιο.
662 1269 693 1300 in
712 1279 781 1310 pro-

151 1312 243 1353 digiis
254 1313 441 1344 nuntiandis
452 1323 549 1353 prava
561 1312 671 1352 religio
682 1313 781 1343 etiam

151 1355 294 1387 minimis
313 1355 423 1386 inserit
445 1356 534 1387 Deos
555 1363 606 1394 27,
631 1364 679 1394 23.
711 1365 781 1395 pro-

150 1398 238 1439 digia
252 1399 344 1429 nulla
359 1399 535 1429 admodum
549 1397 781 1429 nuntiabantur

151 1440 183 1472 in
201 1441 367 1481 publicum
386 1441 469 1472 Livii
486 1451 566 1472 aevo
583 1450 635 1479 43,
656 1448 701 1479 15.

109 1481 302 1515 Proditionis
324 1494 420 1524 supra
439 1483 643 1524 septuaginta
659 1483 782 1514 Nolani

151 1527 295 1558 damnati
311 1527 412 1558 securi
429 1526 652 1567 percutiuntur
669 1535 719 1565 23,
734 1536 781 1566 17.

110 1570 290 1601 Proditores
319 1569 475 1600 libertatis
501 1570 579 1600 dant
606 1579 726 1609 poenas
753 1578 782 1607 2,

110 1656 234 1686 Proelia
258 1655 429 1687 Gallorum
454 1655 556 1696 prima
579 1655 664 1695 plus,
684 1664 781 1695 quarn

152 1698 302 1736 virorum,
317 1704 477 1739 postrema
493 1698 610 1734 minus,
625 1708 721 1738 quam
738 1697 781 1728 fe-

151 1742 311 1773 minarum
335 1746 417 1772 sunt.
444 1741 505 1772 vid.
525 1741 623 1772 Galli.
656 1741 688 1771 in
712 1742 781 1780 ipso

150 1785 332 1816 discrimine
356 1784 468 1825 proclii
491 1784 616 1823 templa
636 1783 708 1815 Diis
731 1793 781 1814 vo-

151 1828 245 1859 vendi
262 1839 330 1858 mos
350 1837 397 1865 ιο,
414 1837 463 1867 42.

109 1870 258 1908 Proerna,
274 1870 430 1911 oppidum
449 1868 500 1909 36,
521 1879 566 1908 14.

110 1914 363 1945 Promontorium
401 1913 612 1944 Anemurium
648 1921 700 1951 33,
730 1922 782 1944 20.

151 1957 314 1997 Apollinis
337 1966 388 1995 30,
411 1966 460 1994 24.
500 1955 662 1987 Brundisii
685 1965 731 1994 ιο,
754 1965 780 1987 2.

149 2000 320 2032 Calabriae
341 2010 392 2038 42,
411 2002 461 2037 48.
499 1999 707 2039 Calycadnus
731 1999 782 2037 38,

150 2044 200 2082 38.
230 2043 462 2075 Canastraeum
480 2053 532 2081 44,
553 2051 598 2072 11.
629 2041 781 2073 Chelido-

149 2086 222 2117 niae
238 2095 290 2125 33,
308 2095 347 2117 2ο
362 2090 394 2116 et
411 2095 460 2123 4¹·
492 2086 653 2124 Corycum
674 2093 726 2124 37,
747 2094 781 2115 12

149 2133 182 2160 et
197 2139 245 2171 29.
272 2128 406 2160 Iunonis
424 2128 566 2158 Actaeae
583 2136 634 2165 32,
649 2136 696 2166 23.
723 2127 781 2158 Le-

149 2175 223 2203 cton
241 2180 292 2211 37,
309 2180 358 2212 37.
389 2171 532 2202 Leucate
549 2169 600 2207 26,
618 2169 665 2200 26.
696 2170 781 2210 Lily-

149 2215 265 2246 baeum
284 2223 334 2254 27,
351 2223 381 2253 5.
406 2214 535 2245 Maleae
551 2222 603 2251 34,
620 2222 669 2251 3²·
697 2214 780 2243 Mer-

149 2257 229 2289 curii
247 2267 297 2299 29,
315 2266 363 2296 27.
389 2257 557 2288 Minervae
574 2265 625 2294 40,
645 2256 691 2286 18.
718 2256 780 2286 Mi-

149 2300 217 2332 seni
240 2310 291 2338 24,
312 2309 356 2338 13.
393 2300 593 2340 Myonnesus
616 2307 668 2337 37,
690 2307 728 2337 27
750 2303 782 2328 et

153 2352 201 2386 29.
237 2342 380 2383 Pachyni
405 2352 456 2380 24,
481 2350 531 2381 35.
571 2341 703 2372 Phanae
731 2352 783 2380 44,

152 2387 200 2418 28.
239 2385 406 2416 Posideum
427 2396 479 2423 44,
500 2394 545 2415 ιι.
586 2384 714 2415 Pulchri
732 2394 783 2426 29,

152 2437 200 2468 27.
235 2428 375 2469 Pyrenes
400 2426 515 2468 26,19.
547 2427 781 2467 Sarpedonium

151 2473 204 2511 38,
219 2474 269 2511 38.
300 2471 449 2507 Sunium,
466 2469 594 2500 Atticae
613 2474 715 2500 terrae
732 2478 783 2508 32,

155 2523 202 2554 17.
235 2515 383 2546 Toronae
400 2522 451 2552 31,
467 2521 517 2551 45.
550 2512 713 2543 Zelasium
731 2521 784 2551 31,

111 2599 314 2631 Proscenium
339 2600 379 2630 ad
406 2599 519 2630 aedem
547 2598 708 2638 Apollinis
732 2607 784 2636 40,

153 2651 203 2682 51.

112 2685 298 2726 Proserpina
315 2695 366 2725 24,
382 2695 431 2727 39.
463 2684 673 2725 Proserpinae
690 2693 783 2724 pecu-

153 2728 238 2759 niam
256 2729 395 2760 referunt
411 2729 528 2759 fluctus
543 2727 574 2758 in
591 2727 695 2758 vicina
710 2727 784 2757 sano

155 2770 248 2801 litora
265 2780 316 2812 29,
335 2774 381 2802 18.
411 2770 550 2802 thesauri
573 2770 752 2810 spoliantur
767 2779 787 2799 a

154 2814 198 2850 Q.
214 2813 382 2851 Pleminio,
395 2814 557 2854 praesecto
571 2812 680 2844 Locris
694 2822 744 2853 29,
757 2820 782 2851 7.

153 2866 249 2896 super
274 2866 312 2886 ea
341 2866 373 2886 re
401 2855 606 2887 Locrensium
635 2855 784 2896 querelae

160 2901 204 2930 18.
236 2898 373 2938 pecunia
387 2908 426 2929 ex
445 2898 494 2929 his
511 2897 668 2929 thesauris
691 2901 785 2928 nocte

155 2942 237 2973 clam
252 2941 380 2973 sublata
396 2949 448 2980 31,
468 2950 514 2972 ιι.
544 2940 744 2980 mcrilegium
766 2951 786 2970 a

875 289 918 324 Q„
937 288 1084 320 Minucio
1118 290 1378 332 pervestigatum,
1408 303 1504 334 pecu-

872 330 989 370 niaque
1012 341 1051 362 ex
1074 332 1167 362 bonis
1190 334 1358 366 noxiorum
1381 335 1414 366 in
1435 336 1503 367 the-

871 382 980 403 sauros
994 374 1134 413 reposita
1153 383 1200 414 13.

830 415 1011 446 Provincias
1032 416 1116 447 inter
1137 427 1171 448 se
1194 418 1408 450 sortiebantur
1429 431 1501 451 con-

870 458 956 488 sules
975 467 1023 495 10,
1045 468 1095 498 24,
1117 462 1150 490 et
1172 462 1242 490 tota
1263 462 1381 500 passim
1406 463 1503 493 histo-

870 500 925 531 ria.
957 504 1118 540 praetores
1136 511 1186 539 22,
1203 511 1256 541 35,
1277 507 1310 533 et
1332 504 1410 534 alibi
1434 515 1502 544 pas-

870 543 940 574 sim.
972 543 1155 583 provinciae
1175 550 1266 575 extra
1287 546 1431 576 ordinem
1449 547 1502 578 da-

869 589 922 617 tae
946 595 994 624 10,
1017 596 1065 624 24.
1092 587 1142 624 28,
1164 588 1213 626 38.
1239 596 1291 627 37,
1315 598 1341 619 1.
1376 589 1503 629 provin-

870 628 935 659 cias
950 633 1007 660 aut
1022 629 1125 660 sortiri
1140 634 1197 660 aut
1212 640 1398 670 comparare
1422 631 1505 663 inter

869 681 903 702 se
925 672 1072 702 consules
1091 671 1167 703 iussi
1183 680 1236 712 37,
1255 683 1280 705 1.
1318 673 1503 714 provinciae

870 719 1059 755 prorogatae
1078 715 1108 752 8,
1128 724 1166 754 23
1184 720 1216 746 et
1234 715 1282 747 26.
1311 725 1360 754 ιο,
1380 715 1426 748 16.
1452 726 1503 754 22,

871 765 921 796 34.
947 766 998 796 23,
1014 766 1050 797 31
1075 761 1106 788 et
1129 768 1226 798 saepe
1248 759 1337 790 alias.
1368 759 1409 790 de
1432 770 1502 800 pro-

871 799 975 831 vincia
986 800 1141 831 decedere
1156 801 1278 832 iniussu
1293 805 1422 833 senatus
1437 813 1503 834 non

870 842 995 875 licitum
1022 853 1072 885 29,
1096 852 1144 885 19.
1168 843 1229 875 vid.
1246 848 1356 875 tamen
1382 854 1430 883 10,
1455 846 1502 878 18.

870 889 902 916 et
919 894 969 925 27,
982 895 1032 924 42.

831 928 1016 959 Provocatio
1038 929 1079 959 ad
1102 930 1261 969 populum
1285 931 1355 971 lege
1380 931 1504 962 sancita

873 981 902 1009 2,
923 972 952 1003 8.
977 980 1008 1010 3,
1025 979 1074 1010 55.
1103 981 1150 1009 ιο,
1166 982 1195 1013 9.
1226 973 1410 1012 provocatio
1437 984 1502 1005 non

870 1018 918 1044 est
941 1024 960 1044 a
983 1014 1139 1045 dictatore
1162 1025 1190 1053 2,
1210 1016 1246 1046 18
1263 1020 1296 1046 et
1314 1026 1361 1057 29.
1394 1027 1502 1048 crean-

869 1060 922 1087 tur
942 1057 1113 1088 decemviri
1136 1057 1204 1089 sine
1227 1059 1454 1098 provocatione
1471 1068 1502 1099 3,

870 1107 920 1138 32.
955 1100 1020 1137 lex,
1044 1110 1085 1130 ne
1109 1100 1180 1140 quis
1206 1101 1311 1131 ullum
1338 1102 1501 1142 magistra-

868 1145 938 1172 tum
954 1142 1023 1173 sine
1038 1143 1266 1182 provocatione
1282 1149 1422 1176 crearet:
1447 1144 1502 1185 qui

869 1188 1016 1222 creasset,
1039 1195 1112 1215 eum
1137 1185 1186 1216 ius
1209 1186 1321 1226 fasque
1344 1191 1428 1218 esset
1451 1197 1502 1218 oc-

869 1227 931 1257 cidi
950 1236 999 1266 55.
1024 1227 1087 1258 vid.
1103 1232 1213 1259 tamen
1230 1240 1261 1267 4,
1277 1238 1323 1268 13.
1351 1240 1502 1269 provoca-

869 1269 949 1300 tioni
966 1270 1051 1300 cedit
1067 1270 1206 1301 dictator
1222 1272 1253 1309 8,
1269 1281 1318 1311 33.
1351 1282 1502 1312 provoca-

869 1311 914 1342 tio
937 1322 1001 1342 non
1025 1316 1072 1343 est
1096 1313 1220 1353 longius
1245 1315 1286 1344 ab
1310 1315 1388 1346 urbe
1411 1315 1503 1347 mille

869 1365 1021 1394 passuum
1038 1364 1069 1394 3,
1086 1365 1135 1387 2ο.

827 1396 992 1428 Proxenus
1006 1399 1047 1428 ab
1065 1398 1248 1430 Orthobula
1263 1409 1363 1431 uxore
1379 1410 1503 1431 veneno

868 1440 994 1471 tollitur
1009 1450 1061 1479 41,
1077 1450 1127 1479 30.

829 1482 965 1521 Prusias,
981 1483 1158 1524 Bithyniae
1173 1494 1240 1522 rex,
1255 1484 1287 1515 in
1312 1484 1392 1516 fines
1413 1486 1503 1525 regni

870 1526 973 1556 Attali
999 1526 1229 1566 transgreditur
1251 1527 1301 1565 28,
1324 1536 1352 1567 7.
1383 1538 1403 1559 a
1426 1528 1502 1560 Phi-

869 1568 960 1608 lippo
989 1569 1204 1600 Macedoniae
1232 1580 1305 1610 rege
1333 1571 1503 1602 ascribitur

869 1611 989 1642 foederi
1013 1622 1087 1642 cum
1110 1612 1267 1643 Romanis
1285 1612 1365 1643 inito
1383 1623 1434 1654 29,
1454 1623 1500 1646 12.

869 1654 974 1685 socius
999 1658 1032 1685 et
1055 1654 1179 1685 amicus
1204 1655 1349 1695 Philippi
1375 1665 1427 1694 32,
1451 1666 1501 1696 34.

868 1697 909 1728 ad
926 1707 1000 1728 eum
1016 1698 1057 1728 de
1072 1697 1248 1729 Cianorum
1265 1697 1414 1730 libertate
1429 1699 1502 1730 scri-

869 1740 955 1770 bitur
971 1749 1022 1779 33,
1039 1749 1088 1779 3ο.
1127 1750 1200 1771 eum
1223 1741 1264 1771 ad
1287 1741 1410 1771 bellum
1428 1752 1501 1773 con-

869 1783 947 1814 citat
964 1783 1144 1813 Antiochus
1162 1791 1212 1823 37,
1225 1792 1274 1822 25.
1300 1788 1469 1815 revocatur
1482 1796 1503 1816 a

869 1826 1028 1856 Romanis
1057 1827 1097 1856 ad
1129 1826 1263 1856 consilia
1298 1827 1398 1866 pacis,
1424 1827 1501 1860 ibid.

867 1869 1018 1899 adversus
1049 1869 1230 1900 Eumenem
1261 1869 1384 1900 bellum
1421 1870 1502 1910 gerit

869 1921 921 1952 39,
937 1910 987 1950 46.
1021 1912 1241 1942 Hannibalem
1262 1912 1375 1952 recipit
1393 1921 1443 1951 51.
1469 1917 1504 1944 et

870 1953 1027 1985 Romanis
1051 1954 1167 1995 prodit,
1186 1954 1264 1985 ibid.
1292 1954 1360 1985 eius
1384 1955 1502 1996 legatio

868 1997 909 2027 ad
930 1998 1096 2028 Romanos
1118 1998 1158 2028 de
1183 2007 1262 2037 pace
1285 2007 1357 2028 cum
1385 1998 1502 2030 Perseo

869 2039 1072 2071 concilianda
1095 2051 1147 2079 44,
1173 2050 1218 2079 14.
1253 2050 1326 2071 cum
1352 2041 1418 2072 filio
1443 2041 1502 2072 Ni-

869 2083 1002 2114 comede
1022 2083 1162 2114 Romam
1182 2082 1266 2113 venit
1284 2092 1336 2122 45,
1352 2094 1401 2123 44.
1434 2083 1503 2115 eius

869 2126 1047 2163 humilitas,
1064 2125 1138 2157 ibid.

828 2168 1021 2209 Prytaneum
1038 2168 1147 2208 Cyzici
1165 2179 1217 2207 41,
1234 2178 1281 2209 25.

829 2212 986 2252 Prytanis,
1002 2221 1147 2242 summus
1161 2212 1248 2252 apud
1267 2211 1413 2243 Rhodios
1435 2222 1501 2244 ma-

868 2254 1018 2293 gistratus
1034 2264 1085 2292 42,
1101 2263 1150 2293 45.

830 2297 981 2328 Psaltriae
992 2298 1120 2369 9111111110
1134 2297 1271 2337 primuni
1283 2297 1414 2329 additae
1424 2308 1500 2338 epu-

871 2340 908 2370 lis
925 2349 941 2378 3
968 2364 976 2376 ,
1001 2351 1021 2371 ).

830 2351 974 2414 Ptele1131
992 2393 1068 2422 opp.
1085 2391 1138 2421 35,
1150 2391 1200 2422 43.
1225 2392 1277 2422 42,
1292 2393 1341 2421 42.
1367 2382 1504 2414 diruitur

868 2436 887 2456 a
903 2425 1122 2456 fundamentis
1136 2425 1187 2464 67.

830 2469 1015 2500 Ptolemaeo
1038 2468 1247 2508 Philopatori,
1264 2468 1403 2508 Aegypti
1428 2469 1504 2509 regi,

869 2512 910 2542 ad
949 2512 1165 2542 renovandam
1203 2511 1378 2541 amicitiam
1417 2512 1502 2542 ‹lono

869 2554 966 2585 missa
982 2559 1056 2594 toga
1071 2559 1103 2585 et
1120 2553 1231 2584 tunica
1254 2564 1413 2594 purpurcn
1429 2564 1501 2584 cuin

870 2597 952 2628 sella
966 2597 1105 2628 eburnea
1124 2605 1174 2635 27,
1190 2607 1218 2634 4.
1250 2595 1276 2626 is
1299 2596 1396 2626 mittit
1420 2596 1501 2635 lega-

871 2643 920 2670 tos
949 2640 990 2671 1111
1020 2639 1234 2671 dirimendum
1266 2639 1386 2669 belluni
1422 2639 1504 2670 iuter

874 2682 1064 2723 Philippum
1082 2689 1114 2713 et
1131 2682 1264 2712 Aetolos
1281 2691 1330 2722 30.
1347 2682 1387 2713 ct'.
1403 2687 1435 2712 ct
1453 2691 1503 2721 32,

833 2734 1036 2800 l‘tiii'enuaeus
1060 2767 1261 2808 Epiphanes,
1285 2777 1337 2796 rex
1366 2766 1502 2806 Aegypti

871 2820 923 2850 31.
941 2820 968 2842 2.
1003 2811 1042 2842 1111
1066 2820 1139 2841 eum
1167 2809 1259 2848 legati
1286 2810 1379 2840 Rom.
1405 2809 1504 2846 mimi,

871 2853 947 2884 ibid.
985 2853 1054 2884 eius
1078 2853 1118 2883 1111
1144 2853 1307 2883 Romanos
1335 2850 1450 2889 legatio
1472 2861 1502 2892 9.

874 2895 1024 2928 Antiochi
1047 2895 1146 2925 tiliam
1163 2894 1253 2925 ducit
1275 2903 1321 2932 35,
1342 2902 1388 2931 13.
1420 2894 1501 2933 lega-

872 2942 922 2970 tos
947 2939 1086 2970 Romam
1113 2936 1211 2968 mittit
1236 2935 1286 2975 36.
1308 2948 1334 2973 4.
1372 2936 1502 2976 pollice-
