1888 3194
521 234 648 276 LIB.
681 234 846 276 XLIV.
893 236 983 277 CA
995 236 1040 278 P.
1079 239 1115 277 6.
1439 242 1517 280 129

89 323 298 365 itenebat.
361 321 426 363 Ibi
451 322 559 364 vallo
590 324 726 380 campi
757 339 928 380 quoque
959 335 1134 381 partem,
1160 326 1230 366 ubi
1263 340 1391 381 eques
1424 335 1515 367 ten·
1531 340 1574 372 n,
1592 342 1629 372 C.
1652 345 1725 380 5⁸3·

114 379 247 430 deret,
269 379 641 435 amplectebantur.
1527 383 1566 414 A.
1590 384 1629 415 C.
1655 383 1713 424 Ι69

172 435 352 478 Lavanti
393 437 483 493 regi
524 437 681 479 dicitur
715 438 970 488 nuntiatum,
1012 439 1152 481 hostes
1192 438 1348 480 adesse.
1414 440 1513 488 Quo
1603 454 1641 492 6,

82 493 264 535 anuntio
295 509 427 550 quum
458 495 634 551 pavidus
670 496 906 537 exsiluisset
942 511 965 537 e
1001 496 1117 546 solio,
1154 497 1311 538 victum
1347 511 1391 538 se
1422 497 1511 539 sine
1529 508 1634 539 Persei
1652 520 1706 549 pa-

112 549 272 607 proelio
304 551 522 593 clamitans
554 553 788 609 proripuit3
826 562 882 603 et,
915 553 1094 595 subinde
1128 569 1203 611 per
1234 554 1315 595 alia
1346 554 1511 610 aliaque
1526 561 1580 607 ‘'f'‘
1596 553 1689 610 995¹&

79 622 99 655 3
112 607 265 665 pavida
283 608 457 650 consilia
477 619 521 650 et
541 610 717 666 imperia
734 610 959 666 trepidans,
977 611 1083 652 duos
1099 626 1152 652 ex
1174 611 1330 660 amicis,
1349 611 1510 652 Pellam
1523 595 1686 675 gffissssssb

111 664 304 716 alterum,
326 666 398 708 ubi
427 667 608 722 pecunia
634 667 825 724 deposita
852 677 953 718 erat,
975 668 1154 710 alterum
1179 683 1312 725 usque
1334 668 1388 710 ad
1410 668 1512 710 Par-

112 721 246 773 thum,
268 738 321 764 ex
343 724 559 779 praesidiis
579 734 773 774 revocat3
807 740 1037 782 omnesque
1063 725 1202 767 aditus
1226 725 1361 783 aperit
1385 725 1509 767 bello.

79 778 222 837 4Ipse,
244 780 296 822 ab
319 780 405 822 Dio
425 782 579 823 auratis
600 782 746 823 statuis
767 783 962 824 omnibus
986 783 1128 840 raptis,
1150 798 1204 824 ne
1225 783 1381 840 praeda
1401 783 1510 825 hosti

111 846 264 888 essent,
286 838 444 880 incolas
465 839 556 880 eius
577 839 657 881 loci
679 839 914 896 demigrare
936 840 1132 898 Pydnam
1154 841 1293 896 cogit:
1327 849 1382 890 et,
1400 855 1508 896 quac

112 895 325 938 temeritas
360 896 542 938 consulis
574 897 706 938 videri
743 897 959 954 potuisset,
994 898 1110 954 quod
1142 913 1194 939 eo
1229 898 1508 954 processisset,

79 952 225 996 sunde
253 953 386 995 invito
414 953 533 996 hoste
562 954 726 1010 regredi
759 955 965 1010 nequiret,
988 970 1080 1003 eam
1114 970 1200 997 non
1228 955 1508 997 inconsultam

110 1009 327 1052 audaciam
348 1011 459 1052 fecit.
522 1011 644 1052 Duos
671 1012 785 1052 enim
813 1011 954 1062 saltus,
976 1027 1052 1069 per
1072 1028 1178 1068 quos
1206 1012 1306 1053 inde
1332 1012 1508 1054 evadere

232 1076 292 1117 nt,
318 1068 529 1110 habebant
552 1068 762 1110 Romani:
797 1084 930 1110 unum
958 1085 1034 1126 per
1062 1070 1227 1126 Tempe
1255 1070 1300 1110 in
1329 1070 1510 1111 Thessa-

108 1081 221 1175 liam,
243 1124 421 1166 alterum
443 1126 486 1166 in
510 1125 808 1167 Macedoniam
830 1135 996 1183 praeter
1017 1126 1175 1175 Dium;
1199 1142 1307 1183 quae
1330 1136 1423 1168 utra
1455 1143 1506 1168 ue

107 1181 234 1238 regiis
275 1183 530 1224 tenebantur
573 1183 800 1239 praesidiis.
864 1183 1013 1240 Itaque
1059 1184 1093 1224 si
1138 1183 1226 1225 dux
1272 1142 1509 1240 intrepidus

107 1238 255 1281 decem
277 1239 368 1281 dies
395 1240 574 1296 primam
599 1241 782 1296 speciem
817 1241 1194 1297 appropinquantis
1223 1241 1390 1282 terroris
1420 1256 1509 1283 sus-

107 1296 313 1347 tinuisset,
345 1312 485 1354 neque
522 1307 713 1354 receptus
751 1297 955 1340 Romanis
990 1313 1066 1355 per
1097 1298 1262 1355 Tempe
1296 1299 1340 1339 in
1373 1298 1508 1340 Thes-

106 1353 265 1405 saliam,
288 1369 427 1411 neque
456 1355 759 1397 commeatibus
788 1355 1069 1412 pervehendis
1101 1371 1152 1397 eo
1184 1356 1387 1412 patuisset
1414 1355 1505 1398 iter.

109 1410 220 1454 Sunt
268 1412 382 1454 enim
429 1412 593 1469 Tempe
634 1412 787 1463 saltus,
819 1413 980 1455 etiamsi
1030 1428 1117 1454 non
1162 1413 1274 1455 bello
1319 1413 1392 1455 fiat
1444 1413 1508 1454 in-

73 1468 248 1519 6festus,
295 1470 472 1511 transitu
517 1469 707 1511 difficilis.
791 1469 905 1512 Nam
955 1479 1122 1527 praeter
1171 1471 1384 1527 angustias
1433 1486 1509 1527 per

107 1527 298 1584 quinque
339 1527 482 1578 millia,
523 1543 608 1583 qua
648 1528 850 1584 exiguum
892 1528 1083 1570 iumento
1124 1538 1277 1584 onusto
1312 1528 1392 1570 iter
1431 1539 1506 1578 est,

107 1598 233 1640 rupes
272 1585 484 1641 utrimque
530 1585 588 1626 ita
631 1586 813 1627 abscisae
858 1595 969 1635 sunt,
1012 1594 1059 1627 ut
1098 1585 1259 1642 despici
1300 1586 1371 1627 vix
1416 1586 1506 1627 sine

107 1641 312 1698 vertigine
334 1642 515 1698 quadam
538 1642 661 1683 simul
683 1642 900 1684 oculorum
923 1643 1138 1699 animique
1159 1643 1301 1699 possit.
1354 1643 1506 1685 Terret

107 1707 150 1740 et
181 1699 343 1740 sonitus
377 1708 420 1741 et
452 1699 631 1740 altitudo
663 1714 739 1756 per
771 1700 952 1741 mediam
981 1700 1131 1741 vallem
1167 1700 1339 1741 fluentis
1372 1699 1505 1741 Penei

106 1756 252 1798 amnis.
317 1755 401 1798 Hic
434 1756 562 1807 locus,
593 1765 678 1798 tam
711 1766 859 1814 suapte
889 1766 1038 1798 natura
1069 1757 1258 1806 infestus,
1280 1772 1357 1813 per
1383 1767 1506 1813 quat-

76 1822 204 1861 7tuor
233 1813 432 1856 distantia
462 1814 553 1856 loca
582 1814 799 1870 praesidiis
830 1815 955 1871 regiis
985 1815 1065 1855 fuit
1096 1815 1287 1856 insessus.
1358 1814 1504 1855 Unum

105 1870 150 1912 in
183 1871 319 1928 primo
350 1871 466 1914 aditu
500 1871 553 1913 ad
589 1871 792 1913 Gonnum
825 1881 939 1914 erat:
979 1872 1156 1914 alterum
1188 1871 1241 1913 ad
1275 1871 1504 1929 Condylon

150 2057 163 2079 ι
189 2049 241 2079 lbi
264 2049 364 2087 vallo]
397 2049 427 2079 li
451 2049 564 2080 vallem
589 2049 677 2088 apud
705 2048 780 2079 Cre-

827 2047 967 2078 virorum
987 2048 1096 2088 viginti
1113 2047 1256 2088 quinque
1277 2047 1307 2077 in
1331 2058 1440 2088 pugna
1462 2049 1502 2078 ud

105 2090 180 2122 vier.
202 2094 235 2122 et
259 2090 426 2123 Drakenb.
448 2094 564 2122 exstat.
611 2090 781 2121 Bekkerns
1099 2090 1105 2096 “

827 2089 1005 2121 Granicum
1038 2100 1214 2121 occisorum
1246 2090 1432 2121 Alexander
1462 2101 1501 2121 ex

104 2143 178 2164 cum
197 2133 384 2173 Kreyssigio
400 2135 444 2164 ibn·
461 2134 546 2164 vallo
562 2133 694 2173 recepit.

147 2185 165 2207 2
190 2177 328 2215 Esolio]
355 2176 479 2208 Solium
500 2180 547 2206 est
568 2186 640 2216 pars
661 2175 780 2213 balnei,

103 2217 135 2250 in
152 2228 217 2259 qua
231 2219 303 2259 quis
317 2220 433 2250 sedens
448 2219 583 2250 lavatur.
607 2219 715 2250 Ciu-zv.

147 2270 166 2302 3
189 2263 281 2293 Duae
295 2272 335 2293 ετ
350 2263 471 2298 amicis,
482 2262 625 2300 Pellam]
644 2261 780 2292 Duobus

102 2314 144 2336 ex
165 2305 277 2336 amicis
297 2304 438 2336 Crevier.
462 2304 615 2344 reposuit,
632 2303 686 2343 qui
712 2303 778 2334 ani-

102 2347 277 2378 madvertit
296 2346 349 2377 hic
369 2347 479 2386 aliqua
494 2347 616 2383 deesse,
632 2356 716 2385 quae
738 2356 777 2377 ex

103 2399 131 2421 c.
147 2399 194 2421 Ιο.
205 2389 298 2426 infru,
310 2395 343 2420 et
358 2400 398 2420 ex
414 2389 559 2420 Diodoro
576 2389 606 2419 in
623 2389 776 2428 Excerpt.

104 2431 216 2464 Valeo.
229 2432 373 2472 suppleri
396 2437 530 2472 possunt
551 2431 583 2462 in
605 2432 691 2462 hunc
713 2432 778 2462 fere

102 2475 247 2506 modum.
295 2475 433 2506 Duobus
459 2486 497 2505 ex
526 2474 650 2511 amicis,
676 2484 775 2504 unum

105 2516 236 2548 Niciam
265 2517 421 2558 proticisci
447 2517 536 2548 iussit
563 2517 701 2553 Pellam,
723 2517 776 2547 ubi

103 2559 396 2608 pecuniadeposita
407 2559 697 2599 emt‚et‚quicquid
709 2558 778 2590 eius

103 2602 148 2634 ibi
174 2603 423 2640 nancisceretur,
448 2603 479 2633 in
506 2612 594 2633 mare
619 2602 775 2633 deiicere:

103 2644 243 2676 alterum
269 2645 491 2676 Andronicum
524 2645 610 2676 misit
641 2644 776 2676 Thessa-

103 2687 256 2726 tonicam,
279 2693 314 2719 ut
338 2688 465 2719 navalia
489 2687 684 2719 incenderet.
728 2687 774 2718 Si-

103 2730 172 2761 mul
199 2730 358 2771 Hippiam
384 2735 417 2762 et
443 2730 708 2770 Asclepiodotum
735 2740 774 2760 ex

103 2772 270 2812 praesidiis
290 2778 428 2805 revocat.
475 2773 513 2804 In
534 2783 572 2803 eo
588 2778 696 2803 tamen
714 2772 774 2802 dis-

103 2819 215 2855 erepat
242 2815 405 2847 Diodorus
430 2826 450 2846 n.
478 2815 583 2852 Livio,
607 2816 693 2854 quod
719 2825 775 2854 pro

103 2857 183 2889 urbo
200 2857 292 2889 Pena
309 2858 454 2889 nominat
472 2858 630 2889 Phacum.

147 2910 167 2937 4
190 2901 325 2931 Auratis
349 2902 482 2939 utatuie]
513 2899 662 2939 Inte-llige
684 2899 783 2939 insigae

104 2950 178 2972 nem
210 2941 299 2972 illam
332 2947 483 2978 turmam.
517 2943 650 2983 Lysippi
683 2952 776 2982 opus,

103 2992 200 3023 quam
239 2983 270 3014 in
308 2986 495 3016 memorium
531 2984 774 3016 fortissimorum

162 3038 258 3066 VOL.
285 3038 341 3066 IV.

825 2143 899 2164 aere
919 2133 1100 2173 fingendam
1119 2137 1299 2163 curaverat.

869 2185 886 2215 5
904 2177 980 2207 Non
997 2177 1211 2206 inconsultam
1227 2176 1417 2214 malaciam]
1439 2175 1500 2206 Te-

824 2218 1007 2249 meritatem
1031 2218 1171 2249 consulis
1196 2228 1252 2257 pro
1274 2218 1413 2249 audacia
1436 2229 1500 2249 non

825 2260 1007 2292 inconsulta
1023 2261 1205 2292 habendum
1222 2261 1339 2292 effecit.

867 2303 887 2334 6
902 2305 1042 2335 Praeter
1057 2304 1243 2343 anyustias]
1267 2303 1498 2343 Praeterquam

823 2346 910 2386 quod
940 2350 1077 2386 angusta
1109 2346 1159 2376 via
1189 2350 1237 2376 est
1270 2356 1327 2385 per
1356 2346 1499 2386 quinque

823 2388 937 2426 millia,
961 2389 1043 2419 adeo
1071 2393 1106 2418 ut
1133 2388 1286 2428 exiguum
1312 2393 1427 2419 onusto
1452 2389 1498 2419 iu-

823 2436 933 2463 mento
958 2431 1018 2462 iter
1041 2431 1094 2468 sit,
1115 2431 1277 2470 utrimque
1293 2455 1300 2462 .
1318 2455 1325 2462 .
1344 2455 1351 2462 .
1379 2432 1496 2463 Parum

824 2474 973 2504 videntur
997 2474 1168 2504 convenire
1193 2473 1267 2504 huic
1291 2474 1497 2514 descriptioni

822 2527 860 2547 ea
891 2527 973 2556 quae
1006 2516 1133 2547 Plinius
1167 2517 1211 2547 11.
1245 2516 1288 2547 N.
1324 2516 1364 2548 iv.
1397 2518 1425 2547 8.
1457 2518 1498 2548 de

822 2560 936 2590 eodem
969 2560 1040 2590 loco
1071 2559 1178 2590 habet.
1225 2559 1422 2599 ‘⁸'1'empe‚''
1453 2559 1496 2589 in-

822 2602 904 2641 quit,
947 2603 969 2617 “
985 2601 1128 2641 quinque
1166 2601 1305 2632 millium
1345 2611 1496 2641 passuum

823 2644 1034 2683 longitudine,
1071 2649 1104 2675 et
1148 2645 1248 2674 ferme
1292 2644 1498 2684 sesquiiugeri

823 2687 1005 2724 latitudine,
1022 2687 1107 2717 ultra
1123 2686 1225 2717 visum
1248 2686 1388 2717 hominis
1403 2687 1496 2716 attol-

822 2730 962 2760 lentibus
990 2739 1024 2760 se
1050 2730 1165 2760 dextra
1196 2729 1353 2768 laevaque
1385 2729 1499 2759 leniter

821 2772 974 2803 convexis
990 2771 1104 2811 iugi⁸.”
1126 2772 1234 2803 (ἷκεν.

866 2822 882 2853 7
909 2816 1087 2846 Praesidae
1111 2815 1224 2853 reyt'ie]
1257 2814 1295 2844 In
1324 2814 1407 2853 vulg.
1425 2814 1497 2843 edd.

820 2858 906 2896 reqie
931 2856 1058 2895 legitur,
1080 2857 1166 2896 quod
1193 2857 1359 2887 Gronovio
1384 2856 1498 2885 merito

821 2899 997 2939 displicuit.
1052 2900 1206 2930 Ceterum
1243 2898 1329 2938 reyi's
1365 2898 1498 2936 antiquo

821 2951 910 2972 more
935 2952 992 2982 pro
1007 2944 1104 2981 reyin'x
1123 2941 1278 2980 scriptum
1303 2941 1398 2971 suisne
1421 2939 1497 2969 alibi

823 2989 922 3024 putet.

1239 3037 1265 3064 R
