1888 3194
646 241 668 279 Ῑ
693 241 735 279 ῙἹ
760 241 800 280 Ι)
829 241 862 279 13
890 242 939 280 JK.

140 319 312 351 sectionem
326 325 436 359 27‚21.
451 317 595 348 frenatur
605 325 654 354 24.
672 316 768 347 Etru-

140 362 208 394 riae
222 361 359 394 concilia
373 371 404 399 4,
420 369 470 400 23.
495 367 525 399 5,
545 367 669 399 17.10‚
688 357 736 391 16.

99 404 229 436 Etrusci
244 404 416 435 vincuntur
434 413 454 434 a
472 401 630 434 Romanis
646 411 675 440 2,
691 399 722 440 6,
740 409 767 440 7.

140 447 288 478 obsident
320 446 460 477 Romam
497 454 544 476 11.
588 444 769 475 instaurant

139 490 262 520 bellum
293 499 343 528 44.
380 488 565 528 improbant
597 496 768 527 regem,a

140 531 334 563 Veientibus
357 534 501 561 creatum
527 538 557 569 5,
582 538 607 561 1.
636 533 768 560 movent

138 574 262 605 bellum
295 574 447 605 adversus
476 573 643 604 Romanos
676 570 707 610 6,
738 582 766 603 2.

139 617 287 648 obsident
324 620 356 648 et
393 616 527 656 capiunt
559 615 703 646 Sutrium
737 623 766 653 3.

139 660 329 698 caeduntur,
344 663 377 690 et
392 658 512 699 captivi
533 659 591 688 sub
607 658 699 688 hasta
716 668 766 689 re-

137 703 336 734 numdantur
351 713 380 740 4.
404 705 519 742 parant
534 701 656 731 bellum
675 709 704 740 7,
719 710 766 740 17.

138 745 321 783 vincuntur,
347 745 424 776 ibid.
452 749 484 775 et
511 754 542 785 9,
567 752 617 782 35.
640 747 673 774 et
699 753 766 783 sqq.

138 787 281 819 indutias
306 798 430 819 annuas
459 787 634 826 impetrant
660 796 691 828 9,
718 796 765 825 41.

138 831 297 862 rebellant
320 835 352 861 et
375 830 505 860 vincunt
527 829 694 860 Romanos
719 838 766 865 10,

140 883 168 914 3.
198 874 388 911 funduntur,
415 873 517 912 iisque
545 871 690 902 indutiae
720 871 766 901 bi-

138 915 225 948 ennii
252 917 370 946 dantur
393 927 412 954 4
439 920 471 946 et
499 923 526 954 5.
562 914 768 954 paciscuntur

139 969 213 990 cum
233 958 340 990 Gallis
359 959 510 989 adversus
532 958 699 988 Romanos
718 958 765 988 18.

137 1001 322 1033 afficiuntur
342 1002 433 1032 clade
455 1009 504 1039 30.
530 999 670 1037 Etrusci,
689 1010 767 1039 gens

138 1048 214 1076 ante
226 1054 337 1075 omnes
348 1044 428 1074 alias
440 1043 550 1074 dedita
562 1042 767 1081 religionibus

138 1095 169 1126 5,
190 1096 215 1118 1.
245 1086 371 1117 Etrusci
393 1086 578 1125 haruspices
602 1095 649 1125 15·
678 1089 766 1115 vates

137 1130 179 1160 ad
199 1129 331 1169 publica
352 1129 495 1168 prodigia
512 1128 650 1158 adhibiti
671 1136 698 1166 1,
714 1126 764 1166 56.

137 1171 266 1202 Etrusci
282 1171 389 1211 campi
404 1171 525 1201 fertiles
542 1180 592 1208 22,
608 1179 636 1209 3.

97 1213 270 1245 Etruscum
287 1224 374 1244 mare
390 1223 442 1252 40,
459 1223 509 1251 41.

94 1256 209 1294 Etuta,
247 1256 314 1288 filia
352 1255 500 1294 Honuni,
536 1254 763 1286 Dardanorum

137 1298 302 1340 principis,
324 1309 405 1330 uxor
431 1297 555 1336 Gentii,
576 1297 658 1337 regis
683 1297 762 1337 Illy-

136 1342 255 1374 riorum
272 1354 324 1382 44,
340 1351 389 1381 30.

95 1384 248 1416 Evander
269 1386 369 1416 Arcas
391 1383 532 1415 instituit
554 1382 587 1413 in
611 1382 763 1414 Palatino

137 1432 248 1458 monte
265 1427 444 1468 Lupercale
463 1436 588 1457 sacrum
609 1435 636 1462 1,
653 1434 680 1465 5.
705 1426 762 1456 mi—

137 1471 247 1501 raculo
263 1470 426 1500 literarum
447 1469 529 1499 inter
547 1469 642 1499 rudes
660 1478 762 1508 popu-

138 1513 186 1544 los
209 1513 397 1544 venerabilis
422 1519 448 1551 7.
482 1511 658 1542 Herculem
685 1511 764 1542 Iove

137 1560 251 1586 natum
271 1554 426 1595 agnoscit,
441 1558 472 1585 et
491 1563 615 1584 sacrum
631 1553 660 1584 ei
675 1554 763 1592 facit,

137 1599 215 1629 ibid.

96 1641 250 1673 Evander
271 1640 446 1677 Cretensis,
471 1641 536 1671 dux
559 1638 763 1677 auxiliorum,

137 1685 178 1715 ad
202 1684 332 1715 caedem
357 1683 513 1714 Eumenis
534 1683 725 1713 subornatur
746 1692 766 1712 a

139 1728 258 1758 Perseo
278 1737 331 1765 42,
354 1735 388 1765 15
411 1732 442 1757 et
465 1735 514 1767 59.
543 1735 649 1756 comes
671 1724 765 1764 fugae

139 1770 248 1802 Persei
265 1781 317 1808 44,
332 1778 382 1809 43.
408 1768 597 1800 interficitur
612 1778 631 1798 a
648 1767 764 1798 Perseo

137 1821 190 1853 451
206 1821 234 1852 5·

95 1856 242 1894 Euboea,
257 1855 362 1886 insula
375 1863 425 1893 27,
438 1863 488 1893 30.
512 1854 579 1885 eius
591 1853 684 1883 urbes
699 1853 764 1884 Ro-

136 1899 242 1930 manis
273 1898 409 1929 traditae
441 1896 493 1936 36,
524 1906 572 1927 21.
612 1895 764 1927 Euboeae

137 1941 303 1982 angustiae
319 1950 371 1980 31,
388 1949 436 1979 23.
461 1940 563 1972 Coela
578 1947 628 1978 47.

95 1984 314 2016 Euboicarum
333 1984 500 2014 civitatum
520 1986 697 2013 conventus
713 1991 764 2022 34,

138 2036 189 2067 51.

95 2070 262 2101 Euboicus
277 2069 364 2101 sinus
380 2078 431 2108 31,
448 2076 497 2108 47.

95 2112 294 2144 Eubulidam
332 2112 581 2144 Chalcidensem
625 2110 685 2141 sibi
721 2111 762 2141 ab

138 2155 300 2188 Antiocho
322 2155 408 2193 dedi,
431 2155 596 2195 postulant
621 2153 762 2185 Romani

139 2207 191 2239 37,
206 2207 256 2238 45
281 2199 333 2238 38,
349 2199 399 2237 38

96 2241 232 2280 Euctus,
248 2242 428 2282 praefectus
445 2240 558 2272 Pellae
574 2250 626 2278 44,
642 2248 691 2279 43.

96 2284 277 2322 Eudamus,
293 2284 473 2333 praefectus
490 2283 640 2314 Rhodiae
655 2281 765 2313 classis

139 2334 192 2367 37,
211 2336 257 2358 12.
282 2327 380 2358 vincit
401 2326 523 2367 proelio
543 2325 650 2357 navali
672 2325 763 2356 Han-

139 2370 280 2400 nibalem
298 2378 347 2408 23.
364 2370 404 2401 cf.
419 2381 472 2408 44,
489 2368 538 2401 28.

97 2411 240 2444 Eudieru
256 2412 350 2442 turris
368 2423 420 2451 44,
437 2421 465 2451 3.

98 2455 232 2494 Euersa,
247 2455 434 2491 Thebanus,
449 2453 588 2485 civitatis
606 2453 765 2494 princeps,

139 2499 285 2529 sublatus
299 2508 319 2529 a
336 2498 452 2528 Perseo
468 2506 520 2536 42,
539 2505 574 2535 13
592 2501 623 2527 et
640 2506 690 2534 40.

98 2540 258 2582 Euganei,
287 2540 371 2571 inter
406 2550 494 2571 mare
525 2539 690 2578 Alpesque
718 2539 764 2570 in-

141 2584 293 2632 colentes,
306 2583 472 2623 pelluntur
485 2583 526 2613 ab
540 2581 679 2612 Henetis
697 2591 764 2620 1,1.

99 2625 152 2657 Eu
174 2626 282 2658 onium
301 2636 351 2668 29,
371 2635 417 2656 12.

99 2667 130 2700 E
177 2669 316 2710 ydrium,
338 2668 448 2709 oppid.
474 2672 616 2699 vastatur
643 2678 663 2698 a
690 2667 765 2699 Phi-

142 2711 232 2752 lippo
247 2720 365 2751 32,13

102 2753 275 2792 Eumenes,
290 2764 357 2792 rex,
373 2753 474 2785 Attali
497 2753 582 2786 filius
603 2763 654 2794 33,
670 2762 711 2793 30
733 2757 766 2784 et

143 2804 194 2834 34.
216 2796 373 2827 auxilium
390 2797 449 2828 sert
465 2796 504 2829 T.
519 2797 676 2833 Quinctio
692 2807 764 2828 con-

142 2838 203 2869 suli
221 2847 272 2878 34,
289 2838 328 2869 26
345 2843 377 2870 et
398 2848 448 2878 30.
471 2839 584 2870 incitat
602 2840 766 2870 Romanos

142 2880 185 2912 ad
211 2881 332 2912 bellum
359 2886 470 2912 contra
494 2881 688 2913 Antiochum
714 2891 766 2921 35,

149 2933 159 2954 ι
167 2933 194 2963 3.
218 2922 354 2954 occurrit
369 2934 441 2954 cum
462 2924 564 2954 tribus
578 2924 712 2955 navibus
727 2926 765 2957 C.

145 2965 249 3002 Livio,
277 2965 438 3005 praefecto
463 2965 573 2998 classis
598 2967 766 2998 Romanae

857 316 909 357 36,
925 327 975 356 42.
999 318 1068 350 eius
1087 318 1120 350 in
1141 328 1249 359 pugna
1269 321 1374 351 navali
1395 321 1485 353 fortis

856 363 889 390 et
909 359 1015 391 fidelis
1038 371 1136 401 opera
1157 372 1207 399 44.
1234 361 1408 394 dimittitur
1428 364 1483 394 do-

854 411 946 433 mum
967 410 1018 442 45.
1042 404 1178 434 occurrit
1198 403 1324 434 obviam
1342 406 1484 437 Aemilio

856 452 907 485 37,
921 455 968 483 14.
992 445 1060 477 eius
1075 446 1163 486 regni
1178 450 1276 486 caput
1290 446 1483 486 Pergamum

855 488 1019 519 obsidetur
1036 498 1057 518 a
1077 489 1224 526 Seleuco,
1241 488 1394 519 Antiochi
1416 490 1484 521 filio

858 530 904 561 18.
939 530 1008 562 eius
1032 531 1074 562 ad
1100 512 1278 562 Aemili'um
1304 531 1406 562 oratio
1436 542 1483 574 19.

853 576 981 612 praesto
1017 578 1064 604 est
1101 573 1268 612 Romanis,
1305 573 1339 605 in
1373 574 1483 606 Asiam

853 615 1085 647 traiicientibus
1101 626 1150 656 33.
1174 617 1318 656 itemque
1329 617 1362 647 in
1376 627 1485 658 pugna

854 669 928 689 cum
966 659 1128 690 Antiocho
1166 669 1215 697 41.
1271 660 1484 700 proficiscitur

853 701 995 732 Romam
1023 710 1072 741 45.
1105 703 1134 733 ei
1159 702 1253 732 datur
1278 706 1408 733 senatus
1432 711 1482 742 52.

853 744 922 775 eius
949 745 1113 784 postulata
1143 753 1192 784 53.
1227 755 1310 784 quae
1339 745 1483 786 regiones

854 792 887 818 et
902 787 1048 819 civitates
1063 787 1091 818 ei
1111 787 1301 818 nominatim
1318 789 1413 819 datae
1431 789 1482 828 38,

854 839 903 871 39.
939 830 1007 860 eius
1033 830 1130 871 legati
1156 831 1196 861 de
1225 830 1380 871 Philippo
1406 841 1482 871 que-

852 877 966 903 runtur
993 883 1043 914 39,
1072 882 1119 912 27.
1156 873 1296 904 Romam
1326 874 1423 910 venit,
1449 878 1482 905 et

855 915 1007 946 Perseum
1026 915 1183 946 Romanis
1203 920 1387 956 suspectum
1403 916 1482 948 facit

853 968 906 995 42,
925 967 958 988 11
978 963 1010 988 et
1032 968 1099 998 sqq.
1126 959 1307 990 Eumenem
1328 963 1482 990 accusant

854 1000 988 1038 Rhodii,
1004 1001 1119 1031 frustra
1139 1011 1184 1039 14.
1208 1001 1240 1032 in
1259 1012 1333 1032 eum
1353 1012 1481 1042 percus-

852 1053 937 1074 sores
959 1043 1059 1074 mittit
1082 1044 1217 1075 Perseus
1236 1052 1282 1083 15.
1306 1045 1482 1076 ascendens

853 1086 1003 1125 Delphos
1033 1086 1194 1126 lapidibus
1220 1087 1376 1125 obruitur,
1402 1087 1480 1120 ibid.

852 1129 975 1168 sopitus
988 1129 1118 1160 vulnere
1131 1130 1266 1167 tollitur,
1277 1134 1308 1160 et
1322 1130 1480 1170 Aeginam

851 1171 1040 1201 transfertur
1055 1170 1100 1202 16.
1125 1172 1207 1202 redit
1221 1173 1415 1212 Pergamum
1432 1174 1479 1205 18.

851 1213 921 1244 eius
942 1214 1022 1244 fides
1040 1214 1138 1244 dubia
1154 1225 1205 1252 44,
1225 1223 1260 1254 13
1281 1219 1313 1246 et
1332 1224 1380 1246 2ο.
1404 1225 1480 1246 eum

850 1256 1002 1286 sollicitat
1020 1256 1156 1287 Perseus
1176 1267 1224 1295 24.
1253 1257 1321 1288 eius
1336 1258 1480 1296 consilia,

851 1302 883 1329 et
927 1309 1000 1329 cum
1039 1299 1156 1330 Perseo
1201 1300 1391 1330 nundinatio
1430 1309 1479 1340 25.

849 1341 983 1379 auxilia,
1006 1342 1047 1372 ab
1074 1352 1111 1372 eo
1138 1341 1234 1372 missa
1260 1343 1302 1373 ad
1329 1343 1479 1374 Attalum

848 1384 991 1422 fratrem,
1028 1384 1276 1424 intercipiuntur
1315 1395 1334 1416 a
1379 1385 1480 1417 classe

849 1427 1069 1458 Macedonum
1090 1428 1139 1458 28.
1165 1428 1289 1466 Attalo,
1305 1428 1394 1458 eunti
1412 1429 1478 1459 Ro-

848 1479 948 1508 mam,
968 1470 1113 1511 adiungit
1136 1470 1292 1502 Stratium
1315 1471 1479 1502 medicum

851 1521 902 1551 45,
920 1523 931 1543 1
959 1537 966 1544 ·

809 1523 985 1594 Eumenis,
1000 1556 1066 1586 dux
1089 1555 1210 1594 Persei,
1230 1559 1357 1596 praeest
1377 1556 1478 1588 Thes-

849 1599 1011 1629 salonicae
1027 1610 1079 1638 44,
1096 1607 1146 1636 32.

809 1640 988 1679 Eunomus,
1015 1646 1143 1681 praetor
1168 1641 1397 1672 Thessalorum
1425 1650 1479 1682 35,

810 1694 988 1766 Eugalium
1006 1727 1056 1764 28,
1072 1727 1102 1756 8.

810 1769 998 1808 Euphanes,
1014 1770 1079 1800 dux
1096 1769 1258 1801 Cretensis
1274 1768 1325 1808 36,
1342 1777 1373 1808 5.

810 1811 1014 1851 Euphranor,
1035 1812 1216 1852 praefectus
1240 1812 1360 1851 Persei,
1383 1812 1478 1844 inter-

852 1854 958 1885 ficitur
972 1866 991 1886 a
1007 1855 1191 1895 Dolopihus
1207 1865 1258 1893 42,
1273 1864 1323 1894 41.

811 1897 1016 1937 Euphranor,
1031 1898 1097 1929 dux
1113 1898 1196 1928 alius
1213 1897 1318 1929 Persei
1336 1909 1388 1937 44,
1408 1907 1456 1938 13.

810 1940 1012 1980 Eupolemus
1035 1941 1253 1978 finib-acirim,
1276 1941 1436 1972 obsessam
1458 1951 1480 1972 a

852 1983 1018 2022 Romanis,
1033 1983 1130 2014 intrat
1147 1985 1199 2022 38,
1214 1995 1244 2021 4.

808 2025 996 2066 Eupolemi‚
1026 2026 1179 2066 principis
1217 2026 1478 2066 Hypataeorum,

850 2068 881 2099 in
898 2070 1026 2100 exsules
1042 2069 1175 2109 pertidia
1191 2079 1243 2108 41,
1256 2077 1306 2107 30.

809 2111 924 2152 Euripi
953 2111 1133 2144 Chalcidici
1162 2110 1335 2152 descriptio
1366 2112 1418 2149 28,
1447 2110 1479 2144 6.

851 2154 964 2195 Euripi
983 2156 1100 2186 fretum
1124 2164 1176 2193 31,
1196 2164 1245 2186 22.
1274 2154 1388 2194 Euripi
1412 2164 1477 2186 cas-

849 2198 964 2228 tellum
981 2203 1146 2238 oppugnat
1163 2197 1343 2228 Antiochus
1358 2205 1410 2238 35,
1426 2205 1477 2238 51.

809 2239 951 2280 Euripus
964 2241 1006 2271 ad
1022 2241 1254 2272 Cassandream
1273 2251 1325 2278 44.
1344 2249 1391 2272 11.

809 2283 988 2314 Euromum
1010 2292 1062 2322 33,
1078 2292 1127 2322 3ο.
1151 2294 1234 2323 quae
1250 2286 1282 2313 ct
1300 2282 1478 2314 Euromen-

849 2325 933 2356 sium
960 2327 1034 2357 urbs
1060 2335 1111 2365 32,
1137 2335 1187 2365 33.
1219 2335 1329 2356 eorum
1356 2325 1478 2366 oppidu

851 2373 1012 2410 occupant
1027 2369 1244 2409 Mylassenses
1259 2377 1311 2408 45,
1327 2375 1378 2408 25.

809 2411 943 2452 Europa
959 2420 1009 2452 27,
1026 2422 1076 2453 29.

810 2455 959 2493 Eurotas,
973 2455 1078 2486 amnis
1095 2464 1146 2495 34,
1164 2454 1212 2486 28.
1237 2462 1289 2494 35,
1305 2465 1354 2496 29.

811 2497 984 2538 Euryalus,
998 2498 1142 2528 tumulus
1157 2497 1323 2537 Syracusis
1339 2505 1389 2537 25,
1406 2505 1457 2536 25,

811 2540 986 2580 Eurydica,
1011 2545 1115 2572 mater
1140 2540 1264 2579 Gentii,
1292 2540 1477 2581 Illyriorum

852 2582 933 2623 regis
948 2595 1000 2622 44,
1015 2591 1065 2622 3ο.

813 2626 1027 2666 Eurylochus,
1077 2625 1226 2666 princeps
1275 2626 1478 2666 Magnetum,

854 2669 994 2709 profugit
1016 2668 1048 2699 in
1066 2669 1227 2700 Aetoliam
1245 2677 1297 2707 35,
1314 2678 1349 2708 31
1374 2674 1406 2700 et
1427 2678 1478 2708 32.

852 2716 1019 2742 revocatur
1028 2720 1078 2752 34.
1094 2711 1153 2742 sibi
1165 2711 1332 2743 consciscit
1342 2716 1477 2743 mortem

812 2754 1032 2837 E1133711i3e3don,
1047 2797 1151 2828 amnis
1167 2797 1197 2828 in
1217 2796 1412 2837 Pamphylia
1427 2805 1479 2836 33,

813 2848 1322 2954 F114r¹>m322i1⁹ne‚’opp1dum33,⁶15

812 2925 1039 2966 Euthymidas,
1056 2923 1215 2964 princeps,
1250 2904 1386 2954 hulcide
1408 2923 1478 2962 pul-

852 2978 916 3004 sus,
941 2968 1057 2998 summ
1078 2969 1181 2997 tentat
1208 2964 1343 3004 patrium
1366 2965 1399 2996 in
1424 2975 1479 3006 pt>

1181 3005 1254 3046 ’1)
