1888 3194
166 158 544 212 EDITIONIS
587 167 1359 224 DRAKENBORCHIANAE.
1413 173 1496 214 517

81 260 268 316 fretam.
289 284 346 289 --
367 259 479 301 lbid.
532 259 576 299 in
625 257 858 313 triumpho]
918 258 961 298 in
1011 259 1284 315 triumphum.
1308 262 1498 304 ——Ibid.

96 319 243 359 decem
274 322 315 358 et
345 316 434 357 tria
465 313 620 368 millia]
650 315 735 355 tria
765 315 914 356 millia.
937 339 995 343 —-
1016 314 1129 357 lbid.
1155 316 1373 371 Iguvium]
1406 319 1502 373 Igi-

95 373 291 416 turvium.
308 397 366 402 ——
385 371 495 425 Cap.
518 372 588 412 441.
612 371 845 413 Kalendae
866 372 1166 426 intercalares]
1198 373 1498 416 intercalares.

94 454 153 460 —
172 429 283 472 lbid.
327 428 458 482 adiit]
500 429 606 469 adit.
630 453 688 458 —
709 427 821 469 lbid.
866 428 914 469 Si
956 429 992 468 is
1032 429 1159 485 ager]
1205 430 1256 471 Si
1298 445 1421 485 ager.
1443 455 1502 461 ——

94 486 207 528 lbid.
240 486 312 528 Ne
342 487 410 526 cui
445 486 568 526 detur
603 484 791 540 quidem]
829 486 900 526 Ne
932 487 1047 539 quod
1078 487 1202 528 detur
1235 487 1419 542 quidem.
1442 512 1499 517 -—

94 542 208 585 lbid.
241 558 293 584 ea
325 540 612 598 benignitate]
646 549 687 584 et
718 557 769 583 ea
803 542 1083 597 benignitate.
1105 567 1163 572 -—
1183 543 1295 585 Ibid.
1326 559 1501 586 munera

94 600 180 642 sibi
202 599 290 656 ipsi
312 600 393 640 emi
414 614 494 640 non
516 598 643 653 sisse]
667 614 839 640 munera
861 600 946 641 sibi
968 599 1107 654 ipsum
1130 601 1295 642 emisse.
1311 625 1370 630 —
1386 599 1498 642 lbid.

94 657 140 698 in
160 671 336 713 regnum
358 662 422 698 est
438 656 680 711 profectus,
704 662 928 713 actumque
949 655 993 696 in
1013 657 1125 698 Asia
1150 658 1299 699 bellum
1321 657 1424 712 ***]
1456 659 1501 700 in

95 728 272 770 regnum
293 719 358 755 est
371 713 615 769 profectus.

153 772 276 826 Epit.
300 770 521 812 XLVIII.
549 770 701 826 Scipio
719 769 978 826 Africanus]
1000 769 1246 826 Africanus
1263 771 1427 827 Scipio.
1442 796 1499 801 —-

96 827 218 883 Epit.
242 827 416 869 XLIX.
440 833 540 868 ante
560 842 714 868 annum
736 826 1022 881 centesimum]
1047 843 1157 871 anno
1180 829 1419 870 centesimo.
1441 853 1499 858 —

95 884 210 926 Ibid.
243 883 550 939 rebellandum]
585 885 1039 926 bellandum—lbid.
1073 885 1242 940 scienti]
1280 887 1497 928 scientem.

95 941 290 996 ——Epit.
319 941 369 982 L.
400 947 487 982 tres
518 941 704 996 legatos]
738 941 920 997 legatos.
938 966 994 970 —
1012 941 1124 983 lbid.
1157 943 1295 998 stirpe
1322 943 1499 998 generis

87 1013 246 1054 parem
278 998 374 1054 regi
397 998 703 1051 Macedonum]
737 1012 793 1038 ex
824 999 962 1054 stirpe
989 1000 1165 1054 generis
1187 1000 1356 1048 Persei,
1379 1000 1499 1056 regis

96 1054 606 1096 Macedonum—lbid.
642 1055 862 1096 Romanos
894 1057 1061 1096 auxilio
1095 1056 1299 1110 iuvantis]
1338 1057 1501 1097 Roma-

95 1126 243 1154 norum
274 1111 446 1152 auxilia
479 1111 678 1152 iuvantis·
698 1111 891 1165 -Epit.
924 1111 1001 1153 LI.
1029 1112 1239 1166 Achaeis]
1274 1113 1497 1154 Achaicis.

95 1192 153 1199 —
174 1167 293 1224 Epit.
328 1167 429 1209 LII.
476 1168 523 1208 C.
558 1167 773 1218 Vetilium]
810 1168 876 1208 M.
910 1167 1118 1209 Vetilium.
1140 1193 1197 1198 ——
1220 1170 1338 1224 Epit.
1373 1169 1497 1211 LIV.

87 1240 245 1282 pacem
276 1240 303 1266 a
327 1225 494 1280 populo
516 1224 713 1265 Romano
735 1224 994 1279 infirmatam
1007 1225 1144 1280 fecit]
1166 1241 1321 1281 pacem
1350 1227 1406 1267 ab
1437 1227 1503 1267 in-

81 1282 439 1338 firmitatesecit.
458 1281 649 1336 -Epit.
675 1281 798 1322 LVI.
823 1281 910 1322 tria
931 1282 1082 1330 millia,
1105 1289 1322 1339 nongenta
1343 1283 1501 1338 viginti

97 1338 204 1393 tria]
242 1339 329 1380 tria
364 1339 514 1380 millia.
537 1362 594 1367 —
617 1338 734 1392 Epit.
767 1337 936 1380 LVIII.
979 1339 1024 1380 C.
1053 1338 1318 1394 Gracchum]
1358 1340 1501 1381 Grac-

98 1396 232 1438 chum.
253 1421 311 1425 —
332 1395 453 1450 Epit.
481 1395 604 1436 LIX.
627 1395 768 1451 plebi]
795 1396 952 1450 plebis.
977 1421 1033 1424 —
1059 1396 1176 1451 Epit.
1203 1396 1350 1438 LXV.
1376 1411 1501 1453 supe-

97 1452 320 1507 raverant]
343 1459 664 1508 superaverunt.
681 1477 737 1481 —
752 1452 872 1507 Epit.
893 1452 1086 1494 LXVII.
1111 1453 1343 1510 Boiorige]
1366 1454 1502 1496 Boio-

97 1511 197 1566 rige
226 1525 343 1565 rege.
361 1509 546 1551 —Ibid.
578 1511 802 1551 secundum
828 1509 1132 1564 Arausionem]
1161 1511 1396 1552 Secundum
1424 1526 1504 1566 po-

90 1568 192 1623 puli
215 1567 400 1608 Romani
422 1566 662 1608 iussionem.
680 1590 737 1595 —-
753 1566 874 1620 Epit.
900 1567 1144 1608 LXXVII.
1169 1574 1213 1608 ut
1240 1568 1286 1608 C.
1304 1567 1498 1623 illarius]

99 1630 145 1666 ut
181 1623 373 1666 Blarius.
398 1648 453 1653 —
475 1623 593 1677 Epit.
631 1623 943 1664 LXXXVIII.
978 1624 1226 1679 proposuit]
1257 1625 1420 1681 posuit.
1443 1648 1502 1654 —

101 1680 222 1736 Epit.
246 1680 518 1722 LXXXIX.
547 1681 587 1721 ei
618 1679 825 1734 incubuit]
860 1681 1061 1722 incubuit.
1080 1705 1137 1710 -—
1154 1681 1264 1721 lbid.
1287 1680 1501 1737 Legibus]

99 1738 337 1779 Rebus.—
358 1738 467 1779 lbid.
507 1738 555 1778 C.
578 1736 833 1791 Norbanus]
872 1738 946 1778 Cn.
980 1738 1230 1779 Norbanus.
1261 1761 1296 1767 ·—
1328 1738 1440 1780 lbid.
1474 1753 1503 1779 a

101 1794 389 1849 Samnitibus]
425 1795 467 1835 in
505 1794 691 1835 Samnio,
714 1818 772 1823 —-
793 1794 913 1848 Epit.
950 1794 1046 1835 XC.
1085 1795 1140 1836 L.
1164 1794 1404 1849 Domitius]
1435 1795 1500 1836 M.

101 1852 335 1894 Domitius.
359 1876 416 1880 —
437 1851 547 1893 lbid.
584 1851 826 1905 IIirtuleio]
872 1850 1122 1893 Herculeio.
1144 1876 1200 1880 —
1224 1852 1342 1907 Epit.
1381 1851 1501 1893 XCI.

101 1908 390 1963 Hirtuleium]
425 1909 717 1949 Ilerculciutn.
742 1932 798 1937 —
820 1908 940 1962 Epit.
966 1907 1133 1949 XCIII.
1167 1924 1193 1949 α
1223 1924 1326 1964 rege
1353 1909 1504 1959 rictus,

101 1966 270 2021 resque]
293 1982 320 2007 α
343 1980 446 2021 rege
470 1966 605 2006 ciclus
629 1971 704 2006 est.
730 1980 893 2020 resque.
915 1990 971 1994 ---
995 1965 1106 2006 lbid.
1131 1981 1158 2006 (ι
1182 1965 1380 2020 Metello]
1406 1966 1505 2008 Me-

102 2024 217 2064 tello.
240 2048 296 2053 ——
318 2023 429 2064 lbid.
450 2021 624 2077 gestae]
650 2028 803 2078 gestas
836 2022 1034 2063 continet.
1058 2046 1115 2051 -—-
1138 2023 1255 2077 Epir.
1282 2023 1423 2064 XCV.
1450 2023 1503 2064 P.

113 2079 348 2134 Varinium]
381 2080 432 2120 Ι).
463 2079 683 2120 Varenum.
707 2104 762 2108 —
786 2078 904 2131 Epit.
931 2078 1100 2120 XCVI.
1132 2079 1197 2120 M.
1218 2079 1503 2135 Perpernam]

103 2137 318 2179 AIarcum.
343 2161 400 2166 —
424 2136 542 2191 lipit.
580 2136 771 2177 XCVII.
814 2135 1033 2190 Gannico]
1082 2137 1289 2178 Granico.
1311 2161 1369 2166 —
1390 2137 1502 2178 Ibid.

103 2195 256 2235 deinde
290 2193 538 2248 debellavit]
578 2194 728 2234 deinde
764 2193 953 2234 bellavit.
977 2218 1031 2222 -—
1056 2193 1167 2235 lbid.
1196 2196 1384 2249 gestum]
1417 2209 1508 2236 sus-

104 2258 283 2307 ceptum.
306 2276 362 2280 -
386 2251 504 2305 Epit.
540 2250 660 2292 CIV.
693 2251 746 2291 ob
782 2250 980 2301 iniurias,
1014 2266 1123 2306 quas
1146 2251 1447 2307 patiebantur,
1479 2266 1507 2292 α

102 2308 192 2349 suis
246 2323 378 2364 regno
429 2307 600 2363 pulsus]
659 2308 712 2348 ob
768 2308 965 2356 iniurias,
1017 2323 1125 2363 quas
1171 2309 1426 2362 patiebatur
1476 2324 1504 2349 a

103 2365 208 2415 suis,
243 2380 377 2420 regno
402 2365 644 2419 pulsus.—-—
663 2365 782 2419 Epit.
817 2363 913 2405 CV.
947 2366 1100 2406 iterum
1115 2364 1321 2420 felicius]
1355 2367 1508 2406 iterum

101 2423 472 2478 pareznzjz1lic·ius.
495 2445 551 2450 -
575 2421 694 2475 Epit.
726 2421 844 2462 CVI.
879 2422 990 2462 inter
1021 2437 1132 2476 quae
1165 2421 1274 2476 eius]
1313 2423 1509 2478 interque

106 2493 192 2521 eos.
215 2504 271 2508 —
294 2479 402 2520 lbid.
432 2478 483 2524 Q.
509 2478 749 2532 (sicet-onis]
777 2477 831 2524 Q.
856 2479 1021 2520 Cicero.
1042 2503 1099 2508 —
1122 2479 1242 2533 Epit.
1268 2478 1435 2520 CVIII.
1464 2480 1508 2520 in

107 2535 288 2592 tempus]
314 2537 356 2576 in
378 2536 424 2576 id
442 2542 617 2590 ternpus.
637 2558 693 2563 ——
711 2536 826 2589 Epir.
852 2535 972 2576 CIX.
996 2535 1166 2590 deinde]
1191 2537 1303 2577 dein.
1320 2560 1377 2565 --
1396 2536 1506 2577 lbid.

108 2592 159 2634 P.
183 2592 384 2647 Lentulo]
417 2592 471 2634 L.
496 2593 693 2634 Lentulo.
717 2616 773 2621 —
796 2592 916 2646 Epit.
942 2592 1062 2633 CXI.
1097 2592 1396 2647 Varronianis]
1430 2592 1510 2634 Va-

108 2650 260 2691 rianis.
283 2674 342 2680 -—-
364 2650 484 2704 Epit.
509 2649 655 2691 CXII.
680 2649 866 2705 offensus
894 2649 975 2703 est]
1007 2650 1201 2705 inl'cnsus
1223 2657 1299 2691 est.
1318 2674 1375 2680 ——
1401 2650 1507 2693 lbid.

109 2721 186 2748 nec
225 2706 336 2761 sine]
387 2707 490 2748 sine.
510 2730 564 2736 —
584 2706 704 2761 Epit.
749 2705 916 2747 CXIV.
992 2708 1294 2763 uaclragcsimo
1344 2708 1510 2761 octavo]

111 2763 443 2818 quadragesimo
485 2779 604 2805 nono.
627 2788 685 2794 —
710 2763 824 2818 Epir.
868 2763 948 2804 CX
1004 2795 1012 2804 .
1051 2779 1133 2819 quo
1176 2764 1380 2819 beneficio
1422 2764 1512 2804 cius

114 2820 357 2861 Marcellus
371 2821 475 2876 frui
503 2836 585 2862 non
626 2821 785 2875 )otuit.]
818 2821 905 2867 Qui
928 2821 1171 2862 filare-ellus
1193 2821 1399 2876 beneficio
1421 2820 1513 2860 cius

97 2876 204 2931 frui
237 2890 317 2918 non
347 2878 505 2932 potuit.
528 2901 585 2908 ·—
608 2836 726 2932 Iipit.
767 2876 957 2918 CXVII.
1001 2878 1272 2926 trucidantis,
1309 2877 1383 2931 qui
1423 2889 1514 2915 sus·
