1888 3194
516 187 938 230 EDITIONUM
984 187 1174 230 LIVII.
1460 192 1544 233 467

276 276 510 320 bliothecae
542 277 788 320 Hulsianae.
851 277 964 319 Vide
992 278 1083 320 cius
1115 277 1306 335 Catalog.
1337 288 1434 322 tom.
1462 280 1543 322 ΠΙ.

276 349 391 376 num.
416 337 545 377 5917.

150 395 275 434 1588.
309 391 571 433 Francofurti
594 391 725 433 tribus
745 391 1040 442 voluminibus,
1063 392 1107 432 in
1128 392 1261 434 forma
1279 392 1543 435 duodecima.

336 447 462 490 Hanc
490 458 696 490 memorat
717 449 931 490 Fabricius
962 450 1007 490 in
1038 448 1239 491 Biblioth.
1274 451 1368 492 Lat.
1395 450 1546 492 Exstat

276 505 402 546 etiam
425 505 468 546 in
492 506 745 562 Appendice
769 505 969 548 Biblioth.
991 506 1190 548 Lcidens.
1213 522 1253 563 p.
1273 510 1369 549 519.

149 565 272 605 1589.
308 562 511 612 Londini,
534 563 577 603 in
599 563 732 604 forma
752 563 1038 619 quadruplice.

335 619 552 663 Fabricius
574 620 617 660 in
640 619 843 661 Biblioth.
868 620 961 662 Lat.
986 629 1131 662 auctor
1152 629 1226 671 est,
1248 621 1347 663 huic
1369 621 1548 663 editioni

278 675 442 775 gldgtas
471 677 597 742 fui-sse
628 677 962 734 Chronologiam
993 692 1041 719 ac
1071 677 1206 719 Notas
1239 678 1475 720 Robortelli
1506 688 1548 720 et

325 749 349 776 o
383 749 404 775 c
424 749 553 776 evaei.

153 794 277 834 1589.
311 791 528 847 Lugduni,
551 792 594 832 in
616 791 749 833 forma
770 792 994 849 octuplicc.

338 848 632 890 Memorarunt
652 849 761 891 hanc
787 850 1015 891 editionem
1041 849 1253 891 Hearnius
1275 858 1317 891 et
1342 848 1547 900 Clericus,

278 921 327 947 ac
349 907 487 948 testati
509 916 620 956 sunt,
639 907 678 948 ei
700 906 886 948 additam
909 922 996 948 esse
1019 906 1361 962 Chronologiam,
1384 922 1549 948 accom-

279 963 492 1004 modatam
524 963 577 1004 ad
609 963 769 1005 tabulas
794 964 1057 1020 Capitolinas
1080 964 1221 1005 Verrii
1249 964 1399 1014 Flacci,
1421 964 1547 1019 (forte

278 1020 530 1076 intelligitur
550 1020 633 1070 illa,
657 1035 782 1076 quam
802 1021 1040 1062 Ioachimus
1061 1020 1245 1062 Grellius
1267 1036 1319 1062 ex
1341 1021 1549 1077 prioribus

281 1076 482 1175 glagepni
531 1086 575 1142 et
628 1076 790 1132 Sigonii
841 1077 1099 1134 composuit)
1149 1086 1191 1119 ct
1238 1078 1550 1120 Annotationes

327 1149 351 1174 o
385 1149 406 1174 e
426 1149 554 1175 evael.

152 1194 274 1234 1592.
308 1189 503 1232 Venetiis
524 1190 637 1247 apud
661 1190 837 1241 Aldum,
860 1191 904 1231 in
926 1191 1059 1233 forma
1080 1192 1251 1233 maiore.

339 1248 503 1289 Addita
522 1257 620 1289 sunt
644 1247 740 1290 Car.
763 1248 925 1305 Sigonii
950 1248 1143 1298 Scholia3
1177 1263 1285 1305 quae
1308 1249 1359 1290 ab
1381 1258 1551 1290 auctore

280 1305 423 1347 multis
444 1305 488 1346 in
509 1306 698 1362 partibus
719 1315 842 1348 aucta
862 1315 906 1347 et
927 1306 1151 1347 emendata
1168 1321 1271 1356 esse,
1290 1305 1384 1348 libri
1406 1306 1553 1347 titulus

281 1371 467 1405 testatur.

155 1423 280 1463 1595.
313 1421 586 1477 Antwcrpiae
624 1436 678 1462 ex
714 1421 881 1463 officina
915 1420 1188 1462 Flaminiana
1220 1421 1334 1478 apud
1364 1420 1552 1462 Viduam

282 1486 326 1519 et
346 1476 551 1519 Ioannem
574 1478 788 1520 Moretum
819 1479 1068 1535 prodierunt
1094 1478 1347 1535 Fragmenta
1369 1478 1554 1520 Histori-

282 1550 442 1585 eorum,
472 1535 635 1577 dudum
667 1536 718 1577 ab
748 1536 940 1577 Antonio
970 1536 1213 1592 Augustino
1244 1536 1433 1586 collecta,
1456 1544 1499 1577 ct
1529 1550 1554 1576 a

284 1591 432 1633 Fulvio
474 1592 631 1634 Ursino
667 1593 915 1634 emendata:
969 1594 1123 1649 quibus
1164 1593 1412 1634 subiunctae
1455 1601 1555 1634 sunt

284 1649 474 1691 eiusdem
512 1649 657 1690 Ursini
698 1650 742 1690 in
782 1650 916 1691 varios
957 1650 1188 1700 historicos,
1231 1659 1273 1691 ct
1313 1650 1424 1691 inter
1463 1649 1554 1690 illas

284 1707 411 1748 etiam
434 1707 478 1747 in
502 1706 685 1756 Livium,
710 1706 864 1757 Notae,
887 1707 931 1748 in
953 1707 1086 1749 forma
1107 1706 1330 1763 octuplicc.

159 1768 281 1807 1599.
317 1764 579 1806 Francofurti
602 1764 733 1805 tribus
754 1764 1048 1814 voluminibus,
1072 1765 1116 1804 in
1138 1764 1271 1805 forma
1291 1764 1514 1820 octuplicc.

346 1821 492 1863 Editio
528 1821 631 1863 hacc
667 1832 922 1863 memoratur
955 1822 999 1862 in
1034 1821 1240 1877 Catalogo
1276 1821 1554 1863 bibliothecae

288 1878 521 1920 Hulsianae
544 1888 645 1920 tom.
670 1878 752 1920 III.
776 1894 892 1919 num.
917 1882 1048 1921 5918.

159 1939 283 1979 1608.
319 1935 581 1977 Francofurti
613 1935 667 1976 ad
701 1935 922 1985 Moenum,
952 1951 1004 1977 ex
1040 1936 1207 1977 officina
1231 1935 1558 1992 Typographica

287 1992 459 2035 Ioannis
490 1992 640 2043 Saurii,
663 1993 863 2050 impensis
892 1993 1121 2035 haeredum
1148 1993 1264 2035 Petri
1291 1993 1490 2043 Fischeri‚
1513 1993 1558 2034 in

285 2051 419 2092 forma
440 2051 608 2092 maiore.

347 2108 516 2150 Titulus
547 2108 667 2149 alteri
698 2108 835 2164 operis
866 2108 973 2165 parti
1005 2107 1173 2150 additus
1194 2109 1333 2158 refert,
1355 2107 1558 2164 prodiisse

321 2165 463 2207 uidem
504 2181 558 2207 ex
600 2165 767 2207 officina
809 2165 1024 2215 Sauriana,
1066 2166 1141 2207 sed
1186 2165 1387 2223 impensis
1428 2165 1558 2207 Ionae

334 2223 451 2265 hodii
491 2238 602 2264 anno
644 2222 932 2265 M.DC.V11.
1015 2222 1140 2264 Ionas
1183 2223 1378 2264 Rhodius
1418 2231 1558 2264 autem

289 2295 313 2322 a
337 2280 523 2322 Grutero
549 2281 593 2321 in
615 2280 881 2322 Praefationc
905 2280 1029 2322 Ionas
1053 2281 1167 2322 Rosa
1186 2289 1369 2322 vocatur.
1435 2279 1559 2321 Hanc

291 2337 403 2379 Livii
436 2337 663 2379 editionem
698 2338 910 2379 recensuit
943 2337 1071 2379 Ianus
1102 2337 1325 2387 Gruterus,
1354 2346 1398 2379 et
1427 2337 1562 2379 Notas

290 2395 475 2436 virorum
530 2395 749 2436 doctorum
804 2394 934 2436 ferme
989 2396 1193 2445 omnium,
1245 2410 1349 2451 quas
1403 2395 1562 2451 priores

292 2452 499 2494 editiones
531 2452 818 2501 continebant,
851 2452 1057 2502 exhibuit,
1089 2452 1278 2509 exceptis
1311 2460 1452 2493 tamen
1482 2452 1562 2492 illis

294 2509 565 2551 Velcurionis
592 2518 634 2550 ct
665 2508 863 2551 Saxonii:
898 2522 1090 2551 recenter
1113 2525 1213 2551 vcro
1240 2509 1405 2550 addidit
1428 2508 1563 2550 Notas

295 2566 431 2608 Fulvii
456 2566 601 2607 Ursini
623 2575 665 2608 et
688 2566 882 2608 Marcelli
905 2566 1079 2608 Donati.

170 2625 293 2666 1609.
327 2623 601 2672 Francofurti‚
624 2624 666 2664 in
689 2624 822 2665 forma
843 2623 1064 2680 octuplicc.

359 2680 483 2722 Hanc
514 2681 746 2722 editionem
779 2690 1013 2722 memorant
1045 2681 1257 2723 Hem-nius
1288 2689 1331 2722 et
1359 2680 1562 2729 Clericus,

300 2738 438 2779 testati
460 2737 677 2780 adiunctas
698 2753 787 2779 csse
813 2737 1072 2780 Godelevaei
1097 2739 1439 2780 Observationes.

175 2796 298 2836 1609.
334 2794 548 2844 Genevae,
571 2796 614 2836 in
636 2796 768 2836 forma
789 2796 959 2837 maiore.

361 2851 425 2893 Eo
470 2866 582 2893 anno
626 2851 826 2894 Gencvae
873 2852 974 2893 editi
1020 2862 1118 2894 sunt
1163 2853 1383 2908 scriptores
1425 2849 1566 2891 Latini

1214 2923 1241 2948 u
1263 2909 1287 2948 li
1312 2912 1336 2949 2
