<?xml version="1.0" encoding="UTF-8"?>
<!DOCTYPE html PUBLIC "-//W3C//DTD XHTML 1.0 Transitional//EN"
    "http://www.w3.org/TR/xhtml1/DTD/xhtml1-transitional.dtd">
<html xmlns="http://www.w3.org/1999/xhtml" xml:lang="en" lang="en">
 <head>
  <title>
</title>
<meta http-equiv="Content-Type" content="text/html;charset=utf-8" />
  <meta name='ocr-system' content='tesseract 3.04.00' />
  <meta name='ocr-capabilities' content='ocr_page ocr_carea ocr_par ocr_line ocrx_word'/>
</head>
<body>
  <div class='ocr_page' id='page_1' title='image "./historiarumli04livyuoft/historiarumli04livyuoft_0158.png"; bbox 0 0 1888 3194; ppageno 0'>
   <div class='ocr_carea' id='block_1_1' title="bbox 335 156 1208 204">
    <p class='ocr_par' dir='ltr' id='par_1_1' title="bbox 335 156 1208 204">
     <span class='ocr_line' id='line_1_1' title="bbox 335 156 1208 204; baseline -0.007 0"><span class='ocrx_word' id='word_1_1' title='bbox 335 164 415 204; x_wconf 87' lang='grc'>146</span> <span class='ocrx_word' id='word_1_2' title='bbox 837 157 986 200; x_wconf 92' lang='grc' dir='ltr'>ΤΙΤΙ</span> <span class='ocrx_word' id='word_1_3' title='bbox 1027 156 1208 199; x_wconf 90' lang='lat' dir='ltr'><strong>LIVII</strong></span> 
     </span>
    </p>
   </div>
   <div class='ocr_carea' id='block_1_2' title="bbox 126 248 1761 2588">
    <p class='ocr_par' dir='ltr' id='par_1_2' title="bbox 126 248 1726 305">
     <span class='ocr_line' id='line_1_2' title="bbox 126 248 1726 305; baseline -0.002 -12"><span class='ocrx_word' id='word_1_4' title='bbox 126 260 172 293; x_wconf 86' lang='lat' dir='ltr'>U.</span> <span class='ocrx_word' id='word_1_5' title='bbox 188 261 227 293; x_wconf 87' lang='lat' dir='ltr'>C.</span> <span class='ocrx_word' id='word_1_6' title='bbox 251 260 321 300; x_wconf 79' lang='lat'><strong>584-</strong></span> <span class='ocrx_word' id='word_1_7' title='bbox 334 254 480 302; x_wconf 89' lang='lat' dir='ltr'>iectus,</span> <span class='ocrx_word' id='word_1_8' title='bbox 517 251 782 292; x_wconf 86' lang='lat' dir='ltr'>Antenorem</span> <span class='ocrx_word' id='word_1_9' title='bbox 822 258 865 290; x_wconf 89' lang='lat' dir='ltr'>et</span> <span class='ocrx_word' id='word_1_10' title='bbox 902 248 1146 305; x_wconf 85' lang='lat' dir='ltr'>Callippum</span> <span class='ocrx_word' id='word_1_11' title='bbox 1186 248 1417 304; x_wconf 84' lang='lat' dir='ltr'><strong>praefectos</strong></span> <span class='ocrx_word' id='word_1_12' title='bbox 1455 248 1594 290; x_wconf 89' lang='lat' dir='ltr'>classis</span> <span class='ocrx_word' id='word_1_13' title='bbox 1629 263 1726 290; x_wconf 90' lang='lat' dir='ltr'>cum</span> 
     </span>
    </p>

    <p class='ocr_par' dir='ltr' id='par_1_3' title="bbox 129 302 1724 367">
     <span class='ocr_line' id='line_1_3' title="bbox 129 302 1724 367; baseline -0.004 -15"><span class='ocrx_word' id='word_1_14' title='bbox 129 305 169 335; x_wconf 91' lang='lat' dir='ltr'>A.</span> <span class='ocrx_word' id='word_1_15' title='bbox 191 304 231 351; x_wconf 77' lang='lat' dir='ltr'>C:</span> <span class='ocrx_word' id='word_1_16' title='bbox 256 302 325 335; x_wconf 81' lang='lat'>168.</span> <span class='ocrx_word' id='word_1_17' title='bbox 338 309 616 367; x_wconf 85' lang='lat' dir='ltr'>quadraginta</span> <span class='ocrx_word' id='word_1_18' title='bbox 642 307 789 348; x_wconf 85' lang='lat' dir='ltr'>lembis</span> <span class='ocrx_word' id='word_1_19' title='bbox 816 306 1022 363; x_wconf 87' lang='lat' dir='ltr'>(adiectae</span> <span class='ocrx_word' id='word_1_20' title='bbox 1055 306 1109 347; x_wconf 92' lang='lat' dir='ltr'>ad</span> <span class='ocrx_word' id='word_1_21' title='bbox 1137 306 1251 346; x_wconf 88' lang='lat' dir='ltr'>hune</span> <span class='ocrx_word' id='word_1_22' title='bbox 1281 321 1505 347; x_wconf 88' lang='lat' dir='ltr'>numerum</span> <span class='ocrx_word' id='word_1_23' title='bbox 1535 305 1724 362; x_wconf 89' lang='lat' dir='ltr'>quinque</span> 
     </span>
    </p>

    <p class='ocr_par' dir='ltr' id='par_1_4' title="bbox 128 347 1761 2588">
     <span class='ocr_line' id='line_1_4' title="bbox 128 347 1759 424; baseline -0.004 -15"><span class='ocrx_word' id='word_1_24' title='bbox 128 347 249 421; x_wconf 47' lang='grc' dir='ltr'>ἓξὲξ,</span> <span class='ocrx_word' id='word_1_25' title='bbox 339 368 488 424; x_wconf 85' lang='lat' dir='ltr'>pristes</span> <span class='ocrx_word' id='word_1_26' title='bbox 508 365 647 421; x_wconf 88' lang='lat' dir='ltr'>erant)</span> <span class='ocrx_word' id='word_1_27' title='bbox 668 364 892 406; x_wconf 89' lang='lat' dir='ltr'>Tenedum</span> <span class='ocrx_word' id='word_1_28' title='bbox 918 363 1047 404; x_wconf 89' lang='lat' dir='ltr'>mittit</span> <span class='ocrx_word' id='word_1_29' title='bbox 1059 379 1070 412; x_wconf 82' lang='lat'><em>3</em></span> <span class='ocrx_word' id='word_1_30' title='bbox 1105 372 1153 403; x_wconf 90' lang='lat' dir='ltr'>ut</span> <span class='ocrx_word' id='word_1_31' title='bbox 1173 363 1271 404; x_wconf 88' lang='lat' dir='ltr'>inde</span> <span class='ocrx_word' id='word_1_32' title='bbox 1300 377 1459 419; x_wconf 87' lang='lat' dir='ltr'>sparsas</span> <span class='ocrx_word' id='word_1_33' title='bbox 1478 378 1554 419; x_wconf 90' lang='lat' dir='ltr'>per</span> <span class='ocrx_word' id='word_1_34' title='bbox 1576 359 1759 422; x_wconf 50' lang='lat' dir='ltr'>Cycla-2</span> 
     </span>
     <span class='ocr_line' id='line_1_5' title="bbox 341 420 1727 476; baseline -0.004 -10"><span class='ocrx_word' id='word_1_35' title='bbox 341 426 415 466; x_wconf 89' lang='lat' dir='ltr'>das</span> <span class='ocrx_word' id='word_1_36' title='bbox 449 423 604 464; x_wconf 88' lang='lat' dir='ltr'>insulas</span> <span class='ocrx_word' id='word_1_37' title='bbox 638 437 777 470; x_wconf 83' lang='lat' dir='ltr'>naves,</span> <span class='ocrx_word' id='word_1_38' title='bbox 812 420 1107 461; x_wconf 87' lang='lat' dir='ltr'>Macedoniam</span> <span class='ocrx_word' id='word_1_39' title='bbox 1144 435 1241 460; x_wconf 90' lang='lat' dir='ltr'>cum</span> <span class='ocrx_word' id='word_1_40' title='bbox 1275 420 1486 461; x_wconf 86' lang='lat' dir='ltr'>frumento</span> <span class='ocrx_word' id='word_1_41' title='bbox 1521 429 1727 476; x_wconf 90' lang='lat' dir='ltr'>petentes,</span> 
     </span>
     <span class='ocr_line' id='line_1_6' title="bbox 342 477 1730 533; baseline -0.004 -10"><span class='ocrx_word' id='word_1_42' title='bbox 342 490 589 523; x_wconf 88' lang='lat' dir='ltr'>tutarentur.</span> <span class='ocrx_word' id='word_1_43' title='bbox 662 478 945 520; x_wconf 81' lang='lat' dir='ltr'>Cassandreae</span> <span class='ocrx_word' id='word_1_44' title='bbox 979 477 1184 517; x_wconf 88' lang='lat' dir='ltr'>deductae</span> <span class='ocrx_word' id='word_1_45' title='bbox 1221 491 1346 517; x_wconf 90' lang='lat' dir='ltr'>naves</span> <span class='ocrx_word' id='word_1_46' title='bbox 1381 477 1425 516; x_wconf 94' lang='lat' dir='ltr'>in</span> <span class='ocrx_word' id='word_1_47' title='bbox 1464 486 1610 533; x_wconf 89' lang='lat' dir='ltr'>portus</span> <span class='ocrx_word' id='word_1_48' title='bbox 1643 477 1730 533; x_wconf 90' lang='lat' dir='ltr'>pri-</span> 
     </span>
     <span class='ocr_line' id='line_1_7' title="bbox 342 533 1729 593; baseline -0.004 -13"><span class='ocrx_word' id='word_1_49' title='bbox 342 554 472 588; x_wconf 87' lang='lat' dir='ltr'>mum,</span> <span class='ocrx_word' id='word_1_50' title='bbox 502 537 575 593; x_wconf 93' lang='lat' dir='ltr'>qui</span> <span class='ocrx_word' id='word_1_51' title='bbox 605 536 681 577; x_wconf 89' lang='lat' dir='ltr'>sub</span> <span class='ocrx_word' id='word_1_52' title='bbox 714 535 830 576; x_wconf 84' lang='lat' dir='ltr'>Atho</span> <span class='ocrx_word' id='word_1_53' title='bbox 862 542 1004 575; x_wconf 90' lang='lat' dir='ltr'>monte</span> <span class='ocrx_word' id='word_1_54' title='bbox 1035 542 1145 582; x_wconf 89' lang='lat' dir='ltr'>sunt,</span> <span class='ocrx_word' id='word_1_55' title='bbox 1177 533 1275 574; x_wconf 90' lang='lat' dir='ltr'>inde</span> <span class='ocrx_word' id='word_1_56' title='bbox 1308 533 1533 574; x_wconf 87' lang='lat' dir='ltr'>Tenedum</span> <span class='ocrx_word' id='word_1_57' title='bbox 1564 533 1729 590; x_wconf 89' lang='lat' dir='ltr'>placido</span> 
     </span>
     <span class='ocr_line' id='line_1_8' title="bbox 343 590 1731 650; baseline -0.004 -13"><span class='ocrx_word' id='word_1_58' title='bbox 343 596 446 637; x_wconf 87' lang='lat' dir='ltr'>mari</span> <span class='ocrx_word' id='word_1_59' title='bbox 475 609 606 650; x_wconf 89' lang='lat' dir='ltr'>quum</span> <span class='ocrx_word' id='word_1_60' title='bbox 634 592 904 640; x_wconf 87' lang='lat' dir='ltr'>traiecissent,</span> <span class='ocrx_word' id='word_1_61' title='bbox 934 598 1088 631; x_wconf 85' lang='lat' dir='ltr'>stantes</span> <span class='ocrx_word' id='word_1_62' title='bbox 1121 590 1166 630; x_wconf 91' lang='lat' dir='ltr'>in</span> <span class='ocrx_word' id='word_1_63' title='bbox 1197 599 1320 646; x_wconf 87' lang='lat' dir='ltr'>portu</span> <span class='ocrx_word' id='word_1_64' title='bbox 1348 591 1537 632; x_wconf 86' lang='lat' dir='ltr'>Rhodias</span> <span class='ocrx_word' id='word_1_65' title='bbox 1568 600 1731 647; x_wconf 88' lang='lat' dir='ltr'>apertas</span> 
     </span>
     <span class='ocr_line' id='line_1_9' title="bbox 342 647 1730 704; baseline -0.004 -10"><span class='ocrx_word' id='word_1_66' title='bbox 342 668 470 694; x_wconf 73' lang='lat' dir='ltr'>naves</span> <span class='ocrx_word' id='word_1_67' title='bbox 499 650 823 704; x_wconf 83' lang='lat' dir='ltr'>Eudamumque</span> <span class='ocrx_word' id='word_1_68' title='bbox 858 647 1115 703; x_wconf 87' lang='lat' dir='ltr'>praefectum</span> <span class='ocrx_word' id='word_1_69' title='bbox 1151 662 1308 697; x_wconf 88' lang='lat' dir='ltr'>earum,</span> <span class='ocrx_word' id='word_1_70' title='bbox 1338 648 1568 697; x_wconf 84' lang='lat' dir='ltr'>inviolatos,</span> <span class='ocrx_word' id='word_1_71' title='bbox 1602 656 1730 704; x_wconf 90' lang='lat' dir='ltr'>atque</span> 
     </span>
     <span class='ocr_line' id='line_1_10' title="bbox 343 703 1761 763; baseline -0.003 -12"><span class='ocrx_word' id='word_1_72' title='bbox 343 710 469 751; x_wconf 90' lang='lat' dir='ltr'>etiam</span> <span class='ocrx_word' id='word_1_73' title='bbox 497 708 678 763; x_wconf 87' lang='lat' dir='ltr'>benigne</span> <span class='ocrx_word' id='word_1_74' title='bbox 704 704 933 761; x_wconf 87' lang='lat' dir='ltr'>appellatos</span> <span class='ocrx_word' id='word_1_75' title='bbox 963 703 1224 745; x_wconf 88' lang='lat' dir='ltr'>dimiserunt.</span> <span class='ocrx_word' id='word_1_76' title='bbox 1289 704 1474 760; x_wconf 88' lang='lat' dir='ltr'>Cognito</span> <span class='ocrx_word' id='word_1_77' title='bbox 1495 705 1663 755; x_wconf 88' lang='lat' dir='ltr'>deinde,</span> <span class='ocrx_word' id='word_1_78' title='bbox 1685 705 1761 749; x_wconf 78' lang='lat' dir='ltr'>in3</span> 
     </span>
     <span class='ocr_line' id='line_1_11' title="bbox 342 762 1732 817; baseline -0.004 -10"><span class='ocrx_word' id='word_1_79' title='bbox 342 767 470 808; x_wconf 86' lang='lat' dir='ltr'>latere</span> <span class='ocrx_word' id='word_1_80' title='bbox 507 765 637 805; x_wconf 88' lang='lat' dir='ltr'>altero</span> <span class='ocrx_word' id='word_1_81' title='bbox 666 762 973 817; x_wconf 87' lang='lat' dir='ltr'>quinquaginta</span> <span class='ocrx_word' id='word_1_82' title='bbox 1000 762 1208 802; x_wconf 84' lang='lat' dir='ltr'>onerarias</span> <span class='ocrx_word' id='word_1_83' title='bbox 1244 776 1425 811; x_wconf 89' lang='lat' dir='ltr'>suarum,</span> <span class='ocrx_word' id='word_1_84' title='bbox 1451 763 1655 803; x_wconf 86' lang='lat' dir='ltr'>stantibus</span> <span class='ocrx_word' id='word_1_85' title='bbox 1686 762 1732 802; x_wconf 91' lang='lat' dir='ltr'>in</span> 
     </span>
     <span class='ocr_line' id='line_1_12' title="bbox 343 818 1730 877; baseline -0.004 -12"><span class='ocrx_word' id='word_1_86' title='bbox 343 824 448 865; x_wconf 89' lang='lat' dir='ltr'>ostio</span> <span class='ocrx_word' id='word_1_87' title='bbox 484 830 628 877; x_wconf 91' lang='lat' dir='ltr'>portus</span> <span class='ocrx_word' id='word_1_88' title='bbox 665 819 868 860; x_wconf 89' lang='lat' dir='ltr'>Eumenis</span> <span class='ocrx_word' id='word_1_89' title='bbox 909 818 1106 867; x_wconf 80' lang='lat' dir='ltr'>rostratis,</span> <span class='ocrx_word' id='word_1_90' title='bbox 1136 819 1288 874; x_wconf 91' lang='lat' dir='ltr'>quibus</span> <span class='ocrx_word' id='word_1_91' title='bbox 1316 818 1494 860; x_wconf 90' lang='lat' dir='ltr'>Damius</span> <span class='ocrx_word' id='word_1_92' title='bbox 1529 827 1730 875; x_wconf 84' lang='lat' dir='ltr'>praeerat,</span> 
     </span>
     <span class='ocr_line' id='line_1_13' title="bbox 342 875 1731 931; baseline -0.002 -11"><span class='ocrx_word' id='word_1_93' title='bbox 342 880 522 921; x_wconf 88' lang='lat' dir='ltr'>inclusas</span> <span class='ocrx_word' id='word_1_94' title='bbox 558 892 668 926; x_wconf 80' lang='lat' dir='ltr'>esse3</span> <span class='ocrx_word' id='word_1_95' title='bbox 706 875 975 917; x_wconf 79' lang='lat' dir='ltr'>circumvecti</span> <span class='ocrx_word' id='word_1_96' title='bbox 1010 890 1197 931; x_wconf 81' lang='lat' dir='ltr'>propere,</span> <span class='ocrx_word' id='word_1_97' title='bbox 1232 891 1278 917; x_wconf 90' lang='lat' dir='ltr'>ac</span> <span class='ocrx_word' id='word_1_98' title='bbox 1318 876 1536 917; x_wconf 91' lang='lat' dir='ltr'>summotis</span> <span class='ocrx_word' id='word_1_99' title='bbox 1576 885 1731 917; x_wconf 89' lang='lat' dir='ltr'>terrore</span> 
     </span>
     <span class='ocr_line' id='line_1_14' title="bbox 343 932 1733 989; baseline -0.002 -12"><span class='ocrx_word' id='word_1_100' title='bbox 343 936 526 978; x_wconf 91' lang='lat' dir='ltr'>hostium</span> <span class='ocrx_word' id='word_1_101' title='bbox 558 935 744 983; x_wconf 91' lang='lat' dir='ltr'>navibus,</span> <span class='ocrx_word' id='word_1_102' title='bbox 775 933 994 981; x_wconf 83' lang='lat' dir='ltr'>onerarias,</span> <span class='ocrx_word' id='word_1_103' title='bbox 1021 932 1140 982; x_wconf 90' lang='lat' dir='ltr'>datis,</span> <span class='ocrx_word' id='word_1_104' title='bbox 1164 933 1238 989; x_wconf 90' lang='lat' dir='ltr'>qui</span> <span class='ocrx_word' id='word_1_105' title='bbox 1267 942 1632 989; x_wconf 85' lang='lat' dir='ltr'>prosequerentur,</span> <span class='ocrx_word' id='word_1_106' title='bbox 1658 933 1733 974; x_wconf 92' lang='lat' dir='ltr'>de-</span> 
     </span>
     <span class='ocr_line' id='line_1_15' title="bbox 344 989 1734 1046; baseline -0.004 -11"><span class='ocrx_word' id='word_1_107' title='bbox 344 1009 435 1035; x_wconf 90' lang='lat' dir='ltr'>cem</span> <span class='ocrx_word' id='word_1_108' title='bbox 456 992 616 1042; x_wconf 88' lang='lat' dir='ltr'>lembis,</span> <span class='ocrx_word' id='word_1_109' title='bbox 639 992 684 1032; x_wconf 92' lang='lat' dir='ltr'>in</span> <span class='ocrx_word' id='word_1_110' title='bbox 706 990 1001 1032; x_wconf 88' lang='lat' dir='ltr'>Macedoniam</span> <span class='ocrx_word' id='word_1_111' title='bbox 1030 989 1227 1031; x_wconf 85' lang='lat' dir='ltr'>mittunt:</span> <span class='ocrx_word' id='word_1_112' title='bbox 1266 990 1325 1031; x_wconf 90' lang='lat' dir='ltr'>ita</span> <span class='ocrx_word' id='word_1_113' title='bbox 1344 999 1391 1031; x_wconf 92' lang='lat' dir='ltr'>ut</span> <span class='ocrx_word' id='word_1_114' title='bbox 1412 991 1456 1031; x_wconf 90' lang='lat' dir='ltr'>in</span> <span class='ocrx_word' id='word_1_115' title='bbox 1477 999 1616 1031; x_wconf 90' lang='lat' dir='ltr'>tutum</span> <span class='ocrx_word' id='word_1_116' title='bbox 1636 1005 1734 1046; x_wconf 91' lang='lat' dir='ltr'>pro-</span> 
     </span>
     <span class='ocr_line' id='line_1_16' title="bbox 345 1046 1733 1103; baseline -0.003 -11"><span class='ocrx_word' id='word_1_117' title='bbox 345 1050 476 1092; x_wconf 88' lang='lat' dir='ltr'>secuti</span> <span class='ocrx_word' id='word_1_118' title='bbox 504 1049 688 1091; x_wconf 87' lang='lat' dir='ltr'>redirent</span> <span class='ocrx_word' id='word_1_119' title='bbox 715 1048 952 1089; x_wconf 90' lang='lat' dir='ltr'>Tenedum.</span> <span class='ocrx_word' id='word_1_120' title='bbox 1016 1046 1143 1088; x_wconf 86' lang='lat' dir='ltr'>Nono</span> <span class='ocrx_word' id='word_1_121' title='bbox 1163 1055 1258 1103; x_wconf 90' lang='lat' dir='ltr'>post</span> <span class='ocrx_word' id='word_1_122' title='bbox 1277 1047 1346 1088; x_wconf 89' lang='lat' dir='ltr'>die</span> <span class='ocrx_word' id='word_1_123' title='bbox 1368 1047 1422 1088; x_wconf 87' lang='lat' dir='ltr'>ad</span> <span class='ocrx_word' id='word_1_124' title='bbox 1442 1047 1627 1097; x_wconf 86' lang='lat' dir='ltr'>classem,</span> <span class='ocrx_word' id='word_1_125' title='bbox 1648 1047 1733 1088; x_wconf 87' lang='lat' dir='ltr'>iam</span> 
     </span>
     <span class='ocr_line' id='line_1_17' title="bbox 345 1104 1734 1164; baseline -0.003 -15"><span class='ocrx_word' id='word_1_126' title='bbox 345 1109 399 1149; x_wconf 90' lang='lat' dir='ltr'>ad</span> <span class='ocrx_word' id='word_1_127' title='bbox 430 1107 600 1164; x_wconf 84' lang='lat' dir='ltr'>Sigeum</span> <span class='ocrx_word' id='word_1_128' title='bbox 635 1114 827 1155; x_wconf 84' lang='lat' dir='ltr'>stantem,</span> <span class='ocrx_word' id='word_1_129' title='bbox 862 1104 1089 1146; x_wconf 87' lang='lat' dir='ltr'>redierunt.</span> <span class='ocrx_word' id='word_1_130' title='bbox 1151 1104 1258 1145; x_wconf 88' lang='lat' dir='ltr'>Inde</span> <span class='ocrx_word' id='word_1_131' title='bbox 1295 1104 1452 1146; x_wconf 90' lang='lat' dir='ltr'>Subota</span> <span class='ocrx_word' id='word_1_132' title='bbox 1483 1104 1641 1160; x_wconf 87' lang='lat' dir='ltr'>(insula</span> <span class='ocrx_word' id='word_1_133' title='bbox 1671 1111 1734 1145; x_wconf 89' lang='lat' dir='ltr'>est</span> 
     </span>
     <span class='ocr_line' id='line_1_18' title="bbox 344 1161 1732 1218; baseline -0.004 -11"><span class='ocrx_word' id='word_1_134' title='bbox 344 1165 565 1207; x_wconf 88' lang='lat' dir='ltr'>interiecta</span> <span class='ocrx_word' id='word_1_135' title='bbox 593 1162 746 1204; x_wconf 90' lang='lat' dir='ltr'>Elaeae</span> <span class='ocrx_word' id='word_1_136' title='bbox 772 1171 815 1203; x_wconf 90' lang='lat' dir='ltr'>et</span> <span class='ocrx_word' id='word_1_137' title='bbox 846 1161 985 1217; x_wconf 88' lang='lat' dir='ltr'>Atho)</span> <span class='ocrx_word' id='word_1_138' title='bbox 1017 1161 1241 1202; x_wconf 89' lang='lat' dir='ltr'>traiiciunt.</span> <span class='ocrx_word' id='word_1_139' title='bbox 1304 1161 1427 1203; x_wconf 87' lang='lat' dir='ltr'>Forte</span> <span class='ocrx_word' id='word_1_140' title='bbox 1452 1170 1618 1218; x_wconf 90' lang='lat' dir='ltr'>postero</span> <span class='ocrx_word' id='word_1_141' title='bbox 1648 1161 1732 1211; x_wconf 89' lang='lat' dir='ltr'>die,</span> 
     </span>
     <span class='ocr_line' id='line_1_19' title="bbox 346 1218 1734 1279; baseline -0.002 -16"><span class='ocrx_word' id='word_1_142' title='bbox 346 1237 474 1279; x_wconf 88' lang='lat' dir='ltr'>quam</span> <span class='ocrx_word' id='word_1_143' title='bbox 498 1221 658 1263; x_wconf 89' lang='lat' dir='ltr'>Subota</span> <span class='ocrx_word' id='word_1_144' title='bbox 677 1219 816 1261; x_wconf 87' lang='lat' dir='ltr'>classis</span> <span class='ocrx_word' id='word_1_145' title='bbox 837 1218 986 1268; x_wconf 90' lang='lat' dir='ltr'>tenuit,</span> <span class='ocrx_word' id='word_1_146' title='bbox 1008 1219 1197 1274; x_wconf 91' lang='lat' dir='ltr'>quinque</span> <span class='ocrx_word' id='word_1_147' title='bbox 1219 1227 1261 1260; x_wconf 90' lang='lat' dir='ltr'>et</span> <span class='ocrx_word' id='word_1_148' title='bbox 1283 1219 1455 1275; x_wconf 86' lang='lat' dir='ltr'>triginta</span> <span class='ocrx_word' id='word_1_149' title='bbox 1473 1233 1612 1268; x_wconf 83' lang='lat' dir='ltr'>naveS,</span> <span class='ocrx_word' id='word_1_150' title='bbox 1631 1232 1734 1274; x_wconf 88' lang='lat' dir='ltr'>quas</span> 
     </span>
     <span class='ocr_line' id='line_1_20' title="bbox 345 1275 1735 1336; baseline -0.003 -15"><span class='ocrx_word' id='word_1_151' title='bbox 345 1280 603 1336; x_wconf 86' lang='lat' dir='ltr'>hippagogos</span> <span class='ocrx_word' id='word_1_152' title='bbox 623 1285 785 1326; x_wconf 89' lang='lat' dir='ltr'>vocant,</span> <span class='ocrx_word' id='word_1_153' title='bbox 803 1277 854 1317; x_wconf 92' lang='lat' dir='ltr'>ab</span> <span class='ocrx_word' id='word_1_154' title='bbox 872 1275 1001 1316; x_wconf 86' lang='lat' dir='ltr'>Elaea</span> <span class='ocrx_word' id='word_1_155' title='bbox 1021 1276 1229 1331; x_wconf 89' lang='lat' dir='ltr'>profectae</span> <span class='ocrx_word' id='word_1_156' title='bbox 1251 1291 1348 1317; x_wconf 89' lang='lat' dir='ltr'>cum</span> <span class='ocrx_word' id='word_1_157' title='bbox 1369 1276 1582 1332; x_wconf 89' lang='lat' dir='ltr'>equitibus</span> <span class='ocrx_word' id='word_1_158' title='bbox 1600 1275 1735 1317; x_wconf 86' lang='lat' dir='ltr'>Gallis</span> 
     </span>
     <span class='ocr_line' id='line_1_21' title="bbox 346 1332 1735 1392; baseline -0.003 -14"><span class='ocrx_word' id='word_1_159' title='bbox 346 1337 563 1392; x_wconf 87' lang='lat' dir='ltr'>equisque,</span> <span class='ocrx_word' id='word_1_160' title='bbox 590 1335 757 1376; x_wconf 85' lang='lat' dir='ltr'>Phanas</span> <span class='ocrx_word' id='word_1_161' title='bbox 784 1334 1117 1390; x_wconf 90' lang='lat' dir='ltr'>promontorium</span> <span class='ocrx_word' id='word_1_162' title='bbox 1145 1332 1351 1374; x_wconf 90' lang='lat' dir='ltr'>Chiorum</span> <span class='ocrx_word' id='word_1_163' title='bbox 1378 1333 1592 1389; x_wconf 89' lang='lat' dir='ltr'>petebant,</span> <span class='ocrx_word' id='word_1_164' title='bbox 1621 1332 1735 1374; x_wconf 90' lang='lat' dir='ltr'>unde</span> 
     </span>
     <span class='ocr_line' id='line_1_22' title="bbox 347 1390 1735 1446; baseline -0.003 -11"><span class='ocrx_word' id='word_1_165' title='bbox 347 1394 626 1435; x_wconf 88' lang='lat' dir='ltr'>transmittere</span> <span class='ocrx_word' id='word_1_166' title='bbox 647 1392 691 1432; x_wconf 91' lang='lat' dir='ltr'>in</span> <span class='ocrx_word' id='word_1_167' title='bbox 714 1390 1012 1432; x_wconf 89' lang='lat' dir='ltr'>Macedoniam</span> <span class='ocrx_word' id='word_1_168' title='bbox 1042 1397 1222 1446; x_wconf 90' lang='lat' dir='ltr'>possent.</span> <span class='ocrx_word' id='word_1_169' title='bbox 1285 1390 1433 1432; x_wconf 89' lang='lat' dir='ltr'>Attalo</span> <span class='ocrx_word' id='word_1_170' title='bbox 1461 1391 1513 1432; x_wconf 88' lang='lat' dir='ltr'>ab</span> <span class='ocrx_word' id='word_1_171' title='bbox 1542 1390 1735 1432; x_wconf 89' lang='lat' dir='ltr'>Eumene</span> 
     </span>
     <span class='ocr_line' id='line_1_23' title="bbox 346 1447 1737 1504; baseline -0.002 -13"><span class='ocrx_word' id='word_1_172' title='bbox 346 1451 633 1491; x_wconf 86' lang='lat' dir='ltr'>mittebantur.</span> <span class='ocrx_word' id='word_1_173' title='bbox 697 1448 788 1490; x_wconf 88' lang='lat' dir='ltr'>Has</span> <span class='ocrx_word' id='word_1_174' title='bbox 811 1462 936 1489; x_wconf 87' lang='lat' dir='ltr'>naves</span> <span class='ocrx_word' id='word_1_175' title='bbox 966 1462 1042 1503; x_wconf 91' lang='lat' dir='ltr'>per</span> <span class='ocrx_word' id='word_1_176' title='bbox 1071 1447 1202 1488; x_wconf 91' lang='lat' dir='ltr'>altum</span> <span class='ocrx_word' id='word_1_177' title='bbox 1222 1447 1320 1488; x_wconf 88' lang='lat' dir='ltr'>ferri</span> <span class='ocrx_word' id='word_1_178' title='bbox 1341 1463 1473 1504; x_wconf 94' lang='lat' dir='ltr'>quum</span> <span class='ocrx_word' id='word_1_179' title='bbox 1494 1462 1546 1489; x_wconf 86' lang='lat' dir='ltr'>ex</span> <span class='ocrx_word' id='word_1_180' title='bbox 1567 1447 1737 1504; x_wconf 92' lang='lat' dir='ltr'>specula</span> 
     </span>
     <span class='ocr_line' id='line_1_24' title="bbox 347 1504 1738 1564; baseline -0.002 -15"><span class='ocrx_word' id='word_1_181' title='bbox 347 1508 513 1564; x_wconf 86' lang='lat' dir='ltr'>signum</span> <span class='ocrx_word' id='word_1_182' title='bbox 538 1507 683 1548; x_wconf 86' lang='lat' dir='ltr'>datum</span> <span class='ocrx_word' id='word_1_183' title='bbox 707 1505 917 1546; x_wconf 86' lang='lat' dir='ltr'>Antenori</span> <span class='ocrx_word' id='word_1_184' title='bbox 948 1512 1067 1554; x_wconf 89' lang='lat' dir='ltr'>esset,</span> <span class='ocrx_word' id='word_1_185' title='bbox 1090 1504 1300 1560; x_wconf 91' lang='lat' dir='ltr'>profectus</span> <span class='ocrx_word' id='word_1_186' title='bbox 1328 1506 1379 1546; x_wconf 90' lang='lat' dir='ltr'>ab</span> <span class='ocrx_word' id='word_1_187' title='bbox 1413 1504 1595 1554; x_wconf 88' lang='lat' dir='ltr'>Subotis,</span> <span class='ocrx_word' id='word_1_188' title='bbox 1626 1504 1738 1546; x_wconf 89' lang='lat' dir='ltr'>inter</span> 
     </span>
     <span class='ocr_line' id='line_1_25' title="bbox 348 1560 1738 1621; baseline -0.002 -16"><span class='ocrx_word' id='word_1_189' title='bbox 348 1565 624 1621; x_wconf 86' lang='lat' dir='ltr'>Erythrarum</span> <span class='ocrx_word' id='word_1_190' title='bbox 645 1562 977 1619; x_wconf 87' lang='lat' dir='ltr'>promontorium</span> <span class='ocrx_word' id='word_1_191' title='bbox 1002 1560 1258 1618; x_wconf 90' lang='lat' dir='ltr'>Chiumque,</span> <span class='ocrx_word' id='word_1_192' title='bbox 1281 1578 1365 1618; x_wconf 90' lang='lat' dir='ltr'>qua</span> <span class='ocrx_word' id='word_1_193' title='bbox 1384 1562 1635 1604; x_wconf 90' lang='lat' dir='ltr'>artissimum</span> <span class='ocrx_word' id='word_1_194' title='bbox 1655 1562 1738 1603; x_wconf 85' lang='lat' dir='ltr'>fre-</span> 
     </span>
     <span class='ocr_line' id='line_1_26' title="bbox 347 1618 1738 1676; baseline -0.002 -13"><span class='ocrx_word' id='word_1_195' title='bbox 347 1631 438 1663; x_wconf 90' lang='lat' dir='ltr'>tum</span> <span class='ocrx_word' id='word_1_196' title='bbox 469 1631 544 1671; x_wconf 88' lang='lat' dir='ltr'>est,</span> <span class='ocrx_word' id='word_1_197' title='bbox 571 1621 620 1661; x_wconf 92' lang='lat' dir='ltr'>iis</span> <span class='ocrx_word' id='word_1_198' title='bbox 645 1620 836 1661; x_wconf 87' lang='lat' dir='ltr'>occurrit.</span> <span class='ocrx_word' id='word_1_199' title='bbox 900 1618 1022 1660; x_wconf 90' lang='lat' dir='ltr'>Nihil</span> <span class='ocrx_word' id='word_1_200' title='bbox 1056 1619 1196 1660; x_wconf 90' lang='lat' dir='ltr'>minus</span> <span class='ocrx_word' id='word_1_201' title='bbox 1227 1619 1396 1661; x_wconf 90' lang='lat' dir='ltr'>credere</span> <span class='ocrx_word' id='word_1_202' title='bbox 1422 1619 1622 1676; x_wconf 86' lang='lat' dir='ltr'>praefecti</span> <span class='ocrx_word' id='word_1_203' title='bbox 1649 1618 1738 1660; x_wconf 90' lang='lat' dir='ltr'>Eu-</span> 
     </span>
     <span class='ocr_line' id='line_1_27' title="bbox 347 1675 1738 1734; baseline -0.002 -14"><span class='ocrx_word' id='word_1_204' title='bbox 347 1679 495 1728; x_wconf 87' lang='lat' dir='ltr'>menis,</span> <span class='ocrx_word' id='word_1_205' title='bbox 510 1693 636 1734; x_wconf 90' lang='lat' dir='ltr'>quam</span> <span class='ocrx_word' id='word_1_206' title='bbox 652 1676 938 1718; x_wconf 87' lang='lat' dir='ltr'>Macedonum</span> <span class='ocrx_word' id='word_1_207' title='bbox 959 1675 1131 1717; x_wconf 89' lang='lat' dir='ltr'>classem</span> <span class='ocrx_word' id='word_1_208' title='bbox 1152 1676 1197 1717; x_wconf 91' lang='lat' dir='ltr'>in</span> <span class='ocrx_word' id='word_1_209' title='bbox 1217 1677 1288 1717; x_wconf 89' lang='lat' dir='ltr'>illo</span> <span class='ocrx_word' id='word_1_210' title='bbox 1304 1677 1443 1732; x_wconf 84' lang='lat' dir='ltr'>vagari</span> <span class='ocrx_word' id='word_1_211' title='bbox 1464 1677 1590 1718; x_wconf 86' lang='lat' dir='ltr'>mari:</span> <span class='ocrx_word' id='word_1_212' title='bbox 1623 1691 1738 1718; x_wconf 91' lang='lat' dir='ltr'>nunc</span> 
     </span>
     <span class='ocr_line' id='line_1_28' title="bbox 348 1733 1739 1790; baseline -0.001 -13"><span class='ocrx_word' id='word_1_213' title='bbox 348 1736 565 1777; x_wconf 85' lang='lat' dir='ltr'>Romanos</span> <span class='ocrx_word' id='word_1_214' title='bbox 586 1750 687 1784; x_wconf 84' lang='lat' dir='ltr'>esse,</span> <span class='ocrx_word' id='word_1_215' title='bbox 709 1749 822 1775; x_wconf 89' lang='lat' dir='ltr'>nunc</span> <span class='ocrx_word' id='word_1_216' title='bbox 844 1733 1051 1783; x_wconf 90' lang='lat' dir='ltr'>Attalum,</span> <span class='ocrx_word' id='word_1_217' title='bbox 1073 1742 1146 1775; x_wconf 90' lang='lat' dir='ltr'>aut</span> <span class='ocrx_word' id='word_1_218' title='bbox 1169 1734 1361 1776; x_wconf 87' lang='lat' dir='ltr'>remissos</span> <span class='ocrx_word' id='word_1_219' title='bbox 1388 1734 1550 1790; x_wconf 90' lang='lat' dir='ltr'>aliquos</span> <span class='ocrx_word' id='word_1_220' title='bbox 1577 1734 1628 1775; x_wconf 89' lang='lat' dir='ltr'>ab</span> <span class='ocrx_word' id='word_1_221' title='bbox 1657 1733 1739 1775; x_wconf 86' lang='lat' dir='ltr'>At-</span> 
     </span>
     <span class='ocr_line' id='line_1_29' title="bbox 348 1791 1738 1847; baseline -0.003 -12"><span class='ocrx_word' id='word_1_222' title='bbox 348 1793 431 1835; x_wconf 87' lang='lat' dir='ltr'>talo</span> <span class='ocrx_word' id='word_1_223' title='bbox 453 1808 506 1835; x_wconf 84' lang='lat' dir='ltr'>ex</span> <span class='ocrx_word' id='word_1_224' title='bbox 528 1792 670 1834; x_wconf 85' lang='lat' dir='ltr'>castris</span> <span class='ocrx_word' id='word_1_225' title='bbox 693 1791 897 1833; x_wconf 83' lang='lat' dir='ltr'>Romanis</span> <span class='ocrx_word' id='word_1_226' title='bbox 918 1791 1171 1846; x_wconf 83' lang='lat' dir='ltr'>Pergamum</span> <span class='ocrx_word' id='word_1_227' title='bbox 1192 1801 1346 1847; x_wconf 89' lang='lat' dir='ltr'>petere.</span> <span class='ocrx_word' id='word_1_228' title='bbox 1397 1791 1482 1832; x_wconf 87' lang='lat' dir='ltr'>Sed</span> <span class='ocrx_word' id='word_1_229' title='bbox 1502 1806 1634 1847; x_wconf 91' lang='lat' dir='ltr'>quum</span> <span class='ocrx_word' id='word_1_230' title='bbox 1654 1791 1738 1832; x_wconf 89' lang='lat' dir='ltr'>iam</span> 
     </span>
     <span class='ocr_line' id='line_1_30' title="bbox 348 1847 1739 1907; baseline -0.002 -15"><span class='ocrx_word' id='word_1_231' title='bbox 348 1849 778 1907; x_wconf 88' lang='lat' dir='ltr'>appropinquantium</span> <span class='ocrx_word' id='word_1_232' title='bbox 808 1849 940 1889; x_wconf 89' lang='lat' dir='ltr'>forma</span> <span class='ocrx_word' id='word_1_233' title='bbox 971 1847 1206 1889; x_wconf 90' lang='lat' dir='ltr'>lemborum</span> <span class='ocrx_word' id='word_1_234' title='bbox 1240 1848 1354 1890; x_wconf 90' lang='lat' dir='ltr'>haud</span> <span class='ocrx_word' id='word_1_235' title='bbox 1390 1848 1520 1889; x_wconf 90' lang='lat' dir='ltr'>dubia</span> <span class='ocrx_word' id='word_1_236' title='bbox 1546 1856 1666 1898; x_wconf 89' lang='lat' dir='ltr'>esset,</span> <span class='ocrx_word' id='word_1_237' title='bbox 1695 1855 1739 1889; x_wconf 90' lang='lat' dir='ltr'>et</span> 
     </span>
     <span class='ocr_line' id='line_1_31' title="bbox 349 1905 1738 1961; baseline -0.003 -12"><span class='ocrx_word' id='word_1_238' title='bbox 349 1907 572 1949; x_wconf 86' lang='lat' dir='ltr'>concitatio</span> <span class='ocrx_word' id='word_1_239' title='bbox 600 1920 824 1954; x_wconf 89' lang='lat' dir='ltr'>remorum,</span> <span class='ocrx_word' id='word_1_240' title='bbox 851 1905 1120 1960; x_wconf 86' lang='lat' dir='ltr'>directaeque</span> <span class='ocrx_word' id='word_1_241' title='bbox 1154 1906 1198 1945; x_wconf 91' lang='lat' dir='ltr'>in</span> <span class='ocrx_word' id='word_1_242' title='bbox 1231 1920 1273 1946; x_wconf 91' lang='lat' dir='ltr'>se</span> <span class='ocrx_word' id='word_1_243' title='bbox 1306 1920 1467 1960; x_wconf 90' lang='lat' dir='ltr'>prorae,</span> <span class='ocrx_word' id='word_1_244' title='bbox 1501 1905 1640 1946; x_wconf 91' lang='lat' dir='ltr'>hostes</span> <span class='ocrx_word' id='word_1_245' title='bbox 1665 1919 1738 1961; x_wconf 89' lang='lat' dir='ltr'>ap-</span> 
     </span>
     <span class='ocr_line' id='line_1_32' title="bbox 348 1961 1738 2021; baseline -0.002 -16"><span class='ocrx_word' id='word_1_246' title='bbox 348 1964 630 2021; x_wconf 90' lang='lat' dir='ltr'>propinquare</span> <span class='ocrx_word' id='word_1_247' title='bbox 653 1962 936 2017; x_wconf 85' lang='lat' dir='ltr'>aperuissent3</span> <span class='ocrx_word' id='word_1_248' title='bbox 975 1969 1075 2001; x_wconf 87' lang='lat' dir='ltr'>tune</span> <span class='ocrx_word' id='word_1_249' title='bbox 1096 1961 1250 2002; x_wconf 89' lang='lat' dir='ltr'>iniecta</span> <span class='ocrx_word' id='word_1_250' title='bbox 1271 1962 1493 2017; x_wconf 87' lang='lat' dir='ltr'>trepidatio</span> <span class='ocrx_word' id='word_1_251' title='bbox 1515 1971 1589 2011; x_wconf 90' lang='lat' dir='ltr'>est,</span> <span class='ocrx_word' id='word_1_252' title='bbox 1605 1976 1738 2017; x_wconf 92' lang='lat' dir='ltr'>quum</span> 
     </span>
     <span class='ocr_line' id='line_1_33' title="bbox 349 2017 1740 2075; baseline -0.001 -13"><span class='ocrx_word' id='word_1_253' title='bbox 349 2020 574 2062; x_wconf 88' lang='lat' dir='ltr'>resistendi</span> <span class='ocrx_word' id='word_1_254' title='bbox 604 2034 698 2075; x_wconf 90' lang='lat' dir='ltr'>spes</span> <span class='ocrx_word' id='word_1_255' title='bbox 728 2018 843 2059; x_wconf 88' lang='lat' dir='ltr'>nulla</span> <span class='ocrx_word' id='word_1_256' title='bbox 873 2026 992 2067; x_wconf 88' lang='lat' dir='ltr'>esset,</span> <span class='ocrx_word' id='word_1_257' title='bbox 1014 2017 1274 2074; x_wconf 88' lang='lat' dir='ltr'>inhabilique</span> <span class='ocrx_word' id='word_1_258' title='bbox 1305 2019 1475 2059; x_wconf 88' lang='lat' dir='ltr'>navium</span> <span class='ocrx_word' id='word_1_259' title='bbox 1505 2034 1673 2074; x_wconf 85' lang='lat' dir='ltr'>genere,</span> <span class='ocrx_word' id='word_1_260' title='bbox 1695 2027 1740 2060; x_wconf 90' lang='lat' dir='ltr'>et</span> 
     </span>
     <span class='ocr_line' id='line_1_34' title="bbox 354 2074 1739 2132; baseline -0.001 -14"><span class='ocrx_word' id='word_1_261' title='bbox 354 2077 487 2119; x_wconf 89' lang='lat' dir='ltr'>Gallis</span> <span class='ocrx_word' id='word_1_262' title='bbox 516 2076 587 2117; x_wconf 82' lang='lat' dir='ltr'>vix</span> <span class='ocrx_word' id='word_1_263' title='bbox 618 2075 805 2131; x_wconf 88' lang='lat' dir='ltr'>quietem</span> <span class='ocrx_word' id='word_1_264' title='bbox 836 2074 1065 2116; x_wconf 88' lang='lat' dir='ltr'>ferentibus</span> <span class='ocrx_word' id='word_1_265' title='bbox 1092 2075 1137 2115; x_wconf 92' lang='lat' dir='ltr'>in</span> <span class='ocrx_word' id='word_1_266' title='bbox 1167 2076 1281 2116; x_wconf 88' lang='lat' dir='ltr'>mari.</span> <span class='ocrx_word' id='word_1_267' title='bbox 1344 2075 1447 2117; x_wconf 90' lang='lat' dir='ltr'>Pars</span> <span class='ocrx_word' id='word_1_268' title='bbox 1477 2091 1634 2125; x_wconf 92' lang='lat' dir='ltr'>eorum,</span> <span class='ocrx_word' id='word_1_269' title='bbox 1665 2076 1739 2132; x_wconf 91' lang='lat' dir='ltr'>qui</span> 
     </span>
     <span class='ocr_line' id='line_1_35' title="bbox 350 2131 1736 2191; baseline -0.001 -16"><span class='ocrx_word' id='word_1_270' title='bbox 350 2134 565 2191; x_wconf 88' lang='lat' dir='ltr'>propiores</span> <span class='ocrx_word' id='word_1_271' title='bbox 595 2131 829 2173; x_wconf 90' lang='lat' dir='ltr'>continenti</span> <span class='ocrx_word' id='word_1_272' title='bbox 860 2131 970 2173; x_wconf 89' lang='lat' dir='ltr'>litori</span> <span class='ocrx_word' id='word_1_273' title='bbox 1001 2140 1131 2181; x_wconf 88' lang='lat' dir='ltr'>erant,</span> <span class='ocrx_word' id='word_1_274' title='bbox 1154 2133 1197 2173; x_wconf 91' lang='lat' dir='ltr'>in</span> <span class='ocrx_word' id='word_1_275' title='bbox 1228 2132 1504 2189; x_wconf 87' lang='lat' dir='ltr'>Erythraeam</span> <span class='ocrx_word' id='word_1_276' title='bbox 1535 2141 1736 2174; x_wconf 87' lang='lat' dir='ltr'>enarunt:</span> 
     </span>
     <span class='ocr_line' id='line_1_36' title="bbox 350 2188 1738 2247; baseline -0.001 -15"><span class='ocrx_word' id='word_1_277' title='bbox 350 2206 458 2247; x_wconf 88' lang='lat' dir='ltr'>pars,</span> <span class='ocrx_word' id='word_1_278' title='bbox 480 2190 582 2231; x_wconf 90' lang='lat' dir='ltr'>velis</span> <span class='ocrx_word' id='word_1_279' title='bbox 602 2190 721 2239; x_wconf 87' lang='lat' dir='ltr'>datis,</span> <span class='ocrx_word' id='word_1_280' title='bbox 745 2189 798 2230; x_wconf 88' lang='lat' dir='ltr'>ad</span> <span class='ocrx_word' id='word_1_281' title='bbox 822 2188 980 2230; x_wconf 87' lang='lat' dir='ltr'>Chium</span> <span class='ocrx_word' id='word_1_282' title='bbox 1005 2204 1130 2230; x_wconf 84' lang='lat' dir='ltr'>naves</span> <span class='ocrx_word' id='word_1_283' title='bbox 1151 2190 1323 2239; x_wconf 90' lang='lat' dir='ltr'>eiecere,</span> <span class='ocrx_word' id='word_1_284' title='bbox 1345 2190 1583 2246; x_wconf 89' lang='lat' dir='ltr'>relictisque</span> <span class='ocrx_word' id='word_1_285' title='bbox 1605 2190 1738 2246; x_wconf 90' lang='lat' dir='ltr'>equis,</span> 
     </span>
     <span class='ocr_line' id='line_1_37' title="bbox 351 2246 1740 2303; baseline -0.001 -14"><span class='ocrx_word' id='word_1_286' title='bbox 351 2249 482 2289; x_wconf 90' lang='lat' dir='ltr'>effusa</span> <span class='ocrx_word' id='word_1_287' title='bbox 515 2247 614 2303; x_wconf 89' lang='lat' dir='ltr'>fuga</span> <span class='ocrx_word' id='word_1_288' title='bbox 644 2247 790 2288; x_wconf 89' lang='lat' dir='ltr'>urbem</span> <span class='ocrx_word' id='word_1_289' title='bbox 825 2247 1036 2302; x_wconf 89' lang='lat' dir='ltr'>petebant.</span> <span class='ocrx_word' id='word_1_290' title='bbox 1102 2246 1198 2296; x_wconf 88' lang='lat' dir='ltr'>Sed,</span> <span class='ocrx_word' id='word_1_291' title='bbox 1230 2247 1401 2303; x_wconf 90' lang='lat' dir='ltr'>propius</span> <span class='ocrx_word' id='word_1_292' title='bbox 1432 2248 1580 2288; x_wconf 89' lang='lat' dir='ltr'>urbem</span> <span class='ocrx_word' id='word_1_293' title='bbox 1610 2247 1740 2288; x_wconf 92' lang='lat' dir='ltr'>lembi</span> 
     </span>
     <span class='ocr_line' id='line_1_38' title="bbox 351 2303 1740 2360; baseline -0.001 -13"><span class='ocrx_word' id='word_1_294' title='bbox 351 2319 602 2360; x_wconf 87' lang='lat' dir='ltr'>accessuque</span> <span class='ocrx_word' id='word_1_295' title='bbox 627 2303 908 2344; x_wconf 88' lang='lat' dir='ltr'>commodiore</span> <span class='ocrx_word' id='word_1_296' title='bbox 940 2318 1072 2359; x_wconf 86' lang='lat' dir='ltr'>quum</span> <span class='ocrx_word' id='word_1_297' title='bbox 1103 2305 1393 2359; x_wconf 84' lang='lat' dir='ltr'>exposuissent</span> <span class='ocrx_word' id='word_1_298' title='bbox 1422 2313 1613 2354; x_wconf 85' lang='lat' dir='ltr'>armatos,</span> <span class='ocrx_word' id='word_1_299' title='bbox 1644 2318 1740 2360; x_wconf 90' lang='lat' dir='ltr'>par-</span> 
     </span>
     <span class='ocr_line' id='line_1_39' title="bbox 351 2359 1738 2417; baseline -0.001 -14"><span class='ocrx_word' id='word_1_300' title='bbox 351 2363 427 2404; x_wconf 89' lang='lat' dir='ltr'>tim</span> <span class='ocrx_word' id='word_1_301' title='bbox 455 2363 496 2402; x_wconf 89' lang='lat' dir='ltr'>in</span> <span class='ocrx_word' id='word_1_302' title='bbox 526 2362 593 2402; x_wconf 90' lang='lat' dir='ltr'>via</span> <span class='ocrx_word' id='word_1_303' title='bbox 621 2361 830 2416; x_wconf 90' lang='lat' dir='ltr'>fugientes</span> <span class='ocrx_word' id='word_1_304' title='bbox 854 2359 998 2401; x_wconf 86' lang='lat' dir='ltr'>Gallos</span> <span class='ocrx_word' id='word_1_305' title='bbox 1028 2361 1171 2417; x_wconf 90' lang='lat' dir='ltr'>adepti</span> <span class='ocrx_word' id='word_1_306' title='bbox 1193 2360 1452 2403; x_wconf 83' lang='lat' dir='ltr'>Macedones</span> <span class='ocrx_word' id='word_1_307' title='bbox 1481 2361 1738 2411; x_wconf 90' lang='lat' dir='ltr'>ceciderunt,</span> 
     </span>
     <span class='ocr_line' id='line_1_40' title="bbox 350 2417 1740 2475; baseline -0.001 -15"><span class='ocrx_word' id='word_1_308' title='bbox 350 2420 501 2475; x_wconf 88' lang='lat' dir='ltr'>partim</span> <span class='ocrx_word' id='word_1_309' title='bbox 533 2427 630 2460; x_wconf 86' lang='lat' dir='ltr'>ante</span> <span class='ocrx_word' id='word_1_310' title='bbox 662 2427 826 2474; x_wconf 87' lang='lat' dir='ltr'>portam</span> <span class='ocrx_word' id='word_1_311' title='bbox 851 2417 1052 2459; x_wconf 85' lang='lat' dir='ltr'>exclusos.</span> <span class='ocrx_word' id='word_1_312' title='bbox 1117 2418 1367 2460; x_wconf 87' lang='lat' dir='ltr'>Clauserant</span> <span class='ocrx_word' id='word_1_313' title='bbox 1387 2418 1500 2460; x_wconf 89' lang='lat' dir='ltr'>enim</span> <span class='ocrx_word' id='word_1_314' title='bbox 1524 2418 1624 2460; x_wconf 91' lang='lat' dir='ltr'>Chii</span> <span class='ocrx_word' id='word_1_315' title='bbox 1644 2432 1740 2474; x_wconf 91' lang='lat' dir='ltr'>por-</span> 
     </span>
     <span class='ocr_line' id='line_1_41' title="bbox 352 2475 1740 2532; baseline -0.002 -14"><span class='ocrx_word' id='word_1_316' title='bbox 352 2487 449 2526; x_wconf 89' lang='lat' dir='ltr'>tam,</span> <span class='ocrx_word' id='word_1_317' title='bbox 486 2476 632 2532; x_wconf 85' lang='lat' dir='ltr'>ignari,</span> <span class='ocrx_word' id='word_1_318' title='bbox 670 2475 743 2530; x_wconf 89' lang='lat' dir='ltr'>qui</span> <span class='ocrx_word' id='word_1_319' title='bbox 782 2475 988 2530; x_wconf 82' lang='lat' dir='ltr'>fugerent,</span> <span class='ocrx_word' id='word_1_320' title='bbox 1026 2484 1098 2516; x_wconf 89' lang='lat' dir='ltr'>aut</span> <span class='ocrx_word' id='word_1_321' title='bbox 1137 2484 1423 2530; x_wconf 89' lang='lat' dir='ltr'>sequerentur.</span> <span class='ocrx_word' id='word_1_322' title='bbox 1491 2475 1740 2531; x_wconf 88' lang='lat' dir='ltr'>Octingenti</span> 
     </span>
     <span class='ocr_line' id='line_1_42' title="bbox 350 2531 1739 2588; baseline -0.001 -13"><span class='ocrx_word' id='word_1_323' title='bbox 350 2534 479 2575; x_wconf 85' lang='lat' dir='ltr'>ferme</span> <span class='ocrx_word' id='word_1_324' title='bbox 514 2532 733 2574; x_wconf 87' lang='lat' dir='ltr'>Gallorum</span> <span class='ocrx_word' id='word_1_325' title='bbox 764 2532 902 2581; x_wconf 90' lang='lat' dir='ltr'>occisi,</span> <span class='ocrx_word' id='word_1_326' title='bbox 934 2531 1107 2573; x_wconf 91' lang='lat' dir='ltr'>ducenti</span> <span class='ocrx_word' id='word_1_327' title='bbox 1137 2533 1221 2573; x_wconf 88' lang='lat' dir='ltr'>vivi</span> <span class='ocrx_word' id='word_1_328' title='bbox 1254 2533 1388 2588; x_wconf 86' lang='lat' dir='ltr'>eapti:</span> <span class='ocrx_word' id='word_1_329' title='bbox 1427 2532 1539 2588; x_wconf 92' lang='lat' dir='ltr'>equi,</span> <span class='ocrx_word' id='word_1_330' title='bbox 1570 2547 1665 2588; x_wconf 89' lang='lat' dir='ltr'>pars</span> <span class='ocrx_word' id='word_1_331' title='bbox 1693 2532 1739 2573; x_wconf 91' lang='lat' dir='ltr'>in</span> 
     </span>
    </p>
   </div>
   <div class='ocr_carea' id='block_1_3' title="bbox 351 2679 1740 2932">
    <p class='ocr_par' dir='ltr' id='par_1_5' title="bbox 351 2679 1740 2803">
     <span class='ocr_line' id='line_1_43' title="bbox 398 2679 1740 2720; baseline -0.002 -7"><span class='ocrx_word' id='word_1_332' title='bbox 398 2692 409 2712; x_wconf 94' lang='lat'>1</span> <span class='ocrx_word' id='word_1_333' title='bbox 440 2682 582 2719; x_wconf 76' lang='lat' dir='ltr'>Pristes]</span> <span class='ocrx_word' id='word_1_334' title='bbox 623 2691 665 2711; x_wconf 88' lang='lat' dir='ltr'>sc.</span> <span class='ocrx_word' id='word_1_335' title='bbox 697 2679 837 2719; x_wconf 85' lang='lat' dir='ltr'>Navigia</span> <span class='ocrx_word' id='word_1_336' title='bbox 870 2679 956 2718; x_wconf 86' lang='lat' dir='ltr'>longi</span> <span class='ocrx_word' id='word_1_337' title='bbox 991 2684 1023 2710; x_wconf 88' lang='lat' dir='ltr'>et</span> <span class='ocrx_word' id='word_1_338' title='bbox 1067 2680 1108 2709; x_wconf 86' lang='lat' dir='ltr'>ad</span> <span class='ocrx_word' id='word_1_339' title='bbox 1120 2679 1300 2718; x_wconf 86' lang='lat' dir='ltr'>praefectos</span> <span class='ocrx_word' id='word_1_340' title='bbox 1313 2679 1740 2720; x_wconf 82' lang='lat' dir='ltr'>classemquepotius‚quam</span> 
     </span>
     <span class='ocr_line' id='line_1_44' title="bbox 351 2721 1740 2764; baseline -0.002 -8"><span class='ocrx_word' id='word_1_341' title='bbox 351 2724 477 2764; x_wconf 82' lang='lat' dir='ltr'>angusti</span> <span class='ocrx_word' id='word_1_342' title='bbox 501 2723 653 2764; x_wconf 84' lang='lat' dir='ltr'>corporis,</span> <span class='ocrx_word' id='word_1_343' title='bbox 677 2726 712 2752; x_wconf 91' lang='lat' dir='ltr'>ut</span> <span class='ocrx_word' id='word_1_344' title='bbox 735 2722 849 2762; x_wconf 88' lang='lat' dir='ltr'>pristes</span> <span class='ocrx_word' id='word_1_345' title='bbox 868 2721 1023 2758; x_wconf 83' lang='lat' dir='ltr'>marinae,</span> <span class='ocrx_word' id='word_1_346' title='bbox 1067 2722 1108 2751; x_wconf 85' lang='lat' dir='ltr'>ad</span> <span class='ocrx_word' id='word_1_347' title='bbox 1124 2721 1247 2760; x_wconf 85' lang='lat' dir='ltr'>pristes.</span> <span class='ocrx_word' id='word_1_348' title='bbox 1293 2722 1407 2752; x_wconf 87' lang='lat' dir='ltr'>Posses</span> <span class='ocrx_word' id='word_1_349' title='bbox 1419 2722 1517 2753; x_wconf 88' lang='lat' dir='ltr'>etiam</span> <span class='ocrx_word' id='word_1_350' title='bbox 1532 2723 1637 2762; x_wconf 81' lang='lat' dir='ltr'>legere</span> <span class='ocrx_word' id='word_1_351' title='bbox 1647 2733 1740 2762; x_wconf 82' lang='lat' dir='ltr'>spar-</span> 
     </span>
     <span class='ocr_line' id='line_1_45' title="bbox 351 2763 1266 2803; baseline -0.004 -6"><span class='ocrx_word' id='word_1_352' title='bbox 351 2768 376 2798; x_wconf 82' lang='lat' dir='ltr'>si</span> <span class='ocrx_word' id='word_1_353' title='bbox 397 2766 542 2797; x_wconf 87' lang='lat' dir='ltr'>Nonium</span> <span class='ocrx_word' id='word_1_354' title='bbox 564 2765 742 2796; x_wconf 83' lang='lat' dir='ltr'>audiamus.</span> <span class='ocrx_word' id='word_1_355' title='bbox 766 2764 805 2795; x_wconf 88' lang='lat' dir='ltr'>cf.</span> <span class='ocrx_word' id='word_1_356' title='bbox 822 2774 908 2803; x_wconf 81' lang='lat' dir='ltr'>supr.</span> <span class='ocrx_word' id='word_1_357' title='bbox 925 2773 1021 2795; x_wconf 80' lang='lat' dir='ltr'>xxxv.</span> <span class='ocrx_word' id='word_1_358' title='bbox 1065 2774 1127 2794; x_wconf 81' lang='lat' dir='ltr'>sas.</span> <span class='ocrx_word' id='word_1_359' title='bbox 1152 2763 1266 2794; x_wconf 66' lang='lat' dir='ltr'>Dnffl.</span> 
     </span>
    </p>

    <p class='ocr_par' dir='ltr' id='par_1_6' title="bbox 354 2805 1740 2845">
     <span class='ocr_line' id='line_1_46' title="bbox 354 2805 1740 2845; baseline 0.006 -14"><span class='ocrx_word' id='word_1_360' title='bbox 354 2808 403 2840; x_wconf 64' lang='lat'>26,</span> <span class='ocrx_word' id='word_1_361' title='bbox 1110 2814 1127 2843; x_wconf 84' lang='lat'>3</span> <span class='ocrx_word' id='word_1_362' title='bbox 1152 2807 1195 2836; x_wconf 85' lang='lat' dir='ltr'>In</span> <span class='ocrx_word' id='word_1_363' title='bbox 1207 2807 1308 2838; x_wconf 81' lang='lat' dir='ltr'>latere</span> <span class='ocrx_word' id='word_1_364' title='bbox 1319 2807 1437 2845; x_wconf 83' lang='lat' dir='ltr'>altero]</span> <span class='ocrx_word' id='word_1_365' title='bbox 1458 2806 1591 2838; x_wconf 83' lang='lat' dir='ltr'>Insulae</span> <span class='ocrx_word' id='word_1_366' title='bbox 1604 2805 1740 2839; x_wconf 78' lang='lat' dir='ltr'>Tenedi.</span> 
     </span>
    </p>

    <p class='ocr_par' dir='ltr' id='par_1_7' title="bbox 352 2846 1175 2932">
     <span class='ocr_line' id='line_1_47' title="bbox 397 2846 1175 2890; baseline -0.003 -9"><span class='ocrx_word' id='word_1_367' title='bbox 397 2860 412 2880; x_wconf 81' lang='lat'>2</span> <span class='ocrx_word' id='word_1_368' title='bbox 438 2852 518 2881; x_wconf 85' lang='lat' dir='ltr'>Inde</span> <span class='ocrx_word' id='word_1_369' title='bbox 533 2851 680 2890; x_wconf 81' lang='lat' dir='ltr'>sparsas]</span> <span class='ocrx_word' id='word_1_370' title='bbox 706 2847 887 2880; x_wconf 85' lang='lat' dir='ltr'>Crevicrius</span> <span class='ocrx_word' id='word_1_371' title='bbox 908 2846 1024 2877; x_wconf 84' lang='lat' dir='ltr'>melius</span> <span class='ocrx_word' id='word_1_372' title='bbox 1068 2847 1175 2879; x_wconf 67' lang='lat' dir='ltr'>Cnssv.</span> 
     </span>
     <span class='ocr_line' id='line_1_48' title="bbox 352 2890 1024 2932; baseline -0.006 -9"><span class='ocrx_word' id='word_1_373' title='bbox 352 2893 495 2924; x_wconf 84' lang='lat' dir='ltr'>futurum</span> <span class='ocrx_word' id='word_1_374' title='bbox 509 2892 672 2923; x_wconf 85' lang='lat' dir='ltr'>existimat</span> <span class='ocrx_word' id='word_1_375' title='bbox 686 2892 804 2932; x_wconf 70' lang='lat' dir='ltr'>sparsi,</span> <span class='ocrx_word' id='word_1_376' title='bbox 818 2895 853 2921; x_wconf 86' lang='lat' dir='ltr'>ut</span> <span class='ocrx_word' id='word_1_377' title='bbox 870 2890 1024 2920; x_wconf 81' lang='lat' dir='ltr'>reseratur</span> 
     </span>
    </p>
   </div>
  </div>
 </body>
</html>
