1888 3194
459 154 971 200 FRAGMENTUM
1014 154 1139 197 LIB.
1184 155 1307 199 XCI.
1497 159 1579 201 297

187 247 320 297 fallor,
361 245 630 288 adducuntur
668 244 923 286 Celtiberiae
963 243 1122 300 populi,
1160 244 1328 300 oppida,
1365 246 1471 287 nulli
1511 248 1582 289 alii

188 304 347 346 auctori
381 310 716 345 commemorata.
781 301 927 357 Atque
960 301 1029 342 hie
1064 301 1170 342 forte
1208 301 1367 342 utiliter
1402 304 1581 345 conferri

187 368 358 418 possent
376 358 620 415 Geographi
644 358 880 415 Hispanici,
898 358 1103 415 imprimis
1125 357 1338 399 Henricus
1360 358 1579 402 Floresius.

191 418 276 461 Sed
297 425 432 459 totum
453 416 567 457 hune
588 416 726 458 locum
748 415 839 457 aliis
860 415 1153 457 exornandum
1174 415 1379 472 relinquo.

245 474 321 516 Me
343 482 485 515 autem
506 473 622 530 quod
642 473 806 522 attinet,
829 472 993 514 etiamsi
1016 472 1184 529 gloriari
1212 487 1389 528 possem,
1412 473 1584 515 nobilis-

186 532 334 574 simam
374 531 502 572 totius
537 531 648 572 orbis
683 530 896 571 civitatem
932 530 1215 586 fragmentum
1251 530 1463 586 scriptoris
1498 530 1583 572 his-

186 589 386 630 toriarum
407 603 576 629 suarum
596 587 942 644 praestantissimi
962 587 1247 643 ignoraturam
1267 586 1406 636 fuisse,
1429 588 1508 629 nisi
1530 589 1582 630 ab

185 645 357 688 homine
394 645 647 695 Lubecensi,
684 645 784 695 sive,
821 653 869 686 ut
909 644 1143 686 accuratius
1178 644 1328 694 dicam,
1365 645 1582 687 Pretzensi

185 703 428 752 didicisset3
472 703 526 744 de
562 718 613 744 eo
646 710 789 744 tamen
821 717 909 744 non
941 702 1072 758 magis
1104 701 1209 743 mihi
1240 702 1419 758 gaudeo,
1453 718 1582 759 quam

186 760 303 817 quod
342 775 452 802 novo
490 760 661 802 nomine
702 774 903 816 magnum
944 759 1088 800 Tuum
1129 774 1246 815 opus,
1285 759 1581 802 Eruditissime

188 817 438 868 Kennicott‚
461 826 677 874 totamque
699 832 827 873 quam
855 817 900 857 in
921 831 972 858 eo
994 816 1161 858 edendo
1188 817 1332 858 inieris
1359 818 1580 868 rationem,

187 875 321 917 doctis
340 875 438 916 viris
459 874 853 916 commendaverim.
922 873 1052 922 Quod
1073 874 1188 915 enim
1210 873 1354 916 multis
1375 875 1581 932 exemplis

186 931 419 982 declarasti,
446 932 729 989 probastique,
755 940 798 973 et
828 931 1006 972 infinitis
1039 931 1129 972 aliis
1161 947 1260 973 mox
1292 932 1337 973 in
1369 933 1582 989 praeclaro

187 989 284 1032 Tuo
320 1004 446 1046 opere
480 989 812 1031 demonstratum
844 989 936 1038 ibis,
969 988 1014 1029 in
1046 988 1201 1045 pluteis
1231 989 1582 1032 bibliothecarum

185 1047 339 1104 passim
369 1055 643 1088 monumenta
672 1047 766 1087 luce
797 1045 967 1102 publica
986 1045 1232 1102 dignissima
1252 1046 1510 1098 delitescere,
1536 1048 1583 1089 id

186 1119 295 1146 novo
316 1113 442 1160 atque
464 1103 618 1158 insigni
639 1103 824 1159 quodam
845 1118 959 1144 nunc
981 1118 1005 1144 a
1025 1117 1092 1144 me
1113 1102 1364 1145 illustratum
1387 1114 1460 1146 est.
1526 1105 1584 1146 Et

186 1176 319 1218 quum
346 1162 419 1202 abs
441 1160 506 1202 Te
528 1160 634 1201 Tuis
661 1160 861 1217 impensis
885 1159 1066 1201 Romam
1093 1160 1241 1201 missus
1261 1160 1426 1211 fuerim,
1449 1178 1582 1218 quum

185 1219 258 1261 abs
279 1217 344 1260 Te
365 1218 410 1259 in
431 1217 640 1259 mandatis
660 1217 893 1267 habuerim,
917 1216 1094 1258 Latinos
1121 1217 1286 1259 codices
1313 1218 1581 1274 inspiciendi,

185 1291 319 1333 quum
339 1275 444 1316 mihi
465 1275 518 1316 de
540 1275 712 1317 invento
733 1275 813 1317 hoe
833 1274 1069 1331 fragmento
1090 1274 1323 1331 gratulatus
1343 1276 1410 1325 sis,
1434 1291 1580 1332 quum,

184 1342 233 1376 ut
252 1333 462 1383 ederetur,
485 1332 752 1374 admonueris
769 1348 778 1374 :
812 1347 938 1382 meas,
957 1332 991 1373 si
1012 1347 1120 1388 quae
1142 1340 1253 1382 sunt,
1274 1332 1421 1374 laudes
1442 1333 1496 1375 ad
1517 1334 1582 1375 Te

184 1390 473 1433 lubentissime
507 1390 722 1441 transfero,
754 1390 1006 1447 gratiasque,
1040 1389 1074 1431 si
1107 1405 1215 1446 quae
1248 1390 1437 1446 agendae
1470 1400 1582 1442 sunt,

187 1448 285 1490 Tibi
315 1447 459 1489 deberi
491 1448 706 1490 confiteor.
770 1447 967 1489 Alterum
1000 1455 1154 1498 autem,
1187 1448 1303 1504 quod
1335 1448 1435 1490 inde
1468 1464 1584 1491 eom-

188 1505 302 1547 modi
323 1505 525 1561 consequi
545 1517 679 1562 potes,
701 1505 781 1546 hoc
807 1514 883 1554 est,
905 1504 1021 1560 quod
1049 1505 1181 1561 magis
1208 1505 1321 1546 lente
1349 1514 1476 1562 atque
1503 1507 1584 1548 cir-

186 1570 427 1619 cumspecte
456 1562 652 1604 nonnulli
674 1562 866 1604 Tuorum
895 1563 1222 1604 obtrectatorum
1247 1562 1300 1604 de
1322 1563 1538 1606 codicibus
1559 1579 1584 1606 a

185 1636 229 1662 se
263 1619 462 1676 inspectis
491 1619 677 1661 iudicare
706 1634 754 1661 ac
781 1620 1052 1675 pronuntiare
1078 1619 1253 1661 discant.
1320 1620 1439 1669 Quos
1467 1621 1583 1663 enim

186 1677 247 1719 illi
286 1691 492 1734 pauperes
531 1686 657 1733 atque
698 1677 861 1718 ieiunos
900 1691 988 1718 esse
1029 1677 1107 1718 sibi
1148 1687 1456 1733 persuaserunt,
1496 1694 1583 1720 non

186 1749 344 1784 vereor,
366 1750 434 1784 ne,
457 1735 491 1776 si
514 1734 684 1790 quando
706 1735 757 1775 ab
778 1733 1020 1775 hominibus
1045 1734 1089 1774 in
1114 1733 1194 1775 hoc
1215 1734 1343 1775 studii
1363 1750 1519 1791 genere
1541 1745 1584 1778 et

186 1792 400 1834 literarum
436 1792 551 1833 haud
583 1792 809 1847 vulgariter
843 1791 1014 1834 versatis
1049 1792 1405 1842 examinarentur,
1440 1793 1583 1835 multis

186 1850 296 1906 frugi
332 1849 583 1891 lectionibus
618 1849 759 1891 referti
796 1864 881 1890 non
918 1848 1348 1905 deprehenderentur.
1412 1849 1464 1891 In
1499 1867 1585 1907 qua

185 1907 360 1964 quidem
387 1922 431 1948 re
454 1906 506 1948 de
530 1906 781 1948 Blanchinio
802 1906 928 1947 velim
957 1906 1242 1947 coniecturam
1267 1907 1433 1949 faciant.
1499 1908 1584 1950 Hic

185 1965 300 2006 enim
332 1964 395 2005 vir
430 1964 738 2020 κριτικώτατος
772 1964 945 2004 subacto
973 1963 1143 2013 iudicio,
1170 1979 1324 2020 magna
1350 1964 1582 2021 diligentia,

185 2021 498 2078 multarumque
543 2036 682 2063 rerum
723 2021 978 2077 cognitione,
1020 2020 1055 2061 si
1097 2029 1261 2062 tantum
1302 2021 1583 2078 fragmentum

184 2079 352 2121 silentio
386 2079 612 2135 praeterire
646 2078 811 2135 potuit:
850 2087 968 2134 quot,
1001 2077 1075 2118 Dii
1110 2078 1380 2129 immortales,
1412 2089 1585 2136 peccata

185 2136 277 2178 illos
305 2136 556 2178 admissuros
584 2151 672 2178 csse
694 2136 896 2186 dicemus,
919 2135 994 2192 qui
1020 2135 1260 2177 criticarum
1287 2151 1428 2178 rerum
1459 2137 1583 2194 plane

185 2193 324 2244 rudes,
361 2194 585 2235 oscitanter
624 2202 667 2235 et
707 2194 847 2234 minus
887 2193 1048 2234 curiose
1086 2193 1253 2235 codices
1291 2194 1505 2244 evolvunt,
1542 2204 1585 2236 et

185 2266 308 2293 suum
343 2251 498 2292 deinde
540 2251 744 2294 iudicium
785 2250 960 2292 eruditis
1001 2250 1246 2292 obtrudunt.
1312 2252 1397 2294 Sed
1437 2253 1585 2294 essedo

185 2317 305 2366 rapto
335 2308 390 2350 ad
417 2308 481 2350 Te
513 2308 674 2350 advolo.
738 2308 843 2349 Vale
877 2323 1044 2364 meque,
1077 2316 1125 2349 ut
1156 2308 1269 2359 facis,
1303 2325 1408 2352 ama.
1451 2309 1585 2351 IIam-

186 2367 319 2423 burgo
340 2365 445 2423 prid.
471 2366 566 2409 Kal.
593 2366 719 2408 Mart.
746 2364 1227 2408 CIOIDCCLXXIII.
