1888 3194
308 197 390 238 372
800 188 1209 232 PRAEFATIO

308 302 468 357 liquam
515 299 615 341 libri
662 298 864 340 tricesimi
913 297 1029 340 tertii
1078 303 1245 352 partem
1286 310 1340 337 ex
1381 294 1549 350 vulgari
1590 293 1705 335 Livii

312 369 516 418 editione,
549 381 659 422 quae
700 381 796 408 cum
832 365 1104 407 Frobeniana
1137 363 1271 405 altera
1309 362 1564 418 plerumque
1604 376 1706 403 con-

314 437 444 486 venit,
479 434 667 477 exscribi
696 434 881 475 iuberet,
944 431 1078 479 Quod
1110 446 1242 485 quum
1274 437 1426 485 postea
1459 429 1706 471 rescivisset

315 504 379 546 Io.
402 503 610 552 Hor'rion,
639 502 712 556 qui
745 501 909 556 primus
944 501 988 540 in
1019 499 1210 541 codicem
1244 498 1610 552 Bambergensem
1644 496 1709 537 in-

315 572 494 620 ciderat,
517 585 551 611 a.
579 570 700 610 1617.
723 566 856 608 multo
879 566 1180 607 correctiorem
1201 573 1244 606 et
1266 565 1464 606 Romana
1485 571 1709 620 praestan-

317 639 468 680 tiorem
495 637 594 678 libri
623 635 827 676 tricesimi
859 634 975 674 tertii
1009 634 1240 674 editionem
1268 634 1447 687 paravit,
1476 649 1562 687 qua
1593 632 1708 674 solus

316 706 389 747 Fr.
406 703 695 747 Gronovius¹3
715 702 776 742 ita
797 716 900 742 usus
921 708 1000 749 est,
1021 707 1068 740 ut
1090 701 1294 741 orationis
1315 707 1565 741 contextum
1581 700 1710 742 tacite

317 773 546 820 interdum,
570 770 613 810 id
633 769 750 823 quod
777 768 901 809 nobis
925 767 978 808 de
1007 766 1302 821 compluribus
1329 767 1458 808 huius
1485 767 1585 808 libri
1604 767 1710 809 locis

318 839 632 881 dubitationem
651 835 809 884 iniecit,
828 834 882 875 ad
905 849 997 875 eam
1014 833 1300 875 conformaret
1317 840 1360 874 et
1381 834 1577 888 egregias
1596 833 1714 875 Hor-

319 907 450 948 rionis
484 904 782 946 annotationes
815 903 903 944 suis
936 902 1131 943 adderet.
1195 901 1283 942 Sed
1311 901 1503 943 Horrion
1523 916 1713 956 quoque,

321 974 439 1029 quod
491 972 593 1014 satis
638 970 782 1012 mirari
824 984 907 1011 non
947 983 1139 1024 possum,
1180 983 1319 1023 neque
1365 968 1572 1024 reliquam
1614 968 1715 1011 libri

321 1041 524 1084 tricesimi
555 1039 671 1081 tertii
700 1044 884 1093 partem,
915 1051 1054 1091 neque
1087 1044 1269 1087 ceteros,
1304 1037 1379 1091 qui
1410 1037 1558 1079 codice
1586 1037 1715 1079 Bam-

322 1108 523 1164 bergensi
545 1107 834 1155 continentur,
858 1104 970 1145 Livii
995 1103 1127 1145 libros
1149 1104 1354 1159 inspexit,
1377 1111 1420 1146 et
1441 1105 1612 1146 sibimet
1631 1104 1716 1159 ipsi

322 1179 383 1219 ita
415 1176 568 1224 defuit,
601 1181 650 1215 ut
677 1172 945 1221 Goellerum,
972 1172 1197 1213 interiecto
1233 1173 1416 1213 duorum
1447 1171 1716 1214 saeculorum

325 1242 556 1292 intervallo,
577 1256 666 1282 rem
698 1241 906 1296 integram
938 1239 1146 1294 suscipere
1167 1247 1391 1294 pateretur.
1458 1238 1558 1289 Qui,
1581 1254 1715 1295 quum

327 1327 370 1353 se
393 1311 652 1366 Bambergae
674 1309 719 1349 in
739 1306 1141 1364 praestantissimum
1162 1306 1274 1348 Livii
1299 1307 1488 1348 codicem
1518 1307 1714 1348 incidisse

322 1378 488 1436 publice
516 1377 752 1426 indicasset,
778 1390 852 1432 per
877 1375 1017 1416 literas
1050 1389 1073 1415 a
1106 1389 1172 1415 me
1206 1374 1479 1430 compellatus
1510 1390 1716 1431 perquam

322 1447 523 1489 benevole
544 1446 589 1486 in
609 1443 784 1501 epistola
808 1443 1009 1485 Coloniae
1032 1457 1067 1483 a.
1092 1442 1133 1484 d.
1158 1442 1235 1484 IV.
1258 1442 1431 1484 Octobr.
1455 1458 1490 1483 a.
1513 1444 1638 1485 1817.
1661 1443 1716 1484 ad

321 1531 389 1557 me
410 1515 519 1564 data,
542 1527 667 1569 quam
689 1512 828 1568 plures
850 1510 953 1551 aliae
974 1510 1085 1551 lectu
1107 1509 1374 1566 dignissimae
1397 1510 1597 1567 deinceps
1617 1519 1717 1552 sunt

322 1594 502 1631 secutae,
524 1579 764 1637 speciminis
790 1578 882 1620 loco
913 1593 1078 1619 mecum
1110 1578 1436 1619 communicavit
1462 1579 1589 1620 verba
1615 1578 1713 1622 Lib.

322 1649 545 1692 XXXIII.
569 1652 638 1690 32.
661 1663 715 1688 ex
736 1645 879 1688 codice
900 1646 959 1687 ita
978 1645 1211 1701 descripta:
1245 1645 1540 1688 ‘Isthmiorum
1561 1654 1715 1689 statum

324 1718 559 1760 ‘ludicrum
589 1716 757 1764 aderat3
791 1729 956 1770 semper
983 1713 1157 1769 quidem
1184 1723 1227 1755 et
1254 1714 1354 1756 alias
1381 1714 1592 1771 frequens,
1617 1731 1716 1758 cum

324 1794 334 1811 ‘
351 1794 520 1843 propter
550 1783 777 1841 spectaculi
805 1782 991 1823 studium
1020 1782 1194 1823 insitum
1221 1783 1351 1838 genti,
1374 1798 1459 1840 quo
1487 1783 1716 1826 certamina

324 1861 335 1878 ‘
352 1854 487 1896 omnis
507 1852 672 1910 generis
693 1851 859 1900 artium,
880 1849 1131 1905 viriumque,
1154 1859 1197 1891 et
1216 1851 1474 1906 pernicitatis
1494 1851 1712 1902 visuntur3

324 1930 442 1964 ‘tum
475 1922 575 1977 quia
606 1928 776 1976 propter
808 1918 1167 1974 opportunitatem
1199 1918 1294 1968 loci,
1328 1934 1403 1975 per
1437 1919 1522 1960 duo
1554 1919 1717 1962 diversa

324 1998 335 2015 ⁶
351 1991 482 2031 maria
508 1989 698 2030 omnium
725 2002 866 2028 rerum
897 1986 1016 2042 [usus
1043 1987 1330 2036 ministrantis,
1353 1987 1538 2029 humano
1569 1988 1715 2043 generi

325 2057 590 2105 ‘concilium‚
629 2055 756 2096 Asiae
796 2053 1084 2109 Graeciaeque
1121 2054 1155 2094 is
1191 2063 1398 2095 mercatus
1437 2064 1538 2097 erat.
1601 2055 1715 2098 Tum

326 2133 337 2151 ‘
352 2140 450 2167 vero
471 2139 557 2165 non
578 2123 631 2164 ad
651 2122 792 2164 solitos
813 2122 939 2164 modo
961 2122 1078 2178 usus]
1107 2122 1296 2178 undique
1321 2132 1618 2173 convenerant,
1640 2124 1716 2166 sed

325 2202 335 2218 ‘
352 2192 665 2249 exspectatione
694 2191 835 2240 erecti,
859 2191 933 2246 qui
960 2190 1114 2231 deiude
1143 2199 1274 2231 status
1301 2191 1465 2232 futurus
1496 2190 1714 2244 Graeciae,

325 2269 335 2287 ‘
352 2275 459 2318 quae
481 2274 555 2301 sua
574 2259 739 2300 fortuna
761 2267 892 2299 esset:
926 2257 996 2299 alii
1021 2257 1141 2314 [alia]
1166 2273 1252 2300 non
1275 2259 1387 2300 taciti
1411 2259 1546 2300 solum
1567 2260 1714 2317 opina-

336 2435 338 2437 ’
370 2437 406 2467 13
439 2425 621 2458 Gronovius
674 2424 707 2454 in
765 2423 994 2454 Praefationc:

325 2472 469 2507 “Anum
505 2468 620 2507 inquit,
664 2466 751 2497 1615.
798 2467 998 2505 Bambergae

327 2514 470 2544 Hectore
495 2510 648 2542 Cotzavio
675 2509 858 2547 Imperialis
885 2509 997 2539 Eccle-

325 2556 390 2586 siae
415 2555 550 2585 Decano
576 2551 805 2582 bibliothecam
833 2550 995 2590 publicam

325 2598 571 2636 recognoscente
611 2604 648 2624 ac
686 2594 908 2629 transferente,
948 2593 996 2623 Io.

328 2640 468 2670 Horrion
485 2638 516 2668 S.
535 2638 561 2668 Ι.
580 2637 746 2672 Sacerdos,
763 2636 838 2665 dum
856 2636 997 2675 singulos

326 2682 452 2712 codices
489 2679 624 2716 excutit,
654 2679 685 2708 in
718 2679 919 2707 membranas
950 2677 996 2707 in-

325 2724 414 2759 cidit,
430 2734 512 2762 quae
528 2722 710 2760 complures
733 2720 771 2750 T.
787 2720 869 2750 Livii
890 2720 998 2755 libros,

325 2767 357 2796 in
393 2766 442 2795 his
476 2769 600 2803 partem
636 2763 773 2802 priorem
811 2762 995 2792 XXXIII.

325 2808 430 2839 adhuc
447 2806 657 2837 desideratam
675 2806 850 2835 servabant.
900 2804 998 2834 Unde

325 2850 511 2889 exemplum
529 2850 649 2878 sactum
677 2848 786 2877 Franc.
805 2846 997 2876 bartholino

322 2892 478 2924 'Urbinati
511 2901 574 2922 11011
607 2889 743 2920 invidit:
784 2893 880 2929 atque
908 2889 933 2919 is
964 2888 996 2919 id

1043 2424 1190 2455 Venetiis
1230 2425 1311 2463 [imo
1346 2426 1490 2463 Romae]
1531 2435 1604 2456 cum
1635 2426 1713 2459 Ant.

1043 2467 1227 2506 Quam-engi
1254 2467 1386 2505 notulis,
1410 2468 1515 2498 multo
1541 2469 1714 2500 correctius

1042 2509 1110 2548 ipse
1126 2509 1274 2539 inventor
1295 2510 1520 2540 Paderbornae
1536 2509 1625 2549 1617.
1642 2521 1714 2550 pro-

1040 2551 1142 2588 tulit;
1174 2551 1272 2581 tacito
1306 2552 1362 2582 ille
1395 2552 1526 2590 quidem
1558 2562 1616 2591 per
1645 2563 1713 2584 mo-

1041 2594 1175 2623 destiam
1192 2593 1333 2629 nomine,
1349 2594 1404 2624 sed
1421 2594 1503 2624 illud
1524 2604 1576 2625 me
1592 2595 1714 2634 docuit,

1042 2635 1095 2674 qui
1117 2636 1215 2665 etiam
1240 2635 1388 2666 rarissimi
1411 2640 1443 2666 et
1464 2637 1504 2666 ad
1527 2647 1602 2667 eum
1626 2637 1712 2668 diem

1041 2678 1193 2717 incogniti
1226 2678 1305 2707 mihi
1339 2678 1439 2708 libelli
1472 2679 1598 2718 copiam
1625 2680 1714 2718 fecit,

1044 2720 1139 2750 Bern.
1179 2720 1457 2751 Rottendorfius.”
1536 2721 1714 2761 Propterea

1043 2772 1105 2791 non
1145 2762 1308 2798 miramur,
1338 2762 1430 2792 nobis
1464 2773 1590 2802 quoque
1624 2764 1713 2795 haud

1043 2804 1221 2841 contigisse,
1242 2808 1277 2834 ut
1303 2805 1389 2834 hunc
1414 2805 1560 2835 libellum
1582 2816 1713 2846 magno-

1044 2856 1117 2885 pere
1144 2846 1358 2876 desideratum
1387 2851 1418 2877 ot
1448 2848 1567 2887 ubique
1597 2849 1714 2879 frustra

1042 2889 1223 2928 quaesitum
1240 2889 1503 2922 nancisccremur.
