1888 3194
330 161 415 200 260
842 158 1215 202 EPITOMAE

334 247 601 289 dimissurum
644 248 852 290 exercitus
891 258 1077 305 negaret,
1113 250 1193 290 nisi
1234 266 1258 291 a
1293 250 1497 306 Pompeio
1539 250 1724 291 dimitte-

334 314 490 346 rentur.
555 305 611 346 Et
647 306 694 346 C.
720 306 915 347 Curionis
950 307 1106 348 tribuni
1142 306 1276 362 plebis
1311 308 1493 363 primum
1529 307 1725 348 adversus

333 363 570 412 Caesarem,
602 362 756 404 deinde
787 378 863 419 pro
890 365 1066 405 Caesare
1097 364 1280 405 actiones
1311 364 1512 405 continet.
1578 363 1725 412 Quum

334 419 741 461 senatusconsultum
773 420 929 461 factum
962 429 1081 469 esset,
1111 429 1158 461 ut
1191 436 1401 462 successor
1429 421 1597 463 Caesari
1629 421 1726 462 mit-

333 485 505 526 teretur,
533 476 595 518 M.
613 477 804 518 Antonio
833 486 875 518 et
904 477 956 525 Q.
976 477 1121 518 Cassio
1150 478 1327 519 tribunis
1352 478 1496 534 plebis,
1523 478 1725 534 quoniam

332 534 700 575 intercessionibus
742 535 786 575 id
828 534 1235 575 senatusconsultum
1279 535 1579 590 impediebant,
1621 535 1724 576 urbe

332 591 474 647 pulsis,
497 591 743 632 mandatum
764 600 827 632 est
848 606 871 631 a
892 599 1038 631 senatu
1067 591 1306 631 consulibus
1333 601 1376 631 et
1405 593 1483 632 Cn.
1503 592 1724 647 Pompeio,

333 657 382 689 ut
411 648 617 696 viderent,
651 663 704 688 ne
742 648 845 702 quid
880 647 1114 703 respublica
1149 647 1392 688 detrimenti
1432 657 1610 703 caperet.
1674 649 1722 689 C.

334 706 499 753 Caesar,
545 704 656 745 bello
706 704 898 744 inimicos
947 712 1253 759 persecuturus,
1296 719 1393 745 cum
1442 705 1631 746 exercitu
1679 705 1725 745 in

332 761 498 803 Italiam
528 761 669 801 venit:
707 760 945 802 Corfinium
976 775 1072 801 cum
1104 760 1153 801 L.
1173 761 1364 802 Domitio
1395 770 1437 802 et
1468 762 1517 803 P.
1538 761 1724 803 Lentulo

333 819 457 873 cepit,
479 833 634 873 eosque
657 817 825 859 dimisit.
891 817 971 859 Cn.
991 817 1244 874 Pompeium
1273 826 1517 874 ceterosque
1542 818 1725 874 partium

332 876 421 915 eius
443 874 564 915 Italia
584 874 758 931 expulit.

976 1107 1072 1147 CX.

331 1229 379 1267 (Ι.
408 1224 655 1266 CAESAR
694 1221 1058 1272 MASSILIAM,
1090 1237 1198 1278 quae
1230 1232 1369 1278 portas
1399 1223 1477 1279 ipsi
1505 1223 1720 1274 clauserat,

328 1283 516 1324 obsedit:
551 1290 605 1331 et,
628 1280 781 1322 relictis
802 1280 846 1321 in
868 1279 1084 1321 obsidione
1107 1279 1219 1320 urbis
1244 1280 1333 1320 eius
1361 1280 1520 1336 legatis,
1546 1280 1597 1323 C.
1614 1281 1720 1322 Tre-

326 1340 453 1381 bonio
484 1349 527 1381 et
557 1339 612 1380 D.
633 1337 778 1387 Bruto,
810 1337 1020 1393 profectus
1051 1337 1095 1376 in
1128 1335 1392 1392 Hispaniam,
1424 1337 1473 1379 L.
1494 1337 1719 1379 Afranium

326 1407 369 1438 et
391 1398 453 1438 M.
475 1396 705 1444 Petreium,
727 1395 885 1450 legatos
913 1393 993 1435 Cn.
1014 1393 1220 1449 Pompeii,
1243 1409 1339 1434 cum
1360 1402 1522 1450 septem
1542 1394 1720 1450 legioni-

325 1455 403 1495 bus
425 1454 478 1494 ad
498 1453 680 1495 Ilerdem
703 1452 746 1492 in
768 1451 1027 1493 deditionem
1044 1450 1217 1505 accepit,
1235 1465 1465 1506 omnesque
1486 1451 1720 1493 incolumes

325 1511 495 1560 dimisit,
518 1510 708 1551 Varrone
738 1523 906 1564 quoque
938 1508 1075 1563 legato
1101 1507 1296 1562 Pompeii
1326 1522 1424 1548 cum
1454 1508 1644 1550 exercitu
1672 1508 1719 1550 in

323 1576 574 1624 potestatem
623 1581 741 1607 suam
790 1565 970 1606 redacto.
1051 1563 1273 1605 Gaditanis
1323 1565 1535 1606 civitatem
1585 1565 1716 1608 dedit.

324 1625 622 1674 Massilienses,
648 1623 813 1664 duobus
846 1621 1065 1663 navalibus>
1095 1621 1262 1676 proeliis
1288 1621 1401 1671 victi,
1427 1630 1522 1678 post
1548 1622 1718 1679 longam

323 1682 585 1723 obsidionem
601 1680 799 1738 potestati
818 1679 1009 1721 Caesaris
1025 1693 1067 1720 se
1085 1678 1376 1734 permiserunt.
1423 1678 1474 1720 C.
1487 1679 1715 1730 Antonius,

322 1739 484 1796 legatus
506 1738 706 1787 Caesaris,
730 1737 837 1778 male
859 1745 1004 1778 contra
1026 1736 1307 1792 Pompeianos
1331 1736 1376 1776 in
1397 1735 1567 1793 Illyrico
1591 1737 1716 1779 rebus

320 1797 461 1852 gestis,
493 1805 639 1853 captus
671 1803 744 1836 est.
807 1794 859 1835 In
889 1809 974 1850 quo
1005 1792 1116 1834 bello
1140 1792 1381 1849 Opitergini
1409 1793 1714 1850 Transpadani,

323 1854 512 1895 Caesaris
542 1852 775 1902 auxiliares,
804 1860 891 1893 rate
921 1866 995 1892 sua
1024 1850 1076 1891 ab
1104 1849 1323 1891 hostilibus
1355 1850 1531 1892 navibus
1561 1851 1713 1902 clausa,

320 1911 472 1967 potius,
495 1925 622 1966 quam
643 1910 688 1950 in
708 1916 958 1964 potestatem
983 1907 1167 1949 hostium
1188 1907 1394 1957 venirent,
1416 1907 1528 1948 inter
1547 1922 1591 1949 se
1613 1922 1714 1949 con-

320 1976 534 2009 currentes
584 1966 882 2007 occubuerunt.
960 1965 1007 2005 C.
1034 1963 1175 2012 Curio,
1221 1963 1383 2018 legatus
1430 1964 1618 2006 Caesaris
1660 1965 1713 2006 in

319 2025 478 2073 Astica,
513 2038 645 2079 quum
679 2036 875 2078 prospere
913 2020 1107 2061 adversus
1142 2019 1317 2069 Varum,
1356 2020 1712 2076 Pompeianarum

319 2081 501 2137 partium
529 2080 694 2128 ducem,
716 2085 955 2134 pugnasset,
979 2092 1003 2118 a
1029 2076 1147 2125 Iuba,
1170 2091 1268 2132 rege
1296 2077 1591 2127 Mauritaniae,
1614 2094 1711 2120 cum

319 2138 508 2179 exercitu
530 2151 672 2177 caesus
694 2145 766 2176 est.
832 2135 878 2175 C.
899 2135 1053 2175 Caesar
1073 2133 1117 2173 in
1142 2132 1362 2174 Graeciam
1386 2134 1559 2176 traiecit.

955 2412 1074 2454 CXI.

316 2529 379 2571 M.
402 2528 672 2570 COELIUS
702 2528 906 2570 RUFUS
931 2540 1109 2585 praetor,
1133 2544 1265 2585 quum
1291 2529 1518 2571 seditiones
1538 2529 1583 2570 in
1604 2529 1706 2571 urbe

314 2587 555 2635 concitaret,
578 2601 780 2627 novarum
812 2586 1044 2627 tabularum
1077 2601 1148 2641 spe
1179 2586 1301 2642 plebe
1333 2585 1564 2636 sollicitata,
1587 2587 1706 2628 abro-

313 2653 410 2700 gato
432 2643 674 2699 magistratu
695 2643 837 2698 pulsus
860 2644 973 2692 urbe,
997 2642 1152 2683 Miloni
1174 2642 1321 2692 exsuli,
1340 2642 1413 2697 qui
1434 2642 1705 2698 fugitivorum

313 2700 545 2742 exercitum
567 2708 843 2748 contraxerat,
865 2714 908 2740 se
934 2699 1165 2740 coniunxit.
1231 2698 1437 2753 Uterque,
1460 2713 1592 2754 quum
1616 2699 1706 2740 bel-

311 2758 399 2799 lum
421 2757 682 2806 molirentur,
699 2756 909 2798 interfecti
931 2766 1038 2796 sunt.
1089 2755 1325 2811 Cleopatra,
1342 2755 1529 2811 Aegypti
1545 2755 1703 2812 regina,

311 2831 335 2856 a
370 2814 614 2855 Ptolemaeo
650 2814 772 2854 fratre
810 2828 940 2868 regno
981 2812 1101 2868 pulsa
1140 2821 1213 2853 est.
1276 2812 1455 2867 Propter
1493 2811 1546 2861 Q.
1572 2813 1704 2854 Cassii

309 2872 509 2927 praetoris
540 2870 752 2912 avaritiam
788 2869 1165 2925 crudelitatemque
1202 2868 1494 2911 Cordubenses
1526 2869 1571 2911 in
1602 2868 1704 2911 His-
