1888 3194
913 190 1204 228 INDEX.

411 267 481 295 tum
506 263 611 295 dictus
635 265 684 304 38,
714 275 824 296 censor
847 275 896 305 43.
925 267 1038 297 aedem

414 307 544 346 Salutis,
568 318 664 347 quam
694 309 804 339 consul
834 308 921 339 bello
948 309 1037 340 Sam-

413 350 529 380 nitium
554 353 694 389 voverat,
716 352 813 389 locat,
831 351 907 382 ibid.
936 352 977 382 ab
1001 362 1038 382 eo

414 393 484 423 viae
500 403 557 432 per
567 404 657 434 agros
673 394 803 434 publica
815 393 961 433 impensa
974 395 1037 424 fac-

414 439 478 473 tae,
497 436 574 468 ibid.
602 438 762 467 tumultus
785 447 880 467 causa
902 437 1039 467 dictator

414 482 539 508 creatur
578 489 626 516 10,
664 490 689 510 1.
731 479 834 519 primo
871 490 1038 519 congressu

412 522 545 560 Aequos
577 522 704 561 subigit,
734 522 810 553 ibid.
849 522 1039 561 triumphat,

415 563 490 595 ibid.
514 565 627 595 aedem
644 565 763 595 Salutis
779 565 916 602 dedicat,
932 564 1008 594 ibid.

372 605 416 637 D.
446 607 570 644 Iunius,
607 607 807 647 praepositus
843 607 885 637 ad
921 607 1038 637 ostium

415 649 570 679 Vulturni
587 658 637 688 25,
655 659 704 680 22.

372 691 416 723 D.
434 692 548 722 Iunius
572 692 704 729 Brutus,
723 690 872 731 magister
894 691 1040 730 equitum

414 735 445 771 8,
465 743 511 764 12.
535 744 597 764 cos.
616 743 665 774 29.

372 776 416 808 D.
434 776 548 807 Iunius
572 777 703 814 Brutus,
726 776 873 807 triumvir
895 775 1041 806 coloniae

415 819 621 849 deducendae
637 822 762 849 creatur
778 828 829 859 34,
844 827 894 858 45.

372 862 410 892 L.
436 861 560 899 Iunius,
590 862 714 901 legatus
749 861 782 892 in
812 860 1042 893 Macedoniam

414 912 465 942 45³
485 911 531 942 Ῑ7·

372 947 409 977 L.
428 946 542 977 Iunius
562 946 693 984 Brutus,
709 947 855 978 conditor
870 947 1040 978 Romanae

416 989 572 1020 libertatis
588 990 618 1026 8,
635 999 685 1029 34.
702 990 764 1022 vid.
781 1000 878 1030 supra
893 990 941 1021 lit.
958 990 996 1021 Β.

372 1032 420 1062 Μ.
448 1031 574 1070 Iunius,
598 1033 722 1072 legatus
747 1033 958 1072 captivorum,
985 1032 1039 1071 qui

413 1075 446 1104 in
468 1075 664 1106 Hannibalis
684 1079 844 1115 potestate
866 1078 967 1113 erant,
982 1085 1039 1115 pro

412 1117 451 1147 iis
466 1118 507 1148 ad
524 1118 637 1149 Patres
652 1118 847 1158 conscriptos
862 1117 1038 1149 orationem

413 1160 511 1190 habet
530 1170 580 1199 22,
595 1169 645 1202 59.

370 1203 417 1234 M.
445 1202 558 1234 Iunius
587 1204 719 1242 Brutus,
748 1203 819 1235 trib.
851 1204 897 1243 pl.
928 1213 979 1243 34,
1013 1213 1037 1234 1.

412 1249 522 1276 tuetur
537 1246 640 1285 legem
655 1246 797 1286 Oppiam
811 1247 851 1277 de
867 1248 957 1277 cultu
972 1257 1038 1277 ma-

411 1292 586 1326 tronarum,
601 1289 677 1320 ibid.
701 1294 827 1320 creatur
844 1293 971 1328 praetor
987 1297 1037 1329 35,

413 1340 462 1368 24.
494 1331 523 1361 ei
548 1331 678 1362 obvenit
703 1331 878 1362 iurisdictio
902 1336 1038 1372 utraque

412 1372 464 1411 36,
476 1383 503 1404 2.
520 1374 647 1404 dedicat
657 1375 769 1405 aedem
777 1374 1037 1414 MatrisMagnae

412 1416 532 1446 Idaeae
549 1415 596 1455 36.
621 1417 744 1456 legatus
766 1425 817 1457 37,
834 1425 883 1456 55.
908 1428 970 1448 cos.
986 1427 1037 1455 40,

412 1466 462 1499 59.
481 1469 521 1489 ex
536 1459 704 1499 Liguribus
719 1460 751 1490 in
765 1460 910 1490 Galliam
925 1460 1038 1490 transit

411 1511 464 1539 41,
480 1512 509 1542 9.
537 1502 604 1532 eius
624 1512 673 1532 res
694 1506 801 1542 gestae
824 1502 857 1532 in
883 1502 977 1533 Istria
1001 1512 1038 1540 14

411 1548 443 1574 et
477 1554 523 1584 15.
558 1545 682 1584 legatus
710 1545 743 1575 in
770 1545 881 1575 Asiam
909 1555 960 1583 42,
987 1553 1037 1585 45.

409 1586 493 1626 petit
509 1597 673 1617 censuram
690 1596 743 1626 43,
763 1586 809 1618 16.

368 1629 416 1660 M.
435 1629 549 1659 Iunius
567 1630 708 1667 Pennus,
724 1630 836 1661 aedilis
857 1630 970 1670 plebis,
988 1640 1038 1672 29,

415 1682 426 1701 1
438 1682 461 1703 1.
486 1676 611 1702 creatur
626 1677 763 1712 praetor,
779 1677 811 1704 et
832 1674 955 1704 obtinet
975 1684 1038 1704 sor-

410 1718 477 1744 tem
494 1716 649 1745 urbanam
669 1725 720 1754 30,
736 1726 786 1754 40.
811 1721 896 1747 creat
913 1717 1036 1747 decem-

410 1757 494 1787 viros
513 1768 588 1797 agro
610 1759 746 1790 Samniti
762 1759 937 1799 Apuloque
959 1759 1036 1790 divi-

410 1800 516 1831 dendo
533 1810 585 1840 31,
601 1812 629 1839 4.

368 1842 416 1873 M.
432 1843 546 1873 Iunius
562 1844 705 1882 Pennus,
718 1848 844 1884 praetor
858 1854 910 1883 42,
922 1854 951 1886 9.
973 1854 1036 1875 sor-

411 1885 490 1916 titur
502 1887 697 1926 Hispaniam
714 1887 891 1918 citeriorem
908 1897 955 1918 10.
972 1897 1034 1919 cos.

412 1936 464 1967 45,
483 1938 530 1968 14.
555 1929 584 1960 ei
600 1930 797 1960 obvenerunt
814 1930 909 1961 Pisae
928 1937 975 1969 17.

368 1971 416 2002 M.
434 1971 549 2002 Iunius
574 1973 668 2011 Pera,
691 1973 828 2003 dictator
853 1976 925 2013 post
951 1973 1034 2004 Can-

410 2024 543 2045 nensem
559 2016 684 2046 cladem
703 2025 753 2054 23,
772 2025 819 2053 14.

369 2056 416 2087 M.
435 2057 550 2088 Iunius
576 2058 715 2096 Silanus,
742 2059 922 2098 praefectus
949 2059 1034 2090 Nea-

411 2100 575 2138 politanus
600 2110 649 2139 23,
678 2109 724 2139 15.
759 2105 886 2140 praetor
912 2106 1037 2132 creatur

411 2150 461 2181 25,
475 2153 502 2173 2.
523 2143 653 2173 sortitur
665 2144 788 2174 Tuscos
803 2153 831 2183 3.
852 2144 882 2174 ei
894 2144 927 2174 in
941 2144 1035 2174 Etru-

408 2184 456 2214 ria
470 2190 675 2225 prorogatum
692 2186 862 2225 imperium
881 2186 932 2223 26,
948 2196 972 2217 1.
994 2187 1036 2217 ad

408 2237 457 2257 res
488 2229 643 2267 gerendas
671 2229 798 2258 adiutor
828 2229 866 2259 P.
893 2228 1035 2268 Scipioni

410 2270 505 2299 (latur
526 2280 573 2310 19.
600 2281 620 2300 a
644 2271 793 2310 Scipione
819 2271 958 2300 mittitur
981 2272 1033 2301 ad-

409 2322 517 2342 versus
531 2313 705 2351 Magonem
721 2316 753 2343 et
771 2313 967 2343 Hannonem
985 2314 1034 2351 28,

414 2364 438 2384 1.
463 2364 516 2385 eos
533 2355 630 2385 vincit
647 2365 675 2386 2.
698 2355 830 2385 adducit
849 2356 890 2385 ad
913 2355 1033 2394 Scipio-

408 2407 483 2427 nem
513 2397 634 2427 auxilia
664 2406 710 2435 13.
742 2397 826 2428 cadit
852 2398 885 2428 in
911 2399 1033 2437 proelio

409 2449 482 2469 cum
499 2439 589 2470 Boiis
605 2449 656 2479 33,
672 2439 721 2478 36.

368 2483 404 2512 P.
431 2482 545 2513 Iunius
579 2482 710 2520 Brutus,
739 2482 886 2514 tribunus
918 2483 1032 2523 plebis,

407 2528 516 2555 tuetur
530 2526 633 2565 legem
648 2525 790 2564 Oppiam
808 2535 858 2564 34,
876 2536 899 2556 1.
921 2526 1033 2557 aedilis

408 2568 527 2598 curulis
548 2577 599 2607 35,
615 2578 664 2605 41.
689 2572 813 2598 creatur
833 2572 960 2608 praetor
980 2568 1031 2608 36,

407 2618 457 2648 45.
480 2611 610 2641 sortitur
625 2611 747 2641 Tuscos
762 2619 813 2650 37,
831 2621 858 2642 2.
883 2622 1031 2651 proprae-

406 2658 456 2684 tor
470 2653 502 2683 in
516 2653 647 2683 Etruria
659 2663 708 2693 50.
729 2653 857 2683 iubetur
873 2654 1030 2693 proficisci

407 2706 480 2726 cum
507 2696 642 2735 imperio
668 2696 701 2726 iu
727 2695 921 2736 Hispaniam
948 2697 1028 2727 ulte-

405 2738 519 2769 riorem
536 2747 585 2777 57.

363 2782 406 2817 Q.
421 2781 545 2819 Iunius,
560 2780 631 2811 trib.
649 2781 692 2821 pl.
709 2781 851 2821 queritur
865 2782 1029 2822 indignam

403 2834 513 2854 necem
532 2824 644 2854 Maelii
662 2835 692 2862 4,
712 2823 758 2855 16.

362 2866 518 2904 luniores,
542 2867 629 2897 citati
653 2878 673 2896 a.
696 2867 888 2904 consulibus,
911 2868 951 2897 ad
975 2878 1026 2897 no-

402 2920 474 2941 men
492 2920 555 2940 non
571 2910 763 2949 respondent
779 2920 807 2947 2,
820 2910 867 2941 28.
891 2909 1028 2942 iuniores

1125 276 1235 297 omnes
1254 265 1425 307 adiguntur
1440 267 1638 297 sacramento
1657 274 1706 303 10,
1721 275 1751 303 4.

1127 319 1177 347 22,
1202 316 1250 349 57.
1280 309 1441 340 iuniorum
1464 308 1626 340 centuriae
1652 317 1680 346 1,
1700 315 1751 346 43.

1125 352 1164 382 cf.
1178 356 1210 383 et
1226 362 1274 391 24,
1287 359 1314 392 7.
1339 351 1390 390 26,
1403 361 1452 383 22.
1477 359 1528 391 27,
1539 350 1568 383 6.
1592 349 1752 381 iuniorum

1124 396 1165 425 ob
1188 394 1331 435 inopiam
1350 395 1476 426 Romae
1495 394 1638 425 delectus
1659 402 1754 433 aegre

1125 437 1288 468 confectus
1305 445 1355 476 25,
1372 445 1400 476 5.

1084 479 1168 510 Iuno
1188 489 1214 518 1,
1234 489 1283 519 32.
1316 481 1440 511 Acraea
1462 489 1514 519 32,
1538 488 1587 518 23.
1619 476 1754 509 Lacinia

1127 531 1176 561 23,
1194 531 1243 562 33.
1268 532 1320 561 24,
1341 531 1369 561 3.
1395 523 1445 560 28,
1465 521 1514 560 46.
1539 531 1591 561 3ο,
1611 531 1659 552 20.
1698 520 1753 551 Iu-

1124 565 1217 595 nonis
1249 564 1401 595 Laciniae
1436 564 1545 595 nobile
1580 564 1754 603 templum,

1125 610 1271 637 sanctum
1287 607 1434 637 omnibus
1453 606 1535 637 circa.
1557 606 1686 646 populis
1703 614 1754 643 24,

1126 658 1154 687 3.
1179 650 1353 686 detectum,
1368 649 1484 679 ablatis
1505 648 1691 679 marmoreis
1707 651 1754 678 te-

1125 691 1218 730 gulis,
1243 702 1263 722 a
1287 692 1329 727 Q.
1347 691 1464 722 Fulvio
1491 701 1619 721 censore
1645 700 1697 728 42,
1724 697 1753 728 3.

1126 734 1263 764 Moneta
1280 741 1308 774 7,
1325 734 1374 765 28.
1405 733 1473 764 eius
1490 734 1596 771 aedes,
1611 732 1675 763 vid.
1691 732 1754 763 Ae-

1127 777 1195 815 des,
1219 776 1345 816 Regina
1368 784 1397 815 5,
1422 785 1471 807 21.
1508 775 1575 806 eius
1601 775 1696 805 aedes
1720 774 1754 805 in

1126 829 1199 850 arce
1215 819 1410 857 Veientana,
1424 818 1500 850 ibid.
1530 818 1598 849 eius
1618 817 1755 857 signum,

1127 872 1216 893 more
1232 862 1380 899 Etrusco,
1394 861 1454 892 nisi
1470 864 1575 892 certae
1589 859 1693 901 gentis
1707 869 1755 890 sa-

1129 905 1250 943 cerdos,
1275 908 1444 935 attrectare
1472 914 1538 934 non
1567 902 1680 934 solitus
1704 911 1754 933 22.

1127 948 1212 978 Iuno
1242 949 1428 987 deportatur
1457 956 1574 987 magna
1602 944 1755 985 religione

1127 990 1219 1022 Veiis
1245 991 1397 1029 Romam,
1423 989 1499 1021 ibid.
1537 988 1695 1028 perfertur
1719 987 1754 1018 in

1126 1033 1337 1072 Aventinum,
1360 1033 1453 1073 eique
1475 1043 1495 1064 a
1516 1031 1672 1063 dictatore
1692 1030 1754 1062 Ca-

1125 1076 1217 1107 millo
1231 1077 1392 1116 templum
1409 1077 1544 1114 locatur,
1555 1073 1631 1106 ibid.
1652 1077 1685 1104 et
1700 1074 1754 1104 de-

1125 1119 1251 1150 dicatur
1273 1129 1323 1158 31.
1347 1119 1410 1151 vid.
1433 1122 1466 1150 et
1492 1127 1543 1159 39,
1567 1127 1595 1148 2.
1625 1126 1678 1155 40,
1703 1123 1753 1156 52.

1124 1166 1200 1192 ante
1216 1163 1314 1202 pedes
1327 1162 1463 1193 Iunonis
1475 1165 1538 1192 tres
1553 1163 1684 1200 paterae
1697 1168 1754 1189 au-

1124 1215 1209 1243 reae,
1234 1215 1307 1236 cum
1330 1205 1426 1236 titulo
1448 1203 1587 1234 nominis
1609 1201 1753 1241 Camilli,

1125 1247 1248 1287 positae
1264 1246 1294 1285 6,
1311 1258 1339 1286 4.
1364 1246 1483 1278 Iunoni
1499 1245 1645 1285 Reginae
1659 1244 1692 1274 in
1708 1245 1752 1275 A-

1125 1290 1255 1321 ventino
1270 1290 1443 1321 maioribus
1464 1288 1576 1319 hostiis
1595 1287 1753 1318 sacrifica-

1125 1336 1178 1363 tur
1195 1342 1244 1371 22,
1261 1343 1286 1365 1.
1303 1333 1343 1364 cf.
1359 1334 1399 1363 de
1417 1333 1543 1363 Iunone
1558 1331 1685 1370 Regina
1701 1337 1753 1370 27,

1126 1383 1176 1415 37.
1200 1385 1252 1415 31,
1278 1385 1325 1407 12.
1355 1374 1484 1414 Sospita
1503 1374 1534 1411 8,
1558 1383 1605 1411 14.
1630 1383 1680 1411 24,
1703 1382 1752 1404 10.

1128 1428 1179 1459 29,
1197 1428 1244 1457 14.
1263 1428 1315 1457 31,
1336 1428 1381 1449 12.
1405 1417 1474 1448 eius
1487 1416 1582 1446 aedes
1597 1416 1754 1455 lucusque

1125 1460 1303 1491 communis
1333 1459 1510 1491 Lanuvinis
1537 1458 1754 1498 municipibus

1125 1514 1198 1534 cum
1214 1504 1336 1543 populo
1350 1503 1446 1534 Rom.
1459 1502 1490 1540 8,
1503 1511 1550 1540 14.
1574 1500 1641 1532 eius
1655 1501 1751 1532 simu-

1125 1547 1247 1576 lacrmn
1275 1545 1412 1577 Lanuvii
1436 1555 1487 1583 40,
1517 1554 1564 1586 19.
1601 1543 1630 1574 ei
1655 1544 1753 1575 aedes

1124 1592 1200 1620 vota
1224 1600 1243 1620 a
1267 1589 1305 1620 C.
1322 1588 1472 1621 Cornelio
1495 1586 1651 1626 Cethego,
1677 1596 1750 1617 con-

1124 1633 1194 1662 sule
1211 1641 1262 1671 32,
1278 1641 1328 1670 3ο.
1352 1631 1499 1662 dedicata
1514 1639 1566 1669 34,
1579 1637 1628 1669 53.
1652 1629 1751 1660 Iuno-

1124 1675 1172 1706 nis
1194 1674 1227 1705 in
1250 1675 1329 1705 aede
1344 1673 1442 1705 veteri
1460 1672 1587 1704 Patavii
1602 1672 1668 1702 fixa
1686 1682 1750 1703 ros-

1124 1721 1174 1748 tra
1187 1717 1330 1756 navium,
1341 1716 1508 1757 spoliaque
1521 1715 1688 1746 Laconum
1701 1724 1750 1753 10,

1125 1770 1153 1792 2.

1082 1802 1217 1833 Iunonis
1232 1801 1483 1843 promontorium
1499 1811 1551 1841 32,
1568 1810 1618 1841 23.

1082 1844 1208 1886 Iupiter
1223 1847 1364 1877 Acraeus
1379 1846 1431 1885 38,
1448 1855 1476 1877 2.
1500 1843 1705 1885 Capitolinus
1722 1853 1751 1883 1,

1123 1897 1172 1928 55.
1197 1887 1228 1927 6,
1248 1897 1293 1929 17.
1328 1888 1526 1919 Dodonaeus
1548 1888 1579 1926 8,
1599 1897 1647 1925 24.
1681 1886 1751 1918 eius

1122 1935 1230 1969 sortes,
1245 1931 1320 1962 ibid.
1349 1931 1473 1962 Elicius
1491 1940 1519 1968 1,
1535 1939 1584 1961 20.
1617 1929 1646 1960 ei
1661 1939 1750 1960 aram

1121 1974 1153 2004 in
1178 1975 1339 2005 Aventino
1363 1974 1491 2005 dedicat
1514 1973 1627 2005 Numa
1653 1973 1749 2003 Pom-

1122 2017 1230 2057 pilius,
1245 2017 1321 2048 ibid.
1342 2017 1382 2048 cf.
1404 2020 1436 2047 et
1456 2025 1506 2055 31.
1537 2015 1698 2046 Feretrius
1721 2024 1749 2052 1,

1126 2069 1172 2091 10.
1203 2060 1232 2090 ei
1255 2060 1413 2099 templum
1437 2058 1564 2089 dedicat
1586 2057 1750 2088 Romulus

1122 2107 1154 2133 et
1181 2103 1289 2142 opima
1314 2102 1417 2142 spolia
1441 2102 1514 2138 fert,
1538 2099 1614 2131 ibid.
1651 2100 1749 2130 aedes

1122 2145 1191 2175 eius
1205 2146 1246 2175 ab
1262 2146 1353 2175 Anco
1368 2143 1565 2183 amplificata
1583 2152 1610 2180 1,
1626 2151 1676 2181 33.
1701 2152 1748 2173 re-

1122 2188 1207 2217 fecta
1223 2188 1264 2218 ab
1280 2188 1424 2227 Augusto
1440 2197 1469 2224 4,
1486 2195 1536 2217 20.
1567 2186 1749 2226 Imperator

1121 2229 1153 2267 6,
1175 2239 1223 2270 29.
1257 2229 1386 2269 Indiges
1404 2239 1431 2267 1,
1448 2239 1475 2260 2.
1508 2229 1673 2260 Lanuvius
1695 2238 1748 2268 32,

1122 2282 1151 2313 9.
1184 2271 1319 2302 Latiaris
1336 2282 1385 2309 21,
1401 2271 1451 2310 63.
1483 2271 1512 2303 ei
1535 2273 1668 2310 donum,
1685 2272 1747 2302 ful-

1120 2324 1193 2345 men
1217 2325 1349 2345 aureum
1373 2315 1480 2354 pondo
1504 2314 1747 2355 quinquaginta,

1120 2357 1241 2387 factum
1266 2367 1315 2394 22,
1342 2367 1367 2389 1.
1401 2357 1536 2388 trecenti
1559 2358 1657 2388 boves
1680 2357 1747 2388 voti

1124 2409 1170 2430 10.
1214 2400 1444 2431 lectisternium
1479 2399 1638 2438 habitum,
1667 2399 1745 2431 ibid.

1120 2442 1148 2472 ei
1163 2447 1291 2473 centum
1307 2444 1408 2473 bobus
1423 2443 1580 2474 sacrificat
1591 2443 1627 2473 P.
1636 2441 1745 2481 Scipio

1121 2485 1170 2522 28,
1184 2486 1233 2524 38.
1259 2486 1430 2525 Olympius
1446 2495 1498 2524 24,
1511 2495 1559 2516 21.
1583 2485 1650 2515 eius
1664 2487 1744 2515 tem-

1118 2528 1209 2567 plum
1227 2528 1363 2558 Athenis
1378 2538 1430 2567 41,
1447 2538 1496 2567 25.
1520 2528 1616 2558 aedes
1632 2526 1743 2558 Pisau-

1117 2570 1154 2608 ri,
1167 2570 1274 2601 Fundi
1289 2574 1321 2601 et
1332 2570 1502 2601 Potentiae
1517 2579 1567 2609 32.
1592 2569 1745 2610 Optimus

1118 2613 1282 2643 Maximus
1294 2624 1324 2651 4,
1338 2622 1365 2644 2.
1389 2614 1471 2643 fixus
1486 2613 1595 2643 clavus
1609 2622 1628 2642 a
1644 2611 1742 2643 dicta-

1116 2659 1185 2685 tore
1200 2656 1312 2686 dextro
1327 2655 1418 2686 lateri
1433 2655 1521 2686 aedis
1537 2654 1624 2685 Iovis
1640 2655 1680 2686 O.
1692 2655 1742 2687 M.

1119 2704 1146 2737 7,
1163 2707 1191 2735 3.
1222 2698 1255 2728 in
1271 2698 1339 2728 eius
1354 2698 1437 2728 cella
1453 2708 1568 2728 corona
1585 2707 1683 2728 aurea
1698 2697 1742 2728 vi-

1115 2740 1194 2780 ginti
1210 2740 1350 2780 quinque
1372 2741 1491 2780 pondo,
1510 2741 1606 2771 missa
1627 2751 1647 2771 a
1666 2739 1741 2771 Car-

1115 2782 1365 2822 thaginiensibus
1395 2783 1444 2822 38.
1488 2782 1522 2813 in
1557 2783 1625 2814 eius
1658 2783 1741 2814 cella

1116 2825 1211 2855 trium
1233 2835 1413 2856 mensarum
1429 2830 1580 2866 argentea
1595 2835 1669 2856 vasa
1684 2835 1741 2865 po-

1114 2868 1185 2905 sita,
1197 2872 1227 2899 et
1240 2868 1364 2908 Iupiter
1376 2868 1409 2899 in
1423 2868 1562 2900 culmine
1578 2878 1651 2899 cum
1663 2878 1739 2908 qua-

1114 2910 1208 2951 drigis
1228 2921 1275 2950 10,
1293 2921 1340 2952 23.
1375 2910 1403 2942 ei
1427 2912 1563 2952 praesidi
1583 2910 1739 2952 Capitoli-
