1888 3194
450 180 965 227 FRAGMENTUM
1008 181 1137 224 LIB.
1181 184 1305 226 XCI.
1491 191 1571 230 301

178 276 223 318 in
244 291 295 318 eo
315 275 550 332 antiquitus
570 274 710 323 fuerit,
732 272 907 314 scrutari
927 286 1004 328 pro
1024 271 1135 312 virili
1163 273 1380 322 annititur,
1404 273 1575 317 titulum

179 333 357 376 offendit
386 332 533 382 multo,
556 346 683 388 quam
715 330 880 386 reliqui,
907 329 1134 370 maioribus
1165 329 1475 371 characteribus
1502 347 1577 373 ex-

209 405 367 432 ressum
394 390 439 430 in
467 389 581 430 hunc
609 387 810 429 modum:
847 385 1090 429 INCIPIT
1123 386 1251 428 PRO
1286 386 1574 430 ROSCIO‘AE.

178 406 326 503 {ergit
345 461 470 503 porro
490 447 554 488 vir
574 454 782 495 strenuus,
801 453 927 500 atque
950 459 1083 485 unum
1105 443 1369 499 alterumque
1386 444 1576 495 verbum,

178 504 296 560 quod
335 503 525 560 exsculpi
564 502 728 544 facilius
767 502 918 558 potuit,
960 516 1057 542 cum
1098 501 1221 542 initio
1262 501 1460 543 orationis
1501 517 1578 558 pro

181 561 311 603 Sexto
345 561 501 603 Roscio
532 560 740 603 Amerino
772 574 905 615 quum
938 558 1196 608 contulisset,
1229 558 1372 600 deesse
1406 574 1457 600 ea
1488 560 1578 600 ani-

177 618 402 660 madvertit
437 619 482 660 in
518 618 683 660 excusis
718 616 939 658 Ciceronis
973 616 1100 658 libris.
1167 616 1310 664 Quare
1347 625 1462 657 certo
1498 617 1576 658 sibi

176 676 395 732 persuasit,
424 676 593 718 initium
627 675 827 717 orationis
859 674 904 715 in
936 674 1222 730 manuscripto
1256 689 1344 715 esse
1378 689 1465 715 non
1501 689 1578 730 pro

181 733 324 784 Sexto,
365 733 441 775 sed
489 749 566 790 pro
610 732 789 781 Quinto,
831 731 947 788 quod
997 731 1201 772 hactenus
1249 731 1577 773 desiderabatur.

178 789 330 847 Itaque
355 791 417 832 rei
441 791 627 832 novitate
653 804 874 846 percussus
897 789 952 830 ad
972 789 1107 829 virum
1130 788 1301 845 ingenio
1323 797 1366 830 et
1386 788 1581 830 doctrina

178 848 596 905 praestantissimum,
643 862 857 904 quemque
898 846 1049 888 frustra
1090 861 1167 902 pro
1209 846 1368 887 meritis
1408 846 1579 888 laudare

178 921 357 963 sperem,
375 905 524 947 Vitum
549 905 612 946 M.
631 904 914 954 Iuvenatiuln,
933 919 1018 960 quo
1033 903 1351 945 familiarissime
1369 904 1579 954 utebatur,

178 972 295 1006 recta
324 963 503 1013 advolat,
532 978 635 1013 rem,
664 970 712 1004 ut
742 962 956 1012 acciderit,
984 970 1136 1015 narrat,
1165 970 1304 1017 atque,
1337 961 1582 1017 insequenti

179 1020 249 1062 die
272 1029 320 1062 ut
339 1035 425 1062 una
444 1021 488 1061 in
510 1020 808 1062 bibliothecam
830 1019 1084 1061 conveniant
1112 1019 1166 1060 ad
1193 1033 1283 1060 rem
1311 1019 1484 1075 propius
1506 1034 1581 1060 ex-

178 1078 440 1135 plorandam,
463 1078 514 1119 ab
536 1092 586 1118 eo
607 1076 840 1118 contendit.
907 1075 1026 1124 Quid
1051 1075 1217 1116 multa?
1278 1075 1329 1116 In
1355 1076 1582 1118 bibliothe-

179 1150 272 1177 cam
288 1135 469 1185 venitur,
488 1134 678 1176 codicem
699 1141 892 1190 poscunt,
915 1133 1158 1189 inspiciunt,
1176 1148 1223 1174 ac
1245 1133 1361 1188 quod
1381 1134 1582 1175 orationis

178 1207 256 1249 pro
280 1191 445 1241 Quinto
465 1192 633 1233 initium
656 1198 920 1247 putaverant,
942 1190 1168 1231 inveniunt
1195 1205 1272 1245 pro
1297 1190 1439 1231 Sexto.
1504 1190 1583 1231 Er-

178 1250 282 1292 roris
302 1259 444 1290 autem
464 1264 589 1290 causa
616 1263 666 1290 ea
693 1248 867 1298 exstitit,
890 1247 1007 1304 quod
1029 1262 1137 1304 quae
1161 1247 1367 1288 Brunsius
1388 1247 1474 1288 duo
1498 1248 1581 1288 iam

179 1315 277 1349 ante
313 1307 442 1349 verba
481 1307 526 1348 in
567 1306 822 1348 membranis
862 1305 1034 1362 legerat,
1072 1320 1123 1346 ea
1162 1305 1205 1345 in
1242 1304 1371 1346 altera
1406 1304 1583 1361 periodo

179 1364 379 1407 orationis
410 1379 487 1421 pro
519 1364 726 1406 Amerino
758 1363 839 1404 hoc
873 1363 1030 1404 Roscio
1062 1363 1218 1420 scripta
1249 1361 1582 1419 reperiebantur,

179 1430 230 1463 ut
263 1422 416 1463 frustra
450 1421 705 1478 quaesiverit
744 1421 789 1462 in
828 1422 976 1477 prima.
1038 1419 1118 1461 Illa
1157 1431 1296 1462 autem
1339 1419 1584 1461 INCIPIT

181 1478 309 1521 PRO
341 1479 573 1521 ROSCIO
600 1494 699 1528 non,
721 1487 770 1519 ut
794 1478 912 1529 solet,
934 1478 1170 1534 principem
1192 1477 1332 1519 locum
1354 1478 1582 1533 scripturae

181 1536 444 1587 obtinebant,
481 1536 556 1578 sed
591 1536 644 1577 ad
679 1536 774 1577 libri
810 1551 939 1586 oram,
974 1545 1101 1592 atque
1138 1535 1244 1576 adeo
1279 1535 1333 1576 ad
1368 1535 1582 1577 sinistrum

182 1593 362 1650 legentis
382 1593 503 1643 latus,
525 1593 800 1650 pluribusque
822 1593 1020 1634 distincta
1039 1593 1228 1634 versibus
1252 1592 1406 1648 scripta
1434 1601 1579 1633 erant:

182 1660 231 1692 ut
262 1666 349 1693 non
381 1652 535 1692 mirum
568 1651 706 1700 fuerit,
735 1651 769 1691 si
803 1650 902 1706 ipsis
935 1666 957 1691 e
990 1650 1163 1706 regione
1196 1665 1283 1690 non
1316 1650 1479 1706 prioris,
1507 1649 1584 1690 sed

182 1709 398 1765 sequentis
418 1708 582 1765 periodi
603 1708 772 1748 initium
794 1707 1118 1763 responderetw.

244 1766 391 1814 Quum
428 1766 508 1807 hoc
548 1765 640 1807 loeo
677 1779 740 1806 res
776 1773 897 1814 esset,
935 1779 1153 1820 quumque
1190 1763 1378 1820 elapsum
1415 1763 1493 1805 sibi
1529 1763 1582 1805 de

182 1824 377 1865 manibus
404 1823 658 1880 praeclaram
681 1837 798 1878 spem
820 1821 1117 1877 intelligerent,
1140 1836 1287 1877 parum
1310 1821 1455 1870 abfuit,
1478 1821 1583 1876 quin

182 1881 337 1922 librum
368 1881 611 1930 abiicerent,
638 1879 839 1936 quodque
871 1879 1082 1935 reliquum
1116 1878 1437 1920 antemeridiani
1473 1878 1584 1919 illius

183 1938 269 1980 diei
301 1946 404 1987 erat,
426 1938 471 1978 in
504 1937 585 1978 alia
617 1937 759 1978 omnia
792 1936 1098 1992 impenderent.
1163 1936 1230 1977 Ac
1257 1936 1455 1977 fecissent
1485 1951 1583 1992 pro-

182 1995 305 2045 fecto,
326 1996 567 2051 feceratque
599 1995 681 2035 iam
707 1994 924 2044 Brunsius,
948 1993 1023 2049 qui
1054 2008 1155 2042 sese,
1183 2009 1233 2034 eo
1264 1993 1470 2049 deposito,
1500 1993 1582 2034 iam

182 2052 236 2095 ad
258 2052 492 2094 Hebraicos
519 2067 615 2093 suos
643 2051 809 2093 codices
838 2050 1050 2092 retulerat.
1117 2050 1202 2092 Sed
1229 2050 1486 2100 Iuvenatius,
1510 2051 1583 2106 qui

181 2125 402 2167 nunquam
423 2120 548 2152 antea
568 2109 721 2151 librum
744 2109 918 2159 viderat,
941 2108 1231 2164 hactenusque
1257 2108 1302 2149 in
1324 2108 1584 2164 explorando

185 2167 418 2218 Ciceronis,
453 2167 506 2209 de
543 2183 628 2223 quo
664 2167 768 2217 dixi,
803 2182 879 2223 pro
916 2166 1072 2208 Roscio
1109 2166 1310 2207 orationis
1344 2165 1437 2207 loco
1472 2174 1584 2207 totus

182 2225 330 2276 fuerat,
367 2235 594 2281 antequam
635 2224 734 2266 inde
774 2224 1054 2274 discederent,
1093 2224 1229 2265 obiter
1264 2238 1362 2264 cum
1403 2223 1480 2264 sibi
1517 2224 1585 2278 (ut

185 2283 276 2324 fieri
312 2283 511 2324 nimirum
547 2282 666 2332 solet,
703 2297 836 2338 quum
873 2282 1056 2338 primum
1093 2281 1137 2322 in
1173 2281 1326 2322 librum
1365 2295 1584 2336 nunquam

184 2348 309 2382 antea
338 2356 363 2382 a
393 2341 525 2390 nobis,
553 2340 685 2382 visum
721 2339 966 2393 incidimus)
999 2338 1352 2395 pervolutandum
1387 2339 1582 2394 suscepit.

187 2397 281 2440 Nec
313 2398 436 2454 longe
467 2398 582 2448 abiit,
613 2412 744 2454 quum
779 2397 820 2438 in
854 2397 1050 2438 Livianas
1080 2397 1155 2437 has
1188 2396 1362 2438 schedas
1396 2395 1582 2437 incurrit.

189 2455 307 2497 Sistit
327 2455 396 2497 hic
417 2456 632 2498 enimvero
653 2470 880 2512 parumper
904 2455 1132 2496 admiratus
1153 2454 1366 2495 literarum
1389 2453 1584 2503 nitorem,

187 2513 560 2555 conformationem
598 2513 949 2569 elegantiamque,
985 2512 1129 2569 quales
1165 2526 1387 2568 nusquam,
1426 2525 1504 2552 nec
1542 2511 1585 2551 in

189 2569 340 2612 Bembi
371 2571 588 2621 Terentio,
624 2586 701 2612 nec
736 2571 779 2611 in
815 2570 983 2625 Virgilii
1016 2569 1341 2625 exemplaribus,
1376 2568 1585 2610 Vaticano

187 2636 259 2669 aut
280 2627 492 2678 Mediceo,
515 2644 593 2670 nec
622 2629 666 2669 in
693 2627 855 2677 ceteris,
879 2642 1058 2684 quorum
1091 2627 1320 2683 scripturae
1354 2626 1587 2682 specimina

188 2685 232 2726 in
253 2700 322 2728 aes
342 2686 541 2742 impressa
558 2686 923 2735 circumferuntur,
941 2685 1159 2727 observare
1179 2684 1439 2725 meminerat.
1485 2683 1584 2724 Non

235 2807 274 2836 ²8
299 2806 374 2838 vid.
391 2818 486 2847 supra
507 2814 572 2838 not.
598 2816 624 2847 7.
646 2808 696 2838 ubi
720 2808 806 2837 huuc
826 2807 862 2837 ti·
909 2807 990 2846 quit,
1028 2812 1048 2822 ‘⁸
1062 2806 1200 2846 spatium
1239 2807 1385 2836 relictum
1423 2804 1493 2836 fuit.
1524 2815 1587 2842 ⁴!¹¹⁰

191 2848 294 2878 tulum
311 2859 329 2878 n
348 2849 527 2880 Niebuhrio
543 2851 724 2880 accuratius
739 2850 861 2880 editum
911 2850 1004 2889 primi
1027 2860 1134 2879 versus
1153 2860 1252 2888 usque
1277 2850 1315 2878 :ul
1342 2849 1435 2878 verbu
1460 2847 1574 2876 nobilis

191 2900 258 2921 eme
274 2890 423 2922 diximum
911 2892 980 2921 simi
1008 2893 1151 2924 »st-(leant,
1172 2892 1270 2921 minin
1294 2891 1528 2924 scribere-ntum
1555 2888 1583 2917 icl

238 2941 276 2972 π)
302 2932 499 2964 Nic-humina
517 2944 545 2972 p.
561 2936 611 2965 82.
634 2938 654 2950 ⁸⁸
671 2934 803 2970 lunium*
821 2935 865 2965 iu-
911 2935 996 2971 quod
1014 2941 1121 2965 tumen
1141 2935 1321 2971 neglectum
1341 2932 1433 2963 sui1.'·
