1888 3194
721 208 1012 247 INDEX.

168 279 329 314 Triremes
345 292 397 323 31,
410 293 459 315 22.
482 283 627 314 triremes
642 282 842 322 Erythraeae
887 281 1101 323 Trogiliorum
1117 290 1229 325 portus
1245 293 1296 324 25,
1313 295 1362 326 23.

209 330 263 362 372
283 333 329 356 11·

166 362 338 404 Tritonon,
354 366 487 398 Doridis
501 365 660 405 oppidum
677 365 729 403 28,
747 372 775 404 7.

165 404 452 446 Triumphantium
464 412 595 438 ornatus
609 416 657 445 10,
672 414 698 446 7.
723 416 776 446 30,
790 414 837 444 15.

206 447 478 488 triumphantium
515 449 576 479 filii
613 448 706 489 pueri
743 458 838 479 curru

206 498 281 536 cum
310 494 403 530 patre
431 490 504 522 vehi
531 491 678 522 solebant
704 498 757 530 45,
784 500 836 528 40.

203 532 482 578 triumphantibus
502 537 575 573 post
597 536 748 565 exactum
771 542 837 562 ma-

203 576 372 612 gistratum
398 575 571 615 imperium
595 579 633 606 ut
655 579 750 613 esset,
773 584 837 614 quo

204 614 258 646 die
275 618 388 648 urbem
409 617 519 648 inituri
540 621 657 655 essent,
672 617 714 648 ad
734 626 836 657 popu-

203 655 274 688 lum
288 659 452 691 ferebatur
466 668 518 700 45,
535 668 585 699 35.
608 659 789 699 triumphat
803 658 837 689 in

203 704 315 732 monte
335 702 478 740 Albano,
494 712 568 732 cum
591 711 656 733 non
679 701 837 741 potuisset

202 741 406 782 triumphum
429 743 614 784 impetrare,
637 744 675 776 C.
690 743 837 783 Papirius

204 783 257 822 26,
284 794 334 816 21.
372 785 572 827 triumphare
601 796 666 817 non
696 789 833 825 poterat,

202 825 257 899 q181i
273 827 342 858 sine
357 828 545 867 magistratu
559 838 609 859 res
619 827 767 868 gessisset
783 827 834 864 28,

202 874 220 905 3
245 891 253 899 .
277 877 330 908 31,
347 879 396 901 2o.

159 907 333 951 Triumphi
356 912 444 953 origo
471 922 498 951 1,
525 921 572 944 10.
608 911 780 952 descriptio
803 921 834 951 3,

202 961 253 1000 29.
279 953 318 984 cf.
342 958 376 985 et
402 963 454 994 45,
480 963 521 996 39
541 958 574 986 et
595 965 647 993 40.
676 954 834 994 triumphi

200 1004 270 1026 sine
305 997 498 1028 auctoritate
534 997 682 1034 Patrum,
717 995 833 1036 populi

200 1035 289 1068 iussu
308 1037 373 1069 acti
395 1047 426 1078 3,
441 1038 493 1079 63.
519 1046 548 1078 7,
568 1046 614 1078 17.
638 1039 706 1070 sine
723 1042 833 1069 aucto-

199 1078 296 1111 ritate
312 1080 538 1119 Patrum,sine
553 1081 666 1121 populi
682 1081 770 1112 iussu
786 1090 835 1118 10,

200 1128 253 1161 37.
293 1121 480 1163 triumphus
515 1123 684 1163 Tarquinii
723 1122 835 1159 Prisci,

200 1165 324 1203 primus
346 1175 366 1195 a
389 1165 483 1196 Livio
505 1169 703 1196 memoratus
729 1174 756 1203 1,
779 1165 829 1204 38.

201 1206 239 1238 Ρ.
258 1207 381 1238 Valerii
397 1216 426 1245 2,
444 1215 471 1247 7.
495 1207 628 1239 Camilli
644 1216 675 1246 5,
692 1215 741 1246 23.
765 1207 830 1238 Sci-

199 1248 307 1289 pionis
326 1249 394 1281 Ast.
417 1259 469 1289 3ο,
486 1257 536 1289 45.
562 1250 599 1281 L.
613 1250 706 1280 Aem.
721 1249 830 1280 Paulli

199 1299 253 1330 45,
279 1299 321 1332 39
349 1295 382 1322 et
406 1301 457 1330 40.
492 1291 678 1331 triumphus
707 1290 831 1322 navalis

199 1332 325 1372 primus
342 1341 395 1372 45,
415 1343 466 1373 42.
489 1333 675 1374 triumphus
694 1336 762 1364 tam
783 1336 831 1364 est

198 1374 353 1414 militum,
373 1385 471 1415 quam
492 1376 612 1407 ducum
634 1383 687 1415 45,
704 1376 754 1416 38.
777 1375 830 1406 tri-

198 1417 359 1457 umphum
374 1418 497 1458 primus
507 1423 581 1449 acto
593 1418 715 1449 honore
725 1427 831 1458 repor—

199 1459 280 1490 tavit
296 1460 340 1496 Q„
354 1460 475 1491 Publil.
493 1460 591 1491 Philo
603 1461 634 1498 8,
649 1459 698 1492 26.
721 1460 831 1491 trium—

199 1501 302 1541 phum
315 1503 492 1534 concedere
503 1507 561 1533 aut
572 1503 731 1543 denegare
742 1512 832 1534 sena-

198 1548 252 1575 tus
273 1548 321 1575 est
345 1553 376 1584 3,
399 1543 450 1583 63.
481 1544 683 1585 triumphum
707 1548 832 1584 petens,

199 1595 274 1617 cum
297 1587 366 1617 sine
392 1587 581 1627 magistratu
604 1597 654 1618 res
674 1586 832 1627 gessisset,

200 1627 238 1660 L.
254 1629 352 1660 Corn.
381 1629 541 1660 Lentulus
564 1629 748 1660 ovationem
774 1629 831 1659 im-

199 1674 306 1710 petrat
324 1680 376 1710 31,
394 1680 444 1703 20.
467 1671 546 1702 item
566 1672 604 1703 L.
619 1671 765 1703 Manlius
780 1681 832 1713 39,

200 1721 252 1760 29.
274 1713 469 1753 triumphus,
480 1713 513 1744 in
530 1723 594 1753 quo
610 1724 714 1753 neque
730 1714 830 1753 capti-

201 1764 231 1785 vi
246 1759 323 1786 ante
339 1766 467 1786 currum
487 1756 590 1792 ducti,
605 1766 710 1796 neque
726 1755 832 1796 spolia

199 1798 356 1837 praelata,
379 1808 485 1838 neque
510 1798 630 1829 milites
651 1798 751 1829 secuti
779 1807 831 1837 3ι,

199 1849 251 1881 49.
288 1840 485 1880 triumphus,
509 1841 600 1871 nullo
631 1841 717 1871 bello
742 1845 831 1880 gesto

199 1891 252 1920 4ο,
268 1883 318 1921 38·

156 1922 331 1956 Triumviri
345 1925 491 1956 coloniae
507 1925 721 1957 deducendae
734 1925 831 1956 creati

200 1977 232 2004 4,
256 1976 303 1999 11.
327 1966 359 2005 6,
382 1977 431 1999 21.
455 1968 487 2005 8,
511 1967 556 1999 16.
584 1977 616 2009 9,
637 1968 688 1999 28.
714 1977 766 2005 2ι,
782 1977 831 2006 25.

199 2017 253 2047 3ι,
269 2019 320 2050 49,
344 2018 396 2048 32,
415 2019 463 2051 29.
486 2009 643 2041 triumviri
657 2009 722 2041 bini
733 2009 831 2040 creari

198 2050 287 2089 iussi,
299 2051 353 2091 qui
371 2052 451 2083 citra
464 2057 495 2083 et
512 2054 598 2083 ultra
609 2052 830 2092 quinquagesi-

198 2102 289 2124 mum
311 2093 466 2134 lapidem,
481 2094 514 2125 in
537 2095 626 2135 pagis
646 2095 785 2134 forisque
800 2098 832 2125 et

198 2135 433 2172 conciliabulis,
449 2146 578 2168 omnem
602 2137 728 2176 copiam
746 2137 831 2176 inge-

198 2187 336 2209 nuorum
349 2178 544 2218 inspicerent
559 2188 610 2218 25,
621 2187 649 2218 5.
674 2178 831 2209 triumviri

197 2220 277 2258 bini,
291 2220 349 2252 uni
370 2221 467 2253 sacris
487 2221 723 2260 conquirendis,
738 2221 831 2252 alteri

198 2262 382 2294 reficiendis
396 2263 531 2294 aedibus
545 2263 653 2301 sacris,
669 2263 766 2295 creati
782 2273 797 2293 2
802 2270 832 2301 5,

201 2312 228 2344 7.
252 2304 410 2336 triumviri
432 2305 590 2345 capitales
610 2305 799 2336 incusantur
813 2315 832 2335 a

198 2349 327 2384 senatu,
341 2347 429 2386 quod
450 2351 561 2378 coetus
580 2347 830 2379 sacrificantium

199 2397 284 2419 noro
306 2398 396 2420 more
415 2398 480 2419 non
504 2389 710 2430 prohiberent
730 2398 781 2428 25,
806 2399 831 2420 1.

200 2430 353 2462 iubentur
400 2430 605 2463 intentiorem
651 2431 831 2462 custodiam

200 2472 448 2504 Lautumiarum
479 2473 613 2504 carceris
639 2473 757 2504 habere
781 2482 833 2512 32,

201 2514 250 2546 26.
283 2515 320 2545 lis
349 2515 552 2552 mandatum,
579 2520 614 2545 ut
639 2525 697 2555 per
720 2515 832 2545 urbem

200 2557 326 2597 vigilias
341 2557 515 2597 disponant
535 2566 586 2605 39,
607 2567 652 2595 ¹4·
676 2555 832 2587 triumviri

198 2600 357 2639 epulones
368 2600 498 2639 quando
539 2609 655 2630 nmum
669 2598 767 2630 creati
781 2607 833 2637 33,

200 2651 253 2679 42.
282 2641 332 2679 iis,
354 2646 391 2673 ut
414 2641 504 2682 ponti
531 2641 632 2678 cibus,
653 2642 765 2672 datum
785 2640 835 2671 ius

201 2687 295 2723 togae
305 2687 492 2724 praetextae
505 2683 687 2720 habendae,
698 2683 775 2714 ibid.
792 2683 832 2714 cf.

202 2734 255 2763 4ο,
271 2734 321 2763 42.
344 2725 501 2756 triumviri
526 2725 675 2757 mensarii
697 2725 772 2756 sacti
792 2726 833 2754 ob

200 2767 325 2839 affengi
351 2767 517 2806 penuriam
543 2777 595 2807 23,
617 2777 666 2799 2¹.
706 2777 757 2805 24,
784 2768 832 2797 ι8.

203 2818 219 2838 2
246 2831 255 2845 ,
273 2818 290 2848 3
315 2832 322 2840 .

159 2850 303 2888 Trocmi,
319 2850 422 2888 Galli,
442 2856 603 2893 occupant
624 2851 833 2892 Hellesponti

202 2902 288 2925 oram
307 2893 359 2931 38,
380 2891 426 2924 16.
444 2893 505 2924 vid.
523 2894 738 2931 Gallograeci.

886 323 985 354 Troia
1000 330 1107 365 capta,
1121 330 1154 358 et
1173 327 1208 358 in
1223 327 1382 359 Troianos
1399 329 1557 360 saevitum

931 375 958 402 1,
978 376 1003 397 1.
1028 368 1127 399 Troia
1141 369 1254 400 decem
1266 370 1358 400 annis
1370 375 1558 411 oppugnata

926 407 968 436 ob
988 418 1086 440 unam
1107 411 1277 441 mulierem
1302 419 1332 449 5,
1349 422 1378 449 4.
1402 412 1501 443 Troia
1520 413 1553 443 in

926 447 1155 497 Euganeorum
1197 462 1272 491 agro
1312 454 1354 482 ab
1391 455 1557 485 Antenore

925 492 1056 522 condita
1089 502 1116 530 1,
1148 503 1173 524 1.
1204 494 1302 524 Troia
1331 494 1364 524 in
1393 494 1555 527 Laurente

924 541 999 572 agro
1014 535 1055 564 ab
1072 535 1184 565 Aenea
1200 536 1341 573 condita,
1356 536 1433 568 ibid.

882 573 1042 606 Troianus
1056 585 1158 616 pagus
1177 586 1204 614 1,
1225 585 1250 607 1.

881 615 1012 648 Troiani
1033 627 1061 655 1,
1080 627 1105 649 ι.

882 657 1042 690 Troilium
1054 659 1087 690 in
1100 660 1232 691 Etruria
1240 670 1260 691 a
1270 661 1325 701 Sp.
1336 660 1479 693 Carvilio
1491 671 1553 693 cos.

881 701 1211 776 Tr‘offgiiiilnzlot’rilfiis
1225 745 1337 776 addita
1351 744 1384 783 6,
1400 753 1429 784 5.

878 783 1058 824 Trophonii
1071 796 1187 826 specus
1202 795 1255 826 45,
1272 794 1321 826 27.
1346 787 1554 828 Trophonius

922 826 1061 867 Iupiter,
1075 828 1152 860 ibid.

878 867 1053 901 Tubicines
1075 874 1108 901 et
1132 870 1310 902 cornicines
1331 871 1365 902 in
1392 871 1552 904 centurias

920 911 1081 943 distributi
1102 922 1129 950 1,
1144 921 1196 952 43.

879 951 928 984 M.
947 953 1101 993 Tuccius,
1127 955 1241 986 aedilis
1271 956 1392 987 curulis
1421 964 1474 995 35,
1500 965 1551 994 41.

921 1000 1047 1027 creatur
1055 1001 1184 1037 praetor
1194 996 1245 1037 36,
1255 1006 1306 1038 45.
1322 998 1452 1029 sortitur
1463 999 1553 1038 Apu-

921 1037 999 1068 liam
1019 1042 1050 1070 et
1072 1039 1219 1070 Bruttios
1239 1048 1290 1079 37,
1311 1049 1341 1078 2,
1351 1049 1407 1079 50.
1432 1040 1484 1079 38,
1501 1039 1552 1080 36.

922 1085 1049 1111 creatur
1062 1081 1210 1112 triumvir
1224 1083 1370 1114 coloniae
1390 1083 1551 1114 deducen-

922 1123 984 1154 dae
1000 1132 1051 1165 39,
1069 1133 1119 1163 23.

876 1164 1017 1203 Tulliae,
1032 1166 1114 1206 regis
1129 1166 1230 1198 Servii
1247 1166 1350 1198 Tullii
1367 1166 1453 1198 filiae
1468 1168 1552 1198 duae

924 1217 951 1245 1,
967 1206 1017 1246 46.
1041 1208 1171 1239 maioris
1191 1209 1323 1240 Tulliae
1344 1209 1491 1247 ambitio,
1507 1209 1549 1240 ib.

919 1250 1015 1280 ambo
1031 1251 1158 1281 nubunt
1179 1251 1376 1291 Tarquiniis,
1390 1251 1468 1283 ibid.
1491 1251 1549 1282 mi-

919 1302 978 1322 nor
987 1293 1081 1323 nubit
1094 1293 1222 1331 Arunti,
1232 1293 1308 1324 ibid.
1332 1293 1463 1324 maioris
1472 1294 1552 1325 Tul-

919 1333 982 1364 liae
1006 1334 1150 1365 violenta
1168 1335 1303 1366 consilia
1325 1343 1375 1374 47.
1406 1335 1476 1366 eius
1492 1335 1551 1366 im-

919 1376 1023 1416 pietas
1044 1376 1094 1415 48.
1119 1376 1296 1417 Tarquinio
1317 1379 1411 1417 pulso
1433 1382 1466 1409 et
1483 1378 1553 1418 ipsa

877 1429 1068 1492 Tullianui’n
1087 1471 1138 1504 29,
1155 1472 1204 1494 22.

877 1504 968 1535 Man.
982 1503 1124 1542 Tullius,
1139 1515 1202 1535 cos.
1221 1514 1250 1542 2,
1270 1515 1317 1546 ι9.

877 1546 952 1578 Sex.
965 1545 1097 1577 Tullius
1108 1546 1282 1586 septimum
1294 1546 1435 1586 primum
1449 1547 1551 1587 pilum

920 1588 1010 1619 ducit
1033 1595 1062 1626 7,
1082 1598 1129 1628 13.
1153 1588 1222 1619 eius
1239 1589 1281 1619 ad
1304 1589 1342 1620 C.
1356 1589 1554 1629 Sulpicium,

920 1630 1122 1668 dictatorem,
1140 1631 1226 1670 quod
1251 1631 1374 1662 bellum
1398 1631 1552 1669 traheret,

919 1672 1033 1710 oratio,
1063 1673 1142 1704 ibid.
1188 1672 1348 1713 privatum
1387 1673 1553 1704 dictatoris

919 1724 993 1745 cum
1023 1724 1061 1746 eo
1091 1715 1290 1755 colloquium
1330 1725 1378 1754 ¹4·
1420 1715 1490 1747 eius
1518 1715 1550 1746 in

920 1757 1043 1797 proelio
1060 1757 1160 1788 virtus
1179 1756 1226 1789 16.

877 1799 995 1830 Tullus
1018 1799 1182 1832 Hostilius
1203 1804 1330 1831 creatur
1351 1810 1407 1831 rex
1430 1800 1552 1832 Roma-

919 1851 1033 1873 norum
1054 1852 1081 1879 1,
1099 1851 1148 1873 22.
1173 1841 1241 1873 eius
1256 1842 1393 1880 indoles,
1404 1842 1482 1873 ibid.
1504 1842 1551 1873 in-

918 1885 980 1915 fert
1001 1884 1138 1915 Albanis
1157 1885 1280 1916 bellum
1305 1893 1353 1923 23.
1385 1884 1454 1916 eius
1477 1894 1551 1915 cum

920 1927 1026 1958 Metto
1047 1927 1259 1966 colloquium,
1274 1926 1350 1958 ibid.
1374 1927 1462 1958 favet
1482 1926 1552 1957 Ho-

919 1969 1000 1999 ratio
1027 1978 1080 1999 reo
1106 1967 1155 1999 26.
1194 1968 1226 1999 in
1254 1969 1376 2008 proelio
1400 1969 1553 2000 adversus

921 2010 1077 2042 Veientes
1111 2010 1350 2051 Fidenatesque
1378 2010 1551 2042 duodecim

921 2057 1015 2084 vovet
1046 2053 1160 2089 Salios,
1189 2054 1329 2093 fanaque
1359 2053 1482 2085 Pallori
1512 2063 1550 2084 ac

922 2095 1038 2126 Pax-ori
1053 2103 1101 2134 27.
1125 2095 1284 2135 supplicio
1294 2095 1394 2126 afficit
1407 2095 1550 2126 Mettum

920 2139 961 2168 ob
983 2137 1152 2177 perfidiam
1175 2138 1224 2169 28.
1248 2137 1346 2168 diruit
1363 2138 1482 2168 Albam
1501 2146 1550 2178 29.

919 2180 1010 2211 addit
1022 2180 1173 2212 Coelium
1190 2183 1333 2210 montem
1346 2179 1429 2217 urbi,
1441 2179 1551 2218 ibique

919 2222 1037 2253 deinde
1052 2222 1178 2253 habitat
1202 2231 1251 2262 30.
1275 2221 1437 2262 principes
1454 2222 1551 2252 Alba-

919 2274 1032 2295 norum
1047 2264 1076 2295 in
1098 2265 1222 2301 Patres,
1234 2268 1266 2294 et
1278 2264 1425 2304 equitum
1437 2264 1549 2295 decem

919 2311 1042 2337 turmas
1053 2317 1093 2337 ex
1109 2306 1244 2337 Albanis
1255 2306 1344 2345 legit,
1355 2306 1432 2337 ibid.
1456 2305 1552 2336 infert

920 2349 1047 2380 Sabinis
1061 2349 1198 2386 bellum,
1213 2358 1332 2388 eosque
1348 2348 1459 2386 vincit,
1474 2347 1550 2378 ibid.

920 2391 1096 2431 longinquo
1111 2391 1223 2421 morbo
1239 2389 1426 2430 implicatur
1442 2399 1492 2429 3¹·
1516 2389 1552 2419 fit

919 2432 1200 2473 superstitionibus
1209 2431 1379 2469 obnoxius,
1390 2431 1467 2463 ibid.
1491 2431 1551 2462 ful-

919 2475 1008 2506 mine
1037 2475 1120 2506 ictus
1144 2484 1217 2505 cum
1242 2475 1339 2505 domo
1365 2474 1552 2520 conflagrat,

921 2517 997 2548 ibid.
1013 2517 1157 2556 regnavit
1167 2525 1268 2547 annos
1279 2516 1360 2546 duos
1369 2518 1401 2546 et
1411 2515 1551 2554 triginta.

920 2559 996 2590 ibid.

879 2602 947 2633 Att.
963 2601 1092 2638 Tullus,
1115 2601 1262 2640 princeps
1278 2599 1485 2634 Volscorum,
1505 2598 1550 2628 in-

920 2644 1020 2675 festus
1041 2642 1199 2674 Romanis
1218 2651 1247 2677 2,
1263 2650 1314 2680 35.
1337 2641 1458 2680 excipit
1480 2640 1549 2670 hos-

921 2685 1001 2725 pitio
1031 2685 1192 2717 Marcium
1221 2683 1444 2719 Coriolanum,
1474 2682 1550 2712 ibid.

920 2727 962 2758 de
973 2728 1060 2759 bello
1075 2725 1231 2759 Romanis
1244 2725 1409 2757 inferendo
1421 2724 1550 2762 cogitat,

920 2768 996 2800 ibid.
1017 2769 1087 2800 eius
1102 2769 1197 2800 dolus
1211 2776 1260 2806 37.
1280 2766 1401 2803 Volsci,
1416 2776 1435 2795 a
1451 2764 1550 2796 Tullo

920 2811 1086 2846 concitati,
1101 2810 1256 2841 deficiunt
1274 2810 1313 2848 38
1329 2813 1359 2838 et
1380 2817 1396 2846 3
1421 2830 1428 2838 .

878 2852 1056 2884 Tumultus
1081 2852 1229 2884 Gallicus
1252 2859 1280 2890 7,
1299 2860 1328 2890 9.
1356 2849 1399 2880 Sa
1422 2848 1494 2879 inus
1521 2856 1550 2885 2,

923 2893 971 2927 26.
995 2894 1116 2926 servilis
1132 2902 1184 2931 32,
1202 2891 1250 2922 26.

1201 2933 1221 2954 ⁶
1245 2946 1273 2973 x
1297 2936 1320 2973 2
