1888 3194
947 222 1239 262 INDEX.

452 302 524 340 post
533 299 734 331 Cannensem
750 307 891 339 pugnam
901 298 1077 329 defendunt

453 342 634 374 Casilinum
670 343 820 373 adversus
857 341 1077 372 Hannibalem

457 394 508 424 23,
527 392 658 427 17—19.
682 385 768 424 pacti
789 384 938 424 pretium,
953 394 1016 423 quo
1032 394 1076 413 re-

457 429 663 466 drmerentur,
672 438 704 458 se
719 428 850 458 tradunt
870 437 915 468 19.
939 426 977 457 iis
992 437 1079 457 seua-

453 474 509 501 .tus
539 471 635 502 Rom.
667 471 787 510 duplex
822 469 1017 509 stipendium
1047 472 1079 499 et

459 513 669 553 quinquennii
679 513 814 543 militiae
822 513 1020 543 vacationem
1028 512 1080 541 de-

459 556 560 587 cernit
578 566 625 587 20.
652 555 866 586 Praenestinis
881 556 1023 585 infensus
1045 553 1081 584 L.

460 599 645 630 Postumius
661 599 808 636 Albinus,
823 608 885 629 cos.
902 607 954 636 42,
973 606 998 627 1.

420 641 618 672 Praenestini
634 646 759 671 montes
775 650 804 679 3,
820 641 849 670 8.

420 684 645 723 Praerogativa
661 683 804 713 centuria
821 690 850 721 5,
869 683 915 712 18.
932 682 971 712 cf.
989 684 1021 711 et
1037 690 1085 718 10,

463 736 510 757 22.
536 736 586 764 24,
605 734 620 765 7
639 729 670 756 et
686 735 716 766 9.
741 724 791 763 26,
809 734 857 755 22.

420 769 560 806 Prasiae,
577 767 769 799 continentis
783 767 912 797 Atticae
928 767 1017 796 locus
1032 774 1084 804 31,

411 852 583 884 Praesidio
613 853 779 891 decedere,
803 852 891 892 apud
921 852 1087 882 Romanos

461 896 600 935 capitale
618 906 668 933 24,
685 903 734 935 37.

420 938 639 969 Praesultator
653 939 794 978 ingratus
810 936 881 968 Iovi
899 946 928 975 2,
944 935 993 975 36.

420 981 619 1012 Praetextati
639 981 797 1018 consules,
816 983 954 1020 praetor,
968 978 1088 1009 aediles

463 1025 589 1054 curules
614 1032 641 1063 7,
661 1034 686 1055 1.
721 1022 925 1063 praetextati,
941 1022 962 1052 i.
984 1032 1010 1052 e.
1033 1020 1087 1060 qui

462 1067 605 1097 nondum
615 1070 723 1107 togam
735 1066 858 1096 virilem
869 1064 1087 1104 sumpsissent,

462 1109 618 1149 assumpti
634 1110 675 1140 ad
691 1108 840 1139 militiam
858 1118 907 1145 22,
924 1115 973 1147 57.

422 1151 556 1183 Praetor
571 1152 646 1183 olim
668 1152 765 1189 idem,
781 1151 835 1191 qui
856 1150 967 1181 consul
986 1159 1019 1198 3,
1036 1157 1084 1189 55.

463 1195 674 1234 maximus7,
695 1204 723 1234 3.
753 1198 890 1234 praetor,
910 1193 964 1232 qui
984 1193 1033 1223 ius
1053 1192 1086 1222 in

463 1239 541 1269 urbe
568 1238 698 1275 dicei-,et
721 1248 761 1268 ex
787 1236 937 1267 Patribus
965 1238 1088 1265 creatus

463 1279 495 1318 6,
511 1291 560 1320 42.
589 1288 616 1320 7,
640 1290 666 1312 1.
689 1281 813 1320 collega
833 1278 1026 1316 consulibus,
1041 1281 1086 1308 at-

462 1333 525 1363 que
547 1323 659 1354 iisdem
675 1322 825 1362 auspiciis
846 1325 970 1352 creatus
991 1329 1020 1359 3,
1037 1327 1086 1360 55.

466 1373 494 1406 7,
513 1375 539 1397 1.
562 1366 593 1404 8,
610 1375 659 1404 32.
684 1365 828 1405 plebeius
849 1364 970 1404 primus
990 1363 1086 1401 8,15.

463 1411 625 1448 praetores
644 1419 699 1438 sex
721 1407 817 1438 creati
842 1416 893 1446 32,
911 1414 959 1445 27.
982 1415 1088 1436 rursus

463 1454 625 1491 quattuor,
648 1451 703 1482 sed
729 1451 828 1481 semel
855 1459 906 1487 40,
933 1460 983 1487 44.
1020 1458 1088 1478 mos

463 1493 692 1534 pronuntiandi
704 1493 807 1532 primo
820 1491 1021 1523 comitiorum
1037 1490 1088 1521 (116

465 1537 589 1574 Ιον6111,
619 1535 806 1575 Apollinem
840 1540 873 1565 et
909 1534 1087 1564 Herculem

465 1588 516 1618 32,
541 1586 590 1619 25.
627 1582 755 1618 praetor
779 1578 918 1608 urbanus
943 1580 1089 1607 senatum

464 1625 557 1652 vocat
579 1631 629 1659 22,
646 1628 695 1660 55.
718 1631 738 1651 a
760 1623 873 1651 senatu
893 1619 1021 1650 iubetur
1043 1629 1088 1649 se-

464 1668 590 1695 natores
627 1674 667 1694 ex
704 1667 774 1694 tota
812 1662 909 1693 Italia
947 1663 1088 1693 Romam

463 1707 569 1738 edicto
585 1716 698 1737 vocare
715 1715 766 1745 43,
786 1715 832 1745 13.
856 1706 917 1736 fert
929 1705 1032 1744 legem
1048 1705 1089 1734 ad

463 1750 621 1789 populum
634 1756 684 1788 27,
696 1759 712 1779 2
716 1758 744 1787 3.
765 1748 843 1779 facit
856 1749 949 1778 ludos
964 1747 1088 1787 Apolli—

463 1802 555 1823 nares
569 1801 619 1831 23,
633 1801 682 1831 32.
708 1799 759 1830 27,
774 1800 823 1829 23.
847 1794 1019 1830 praetores,
1031 1790 1088 1820 eti—

462 1845 516 1866 am
529 1835 644 1875 quibus
656 1834 830 1865 iurisdictio
843 1836 1003 1871 evenerat,
1012 1833 1088 1863 iussi

464 1888 530 1908 rem
546 1877 718 1908 militarem
733 1876 953 1907 administrare
970 1886 1021 1915 23,
1037 1885 1087 1914 32.

464 1920 617 1960 praetoris
636 1920 777 1950 tribunal
800 1927 850 1959 27,
872 1926 921 1958 50.
949 1918 1088 1959 praetori

464 1964 619 1995 devovere
645 1962 731 2000 licet,
754 1973 817 1992 non
842 1972 886 2000 se,
909 1962 965 1992 sed
991 1972 1087 2001 quem

465 2006 542 2037 velit
553 2005 707 2045 scripturn
718 2004 820 2036 civem
833 2005 863 2043 8,
880 2014 926 2035 10.
950 2004 1088 2044 praetori

464 2049 634 2080 duodecim
655 2047 758 2078 millia
778 2047 858 2078 aeris
878 2048 919 2078 ad
938 2057 1004 2077 rem
1024 2047 1087 2078 div.

464 2095 496 2122 et
520 2093 604 2122 duae
623 2090 746 2121 hostiae
764 2090 900 2121 maiores
922 2091 1016 2120 datae
1038 2098 1088 2128 25,

468 2144 514 2165 12.
538 2137 700 2174 praetores
720 2133 850 2163 comitia
870 2132 1018 2163 indicunt
1038 2142 1089 2169 22,

464 2186 514 2215 33.
542 2176 715 2207 tribunalia
739 2176 781 2206 ad
805 2175 961 2215 piscinam
984 2175 1087 2214 publi-

465 2230 533 2250 cam
553 2222 679 2258 ponunt
695 2228 746 2258 23,
762 2227 812 2256 32.

424 2262 623 2293 Praetorium
647 2269 675 2300 7,
699 2270 747 2291 12.
778 2261 828 2298 28,
853 2268 901 2299 25.
932 2259 1089 2299 praetoria

464 2305 632 2334 consulum
658 2312 744 2344 9,2.
779 2312 826 2340 10,
851 2311 900 2340 33.
931 2302 1089 2340 praetoria

463 2346 524 2376 tria
550 2345 634 2376 circa
657 2346 806 2392 Capuam
831 2347 936 2374 erecta
961 2351 1010 2382 25,
1038 2353 1088 2373 22.

464 2387 622 2428 praetoria
647 2387 738 2417 navis
764 2386 807 2417 D.
824 2385 969 2422 Quinctii
993 2389 1089 2425 capta

464 2441 483 2460 a
499 2429 681 2461 Tarentinis
698 2427 747 2465 26,
764 2437 813 2469 39.

423 2472 650 2504 Praetutianus
665 2481 739 2519 ager
756 2480 805 2508 22,
822 2480 851 2511 9.
877 2477 927 2509 27,
943 2479 993 2509 43.

423 2516 541 2553 Praxo,
556 2514 672 2544 mulier
688 2513 835 2553 princeps
851 2513 1040 2544 auctoritate
1055 2517 1086 2544 et

464 2558 578 2597 opibus
594 2557 797 2596 Delphorum
814 2565 865 2594 42,
886 2562 920 2593 15
937 2560 969 2586 et
988 2563 1034 2595 17.

423 2599 581 2632 Precandi
598 2600 686 2630 Deos
702 2598 804 2638 patrio
820 2608 908 2628 more
924 2598 1002 2629 ritus
1017 2609 1085 2629 mu-

463 2643 522 2673 tati
539 2643 664 2673 Romae
682 2649 731 2681 25,
751 2651 776 2671 1.

423 2685 580 2716 Priaticus
596 2694 728 2724 campus
743 2684 795 2722 38,
811 2693 860 2721 41.

423 2727 538 2758 Priene
555 2727 606 2765 38,
626 2735 672 2765 13.

422 2769 582 2810 Primipili
604 2769 746 2800 centurio
769 2778 797 2806 2,
823 2775 871 2807 27.
906 2776 933 2807 7,
953 2779 1002 2806 41.
1036 2777 1086 2808 25,

467 2822 479 2843 1

421 2823 576 2895 Priffceps
600 2858 728 2885 senatus
753 2853 930 2893 antiquitus
954 2853 979 2884 is
1003 2854 1084 2894 lege-

462 2899 567 2935 batur,
583 2897 636 2937 qui
653 2897 774 2936 primus
787 2906 896 2927 censor
911 2906 949 2926 ex
966 2895 1015 2934 iis,
1030 2897 1083 2936 qui

463 2940 615 2978 viverent,
636 2943 717 2971 esset
739 2946 789 2978 27,
814 2948 860 2971 11.
890 2939 917 2970 is
939 2949 1009 2971 mos
1026 2939 1083 2970 im-

1161 302 1318 337 mutatus,
1353 297 1430 330 ibid.
1476 297 1624 339 princeps
1666 298 1790 338 primus

1164 341 1307 372 centurio
1334 349 1385 380 25,
1414 351 1461 380 14.
1499 342 1658 390 princeps
1674 341 1789 372 tertiae

1163 384 1306 424 legionis,
1329 384 1405 415 ibid.
1440 384 1591 424 principis
1612 383 1707 424 primi
1717 383 1788 432 sig-

1164 437 1242 457 num
1261 426 1310 465 26,
1326 426 1355 459 6.
1379 427 1500 467 primus
1515 427 1663 476 princeps
1677 426 1790 466 prioris

1166 470 1328 500 centuriae
1344 480 1395 508 42,
1412 479 1461 509 34.
1486 470 1657 510 principes,
1671 469 1790 499 milites

1170 519 1198 551 7,
1211 522 1258 551 23.
1280 513 1311 549 8,
1324 513 1352 543 8.
1374 513 1556 553 principum
1569 514 1792 544 Romanorum

1168 554 1267 584 virtus
1285 553 1334 591 26,
1353 565 1400 586 22.

1128 596 1303 636 Principia,
1325 598 1414 628 locus
1431 597 1464 627 in
1488 598 1598 628 castris
1621 605 1649 637 7,
1669 607 1715 628 12.
1741 597 1793 635 28,

1172 646 1221 678 25.

1130 681 1252 718 Pristis,
1263 681 1354 711 navis
1368 691 1467 721 genus
1483 691 1535 722 35,
1552 681 1600 713 26.
1625 693 1676 720 44,
1693 683 1741 713 28.

1128 723 1330 754 Privernates
1347 727 1471 754 vastant
1485 734 1595 764 agrum
1612 725 1750 756 Roman.
1766 733 1794 765 7,

1175 774 1222 806 15.
1245 766 1278 796 in
1294 777 1405 796 eorum
1425 777 1536 806 agrum
1557 767 1733 798 exercitum
1748 767 1794 797 in-

1172 809 1261 839 ducit
1278 809 1314 840 C.
1328 809 1470 840 Marcius
1486 820 1547 840 cos.
1564 819 1681 849 eosque
1697 809 1797 840 vincit

1176 850 1222 882 16.
1247 855 1342 891 capta
1362 862 1471 882 eorum
1492 852 1578 890 urbs,
1597 852 1674 883 ibid.
1698 853 1738 883 de
1757 851 1797 882 iis

1172 894 1354 933 triumphus
1376 898 1477 933 actus,
1494 895 1569 926 ibid.
1596 895 1796 935 depopulan—

1172 940 1225 967 tur
1245 937 1386 968 colonias
1405 938 1581 975 Romanas,
1602 938 1747 968 Norbam
1764 940 1797 968 et

1174 979 1294 1010 Setiam
1316 990 1364 1018 42.
1388 980 1493 1010 nuntii
1515 989 1625 1011 eorum
1646 979 1797 1011 defectio-

1173 1022 1221 1052 nis
1234 1022 1364 1053 veniunt
1376 1023 1514 1053 Romam
1527 1024 1557 1061 8,
1571 1033 1597 1054 1.
1616 1023 1797 1061 vincuntur,

1173 1064 1249 1095 ibid.
1279 1065 1434 1105 oppidum
1459 1075 1569 1096 eorum
1594 1070 1737 1106 captum,
1765 1069 1797 1096 et

1172 1107 1238 1147 agri
1268 1109 1350 1139 duae
1376 1112 1482 1148 partes
1511 1109 1693 1148 ademptae,
1718 1107 1797 1139 ibid.

1171 1151 1293 1181 bellum
1316 1151 1465 1182 adversus
1491 1151 1658 1182 Romanos
1677 1151 1797 1182 instau-

1172 1196 1243 1223 rant
1259 1203 1305 1234 19.
1330 1194 1510 1231 vincuntur,
1522 1194 1598 1225 ibid.
1623 1203 1798 1233 eorumque

1173 1240 1335 1266 senatores
1364 1239 1451 1267 trans
1481 1236 1623 1267 Tiberim
1652 1236 1797 1267 habitare

1172 1277 1247 1308 iussi
1266 1289 1313 1310 20.
1337 1289 1447 1309 eorum
1460 1279 1555 1319 legati
1568 1279 1656 1310 ferox
1668 1289 1797 1319 respon-

1173 1330 1244 1351 sum
1262 1331 1308 1352 21.
1332 1321 1370 1352 iis
1386 1323 1480 1352 datur
1495 1321 1616 1360 civitas,
1630 1322 1707 1353 ibid.

1133 1363 1322 1394 Privernum
1352 1365 1524 1402 obsidetur,
1550 1369 1583 1395 et
1612 1364 1738 1404 capitur
1766 1364 1798 1403 8,

1176 1415 1224 1436 20.
1249 1407 1288 1437 cf.
1305 1410 1337 1436 et
1355 1414 1405 1445 27,
1425 1416 1471 1438 11.

1133 1448 1247 1486 Proca,
1266 1459 1322 1479 rex
1341 1450 1456 1486 Albae,
1478 1452 1624 1489 procreat
1647 1449 1798 1480 Numito-

1173 1501 1239 1521 rem
1257 1494 1288 1521 et
1305 1492 1472 1522 Amulium
1493 1502 1520 1529 1,
1536 1501 1564 1531 3.

1135 1532 1338 1564 Proconsulis
1349 1534 1452 1574 prima
1467 1535 1555 1574 apud
1571 1534 1698 1566 Livium
1711 1544 1798 1565 men-

1175 1577 1220 1606 tio
1248 1586 1278 1615 3,
1309 1588 1337 1615 4.
1376 1578 1565 1617 proconsule
1593 1588 1661 1608 rem
1690 1587 1799 1618 gerere

1174 1618 1312 1658 iubetur,
1333 1623 1502 1659 postquam
1528 1620 1695 1651 consulatu
1718 1619 1799 1651 abis-

1174 1665 1233 1700 set,
1254 1663 1297 1698 Q.
1318 1663 1474 1694 Publilius
1496 1663 1584 1693 Philo
1606 1664 1636 1701 8,
1658 1672 1706 1701 23.
1736 1662 1799 1702 pri-

1175 1714 1247 1735 mus
1269 1704 1317 1736 26.
1348 1705 1524 1745 itidemque
1549 1706 1592 1742 Q.
1610 1706 1739 1744 Fabius,
1762 1705 1799 1737 P.

1176 1747 1298 1778 Decius
1331 1758 1380 1786 10,
1407 1747 1453 1780 16.
1492 1748 1744 1788 proconsulibus,
1773 1747 1799 1779 si

1174 1790 1414 1830 ingrederentur
1442 1792 1565 1829 urbem,
1594 1791 1800 1821 minuebatur

1174 1833 1345 1873 imperium
1369 1832 1419 1872 26,
1434 1844 1463 1875 9.
1491 1834 1681 1874 proconsule
1700 1833 1799 1864 mitti-

1173 1879 1226 1906 tur
1239 1876 1272 1906 in
1290 1876 1482 1916 Hispaniam
1496 1878 1527 1908 [².
1539 1876 1646 1917 Scipio
1657 1875 1800 1916 privatus

1176 1917 1226 1956 26,
1246 1920 1291 1950 18.
1309 1920 1348 1951 cf.
1365 1923 1397 1950 et
1414 1920 1464 1957 28,
1481 1920 1530 1958 38.

1133 1959 1330 1992 Prodictator
1352 1962 1395 1999 Q.
1409 1963 1529 1993 Fabius
1548 1961 1714 1993 Maximus
1734 1971 1798 1992 cre-

1173 2007 1246 2034 atur
1263 2014 1312 2043 22,
1329 2005 1356 2035 8.
1375 2005 1414 2036 cf.
1431 2009 1463 2036 et
1480 2014 1529 2043 31.

1135 2046 1288 2086 Prodigia.
1319 2048 1426 2078 Aedes
1462 2046 1602 2078 Vulcani
1638 2047 1678 2077 de
1708 2047 1798 2077 coelo

1173 2093 1260 2120 tacta
1283 2100 1333 2128 24,
1352 2100 1398 2121 10.
1428 2090 1514 2121 Iovis
1534 2088 1660 2120 Ariciae
1681 2098 1731 2127 24,
1746 2100 1798 2128 44.

1175 2132 1213 2162 cf.
1240 2136 1271 2162 et
1297 2141 1346 2172 27,
1366 2140 1416 2172 37.
1448 2141 1499 2171 32,
1521 2142 1533 2162 1
1561 2135 1592 2179 et
1615 2141 1643 2172 9.
1676 2130 1728 2170 36,
1747 2139 1797 2171 37.

1175 2184 1226 2212 40,
1253 2182 1302 2214 45.
1340 2176 1422 2205 duae
1448 2175 1543 2205 aedes
1571 2184 1605 2203 1n
1635 2174 1798 2213 Capitolio

1177 2224 1226 2255 25,
1250 2224 1276 2256 7.
1301 2217 1463 2247 Fortunae
1482 2220 1513 2247 et
1536 2216 1653 2247 Martis
1675 2223 1725 2255 27,
1748 2226 1797 2256 23.

1176 2259 1309 2289 Iunonis
1325 2259 1470 2299 Reginae
1485 2266 1535 2298 37.
1559 2259 1674 2290 Matris
1689 2260 1798 2290 Matu-

1174 2303 1226 2331 tae
1264 2302 1392 2339 28,11.
1436 2301 1570 2340 Cereris,
1605 2301 1736 2340 Salutis,
1765 2304 1798 2333 et

1176 2343 1315 2382 Quirini,
1339 2344 1415 2375 ibid.
1448 2344 1610 2384 Apollinis
1640 2348 1673 2375 et
1702 2344 1798 2376 Sanci

1175 2394 1281 2423 32,1.
1321 2387 1462 2417 Vulcani
1489 2387 1720 2427 Summanique
1748 2396 1797 2429 29.

1174 2428 1254 2468 Opis
1288 2429 1320 2459 in
1350 2429 1514 2469 Capitolio
1550 2439 1597 2461 22.
1635 2429 1798 2469 Apollinis

1174 2471 1306 2502 Caietae
1333 2482 1384 2510 40,
1410 2482 1437 2503 2.
1470 2472 1606 2503 Veneris
1631 2471 1699 2503 sine
1727 2472 1797 2502 ullo

1173 2514 1303 2554 vestigio
1333 2518 1473 2545 cremata
1501 2524 1554 2553 41,
1584 2524 1612 2546 2.
1650 2514 1796 2545 Deorum

1174 2557 1341 2587 Penatium
1361 2557 1393 2587 in
1411 2557 1506 2588 Velia
1526 2564 1577 2596 45,
1597 2555 1643 2588 16.
1667 2556 1742 2596 Spei
1762 2556 1797 2588 in

1171 2599 1238 2629 foro
1265 2599 1391 2630 olitorio
1419 2609 1469 2637 21,
1495 2598 1545 2630 62.
1584 2600 1695 2639 Agnus
1721 2609 1795 2630 curn

1172 2642 1269 2672 ubere
1298 2641 1430 2672 lactenti
1459 2644 1553 2672 natus
1583 2649 1634 2681 27,
1661 2653 1689 2681 4.
1727 2651 1797 2673 mas

1171 2683 1321 2723 idemque
1336 2684 1455 2714 femina
1470 2688 1565 2714 natus
1582 2685 1632 2722 28,
1651 2693 1697 2715 11.
1722 2694 1796 2715 cum

1171 2726 1265 2756 suillo
1292 2726 1397 2766 capite
1424 2735 1476 2765 31,
1503 2736 1550 2758 12.
1587 2727 1698 2766 biceps
1721 2737 1795 2757 cum

1171 2768 1311 2808 quinque
1341 2769 1477 2808 pedibus
1503 2778 1554 2808 32,
1586 2779 1635 2811 29.
1673 2769 1796 2809 Anguis

1170 2821 1209 2841 ex
1235 2812 1386 2842 columna
1410 2811 1515 2852 lignea
1540 2812 1669 2851 elapsus
1694 2821 1720 2850 1,
1744 2810 1795 2851 56.

1169 2853 1310 2892 iubatus,
1319 2853 1422 2884 aureis
1436 2854 1572 2885 maculis
1587 2864 1724 2894 sparsus,
1738 2864 1794 2894 ap-

1169 2899 1262 2936 paret
1286 2906 1339 2935 41,
1361 2895 1409 2928 26.
1434 2907 1485 2936 43,
1512 2904 1558 2936 15.
1581 2907 1699 2937 angues
1717 2897 1794 2934 duo,

1171 2942 1353 2979 perpetrato
1369 2939 1534 2978 sacrificio,
1549 2949 1589 2971 ex
1611 2939 1737 2970 occulto
1751 2939 1793 2969 ad
