1888 3194
341 175 425 215 364
837 168 1247 213 PRAEFATIO

341 278 758 334 vicorum—*Cap
786 279 848 320 16.
885 279 992 320 Tria
1018 292 1068 320 eo
1097 279 1167 320 die
1198 276 1439 319 laudabilia
1455 275 1628 331 fecisse
1652 289 1736 330 pu-

343 354 462 390 tatur
478 365 493 389 .·
525 363 661 397 unum,
684 347 812 403 quod,
835 347 1121 388 circumducto
1149 345 1357 394 exercitu,
1372 344 1534 399 procul
1559 342 1736 384 navibus

343 417 435 458 suis
466 415 723 470 castrisque,
751 414 824 455 ubi
853 428 971 469 spem
1000 413 1083 454 nisi
1114 413 1157 454 in
1187 413 1345 454 virtute
1374 412 1592 461 haberent,
1624 410 1738 451 inter

344 484 504 525 medios
525 484 666 524 hostes
685 482 901 538 proelium
923 481 1160 522 commisit:
1190 481 1384 527 alterum,
1408 480 1524 535 quod
1540 478 1738 519 cohortes

345 552 400 592 ab
435 557 558 606 tergo
594 549 785 591 hostibus
820 548 1008 589 obiecit:
1053 547 1236 597 tertium,
1269 547 1383 602 quod
1415 547 1645 588 secundam
1679 545 1738 586 le-

340 619 528 674 gionem,
547 617 700 658 ceteris
721 616 911 657 omnibus
932 615 1083 670 effusis
1103 615 1164 655 acl
1180 615 1414 668 sequendos
1433 615 1590 664 hostes,
1610 613 1737 668 pleno

340 687 485 742 gradu
524 686 601 725 sub
636 683 774 738 signis
810 682 1089 736 compositam
1128 681 1461 735 instructamque
1500 681 1646 721 subire
1680 679 1742 720 ad

336 760 514 808 portam
535 757 771 792 castrorum
795 750 934 790 iussit.
952 773 1010 778 ——
1027 748 1138 789 Ibid.
1162 749 1343 803 vinoque
1364 754 1404 788 et
1430 748 1525 789 cibo
1551 753 1736 788 curatos.

345 845 401 849 ——
415 821 520 874 Cap.
544 820 611 859 21.
635 819 678 858 in
700 817 1011 872 IIispania.—
1025 816 1130 870 Cap.
1154 816 1221 857 27.
1247 816 1442 856 Dromon
1462 815 1549 870 ipsi
1571 819 1739 856 vocant.

345 912 401 918 -—
416 886 550 941 *Cap.
571 887 639 927 34.
663 886 782 927 Illud
808 886 929 926 modo
956 899 1007 925 ne
1019 884 1174 939 sallat.
1189 883 1365 937 ——Cap.
1390 882 1460 924 46.
1484 881 1626 937 bigati
1646 895 1741 923 cen-

346 963 432 997 tum
460 955 617 1010 viginti
648 954 736 995 tria
767 953 900 1001 milia,
929 952 1130 993 Oscensis
1163 952 1397 1007 quingenta
1431 950 1738 1006 quadraginta.
1814 953 1817 957 ’

346 1048 403 1053 --
418 1023 531 1064 Ibid.
554 1036 609 1063 eoe
633 1022 822 1077 praeda.
838 1019 1014 1074 ——Cap.
1036 1019 1105 1060 48.
1133 1020 1377 1061 haerentem
1403 1018 1640 1060 visceribus
1668 1031 1743 1058 no-

348 1091 583 1133 bilissimae
614 1090 818 1131 civitatis.
835 1088 1013 1143 ——Cap.
1037 1089 1104 1129 58.
1133 1102 1245 1143 quae
1271 1087 1403 1128 Graii
1432 1086 1612 1128 nominis
1641 1085 1740 1127 sint.

349 1159 400 1201 In
430 1159 524 1201 cod.
558 1158 710 1200 Bamb.
744 1157 984 1210 ceterisque
1017 1155 1219 1197 Graecas
1240 1154 1379 1196 Asiae
1412 1154 1537 1195 urbes
1568 1153 1740 1207 legitur.

347 1252 402 1257 —-
418 1226 516 1268 Lib.
540 1225 739 1267 XXXV.
765 1225 869 1278 Cap.
893 1226 931 1265 2.
964 1229 1039 1264 aut
1066 1221 1526 1278 praetores—*Ibid.
1554 1220 1687 1262 scribi
1714 1235 1743 1261 a

340 1301 563 1350 praetore.
626 1293 756 1335 Dffens
798 1307 851 1333 ea
891 1296 1065 1332 senatus
1091 1290 1206 1344 fuit,
1247 1295 1293 1330 ut
1332 1290 1376 1330 in
1408 1289 1638 1344 Hispania
1678 1293 1744 1328 tu-

348 1362 568 1403 multuarii
588 1361 755 1402 milites.
771 1359 946 1413 —Cap.
975 1359 1038 1398 11.
1063 1358 1317 1413 propinqua
1343 1357 1440 1398 viae
1469 1362 1582 1397 tecta
1604 1356 1745 1396 incen-

350 1431 467 1471 dunt.
530 1428 739 1469 Proximo
771 1427 924 1468 deinde
954 1426 1048 1466 vico
1077 1425 1268 1480 inferunt
1296 1425 1451 1479 ignem,
1463 1423 1597 1478 ferro
1613 1423 1745 1478 flam-

348 1513 501 1553 maque
521 1498 673 1539 onmia.
693 1520 750 1525 —
767 1495 872 1549 Cap.
893 1494 956 1535 14.
982 1508 1090 1549 quas
1111 1494 1249 1534 visere
1269 1499 1313 1533 et
1333 1498 1456 1534 esset.
1473 1516 1530 1521 —-
1546 1491 1651 1546 Cap.
1674 1491 1742 1532 20.

350 1566 472 1608 Huic
503 1565 665 1606 consuli
694 1563 963 1618 permissum,
1001 1567 1046 1602 ut
1082 1562 1192 1602 duas
1224 1561 1417 1616 legiones
1449 1560 1746 1602 scriberet.—

351 1634 456 1688 Cap.
481 1633 547 1673 26.
571 1633 764 1687 ignarus.
810 1629 954 1670 Navis
974 1634 1079 1670 erat.
1098 1652 1155 1657 ——
1172 1629 1277 1683 Cap.
1297 1629 1364 1670 27.
1389 1643 1512 1683 quum
1523 1641 1745 1683 prospera

350 1716 397 1742 re
421 1701 570 1742 elatus.
633 1699 733 1740 Hoc
754 1696 897 1739 Aldus
921 1697 1015 1738 cod.
1040 1696 1164 1750 Mog.
1187 1696 1361 1737 lectioni
1388 1711 1513 1751 quum
1530 1709 1747 1751 prospere

351 1769 465 1810 latus
486 1775 601 1809 recte
624 1766 858 1808 substituit.
873 1789 930 1794 ——
945 1764 1050 1819 Cap.
1075 1764 1142 1805 30.
1171 1769 1214 1804 et
1233 1763 1456 1819 diripiunt.
1475 1762 1653 1817 ——-'Cap.
1675 1762 1743 1804 42.

351 1837 514 1892 Regem
536 1835 738 1890 conspici.
752 1858 810 1862 ———
823 1833 927 1888 Cap.
952 1833 1018 1874 50.
1042 1847 1119 1873 nec
1140 1833 1354 1873 dubitatio
1375 1838 1419 1872 et
1440 1831 1605 1872 eosdem
1622 1830 1747 1886 genti

353 1904 637 1945 Achaeorum.
700 1902 752 1943 In
792 1901 887 1943 cod.
926 1901 1077 1942 Bamb.
1121 1901 1288 1941 eosdem
1329 1899 1554 1954 reperitur.
1573 1922 1629 1928 -—-
1647 1898 1744 1939 Lib.

353 1970 576 2013 XXXVI.
601 1971 706 2024 Cap.
728 1971 761 2010 l.
790 1968 1026 2022 Cn.fllium.
1041 1966 1243 2021 -—*Cap.
1268 1967 1329 2007 10.
1355 1981 1482 2021 quam
1491 1980 1576 2020 pro
1593 1965 1745 2019 copiis,

353 2045 394 2079 et
425 2037 775 2093 plures.-——Cap.
813 2037 875 2076 13.
912 2041 954 2076 et
990 2035 1202 2089 equitibus
1237 2031 1743 2089 quaclraginta.—Cap.

359 2107 421 2146 17.
459 2105 708 2145 munitiones
748 2109 789 2144 et
830 2102 936 2142 locis
976 2101 1368 2156 opportunioribus,
1403 2115 1483 2155 pro
1523 2115 1608 2156 quo
1649 2100 1744 2142 cod.

355 2174 507 2215 Bamb.
542 2172 760 2226 ceterique
796 2170 1094 2211 munitioribus
1134 2167 1558 2223 offerunt.—*Cap.
1600 2168 1663 2208 19.
1703 2168 1748 2209 in

356 2243 449 2297 ipso
482 2240 714 2281 certamine
737 2252 933 2294 pugnae,
962 2237 1017 2277 ab
1044 2236 1214 2277 incursu
1236 2235 1483 2277 Aetolorum
1510 2251 1557 2277 se
1584 2242 1748 2278 tuentes

354 2324 436 2350 non
460 2308 564 2363 plus
595 2303 1117 2362 quinquaginta.--Cap.
1151 2306 1217 2345 22.
1252 2319 1394 2345 arcem
1427 2309 1555 2345 eoetra
1589 2318 1746 2354 muros,

356 2390 478 2432 quae.
494 2374 670 2428 —Cap.
694 2374 760 2414 24.
782 2372 949 2428 partim
966 2385 1051 2426 per
1079 2377 1237 2421 erutos,
1261 2372 1329 2412 cui
1351 2370 1560 2412 Gelenius
1580 2371 1746 2425 partim

347 2458 431 2499 per
451 2442 653 2483 semiruta
674 2440 908 2481 substituit.
927 2463 984 2468 -—
1000 2439 1136 2480 *Ibid.
1160 2454 1216 2480 ex
1230 2445 1464 2494 potestate.
1481 2462 1538 2467 -—
1555 2437 1659 2492 Cap.
1675 2438 1745 2479 27.

355 2526 408 2552 ac
434 2507 879 2564 rupissent—*Cap
902 2507 968 2547 38.
999 2522 1129 2562 equos
1159 2508 1275 2548 mille
1302 2508 1502 2547 ducentos
1532 2505 1715 2560 triginta
1730 2522 1747 2553 ‚-

356 2583 562 2633 carpenta
592 2577 776 2616 ducenta
807 2575 1104 2630 quadraginta
1134 2580 1305 2628 septem.
1321 2572 1499 2627 —Cap.
1521 2572 1589 2612 42.
1612 2577 1748 2612 matu-

355 2646 535 2686 randum
563 2650 685 2685 ratus
713 2643 903 2685 omnium.
919 2667 975 2672 —-
992 2642 1090 2683 Lib.
1115 2639 1363 2682 XXXVII.
1387 2639 1496 2694 Cap.
1518 2639 1558 2680 4.
1593 2639 1748 2694 viginti

356 2714 562 2756 triremes.
579 2710 783 2765 ——*Cap.
811 2712 874 2752 16.
903 2710 1265 2758 Halicarnassus,
1294 2708 1469 2757 Cnidus,
1498 2707 1624 2756 Cous,
1659 2708 1747 2748 sive

356 2781 501 2836 potius
533 2780 660 2829 Cous,
688 2779 860 2820 Cnidus.
878 2801 935 2806 -—
952 2777 1063 2818 Ibid.
1095 2776 1250 2831 magis,
1275 2790 1401 2830 quam
1430 2774 1744 2816 conserebatur.

359 2849 465 2905 Cap.
488 2849 553 2890 18.
577 2849 632 2890 ab
655 2847 794 2889 Samo.
812 2871 869 2876 -
884 2844 1015 2900 *Cap.
1038 2845 1100 2886 19.
1123 2844 1344 2886 consilium
1364 2843 1526 2884 habuit.
1573 2842 1743 2884 Rhodii.
