1888 3194
971 187 1260 226 INDEX.

431 265 618 296 Leonnatus
639 264 805 305 Eulyesta,
826 262 1006 304 praefectus
1027 273 1098 304 age-

471 307 567 338 matis
581 306 785 338 Macedonici
801 316 853 345 42,
870 314 906 346 51
925 309 957 337 et
973 313 1023 347 59.

430 350 617 388 Leonon'us,
632 350 801 381 Gallorum
817 350 943 389 regulus
959 349 1009 388 38,
1029 348 1074 380 16.

431 393 594 430 Leontini,
608 393 640 423 in
657 403 766 423 eorum
782 393 859 423 urbe
876 392 1097 432 Hieronymus

472 436 629 467 occiditur
654 446 704 474 24,
730 442 757 474 7.
789 445 827 466 eo
853 434 1098 475 proficiscuntur

472 479 692 518 Hippocrates
717 482 748 509 et
772 478 935 517 Epicydes
958 487 1007 518 29.
1036 477 1097 507 Le-

473 522 655 552 ontinorum
669 522 744 552 urbs
763 531 783 551 a
798 521 846 552 M.
860 520 1017 550 Marcello
1034 530 1097 550 cos.

473 568 567 604 capta
585 574 633 604 3ο.

431 606 578 638 Leonum
594 610 625 637 et
641 606 868 646 pantherarum
883 604 1011 636 venatio
1030 604 1096 635 Ro-

473 660 546 680 mae
563 658 613 689 39,
631 659 679 680 22.

432 692 545 731 Leptis
561 701 612 730 3ο,
629 699 677 729 25.
702 699 753 729 34,
768 689 820 721 62.

432 735 542 771 Letus,
556 743 648 763 mons
663 743 714 770 41,
731 742 780 763 22.

432 775 606 813 Leucadia,
627 775 703 805 olim
724 774 903 814 peninsula,
919 776 1031 813 postea
1050 772 1096 804 in-

473 819 554 856 sula,
569 818 670 848 divisa
689 818 729 847 ab
750 816 931 847 Acarnania
948 816 1029 846 freto
1045 827 1097 847 va-

473 861 562 899 doso,
577 861 662 900 quod
677 860 853 900 perfossum
868 869 968 890 manu
983 864 1031 890 est
1047 867 1098 899 33,

432 946 571 984 Leucae,
586 946 676 976 locus
691 945 724 975 in
741 944 901 976 Laconica
916 951 968 983 35,
984 951 1033 983 27.

432 988 567 1026 Leucas,
583 992 680 1028 caput
695 987 894 1018 Acarnaniae
910 997 961 1026 32,
978 995 1024 1026 15.
1048 995 1099 1026 33,

477 1039 523 1071 17.
563 1030 613 1070 36,
646 1040 692 1062 11.
731 1030 915 1061 Leucadem
941 1029 1099 1060 indictum

474 1074 646 1105 concilium
661 1074 867 1104 Acarnanum
886 1081 937 1111 33,
957 1072 1004 1104 16.
1027 1083 1099 1103 eam

473 1120 638 1157 oppugnat
663 1115 841 1146 Flaminius
868 1123 914 1154 17.
942 1115 1099 1146 Leucadis

473 1160 562 1198 situs,
576 1159 652 1190 ibid.
676 1159 802 1198 capitur
816 1157 1006 1198 proditione,
1021 1157 1096 1189 ibid.

474 1203 599 1233 Leucas
625 1201 776 1232 eximitur
799 1200 934 1231 concilio
957 1201 1096 1231 Acarna-

474 1255 552 1276 num
568 1252 620 1283 45,
637 1253 686 1282 31.

431 1289 583 1325 Leucate,
610 1285 862 1326 promontorium
890 1284 941 1324 26,
966 1283 1014 1317 26.
1046 1284 1097 1325 36,

479 1339 525 1369 15.
548 1341 600 1368 44,
619 1339 644 1361 1.

432 1373 617 1412 Leucaspis‚
633 1371 775 1411 phalanx
791 1382 842 1410 44,
858 1380 908 1410 41.

432 1417 535 1447 Leves
549 1415 668 1445 milites
683 1415 713 1451 8,
729 1415 757 1445 8.

432 1458 555 1495 Leusis,
584 1458 648 1488 sive
685 1457 791 1495 potius
828 1454 966 1493 Eleusis,
995 1456 1096 1493 locus,

472 1504 624 1541 quattuor
632 1499 736 1529 millia
747 1500 787 1530 ab
800 1497 997 1529 Alexandria
1007 1499 1096 1528 abest

473 1552 525 1583 45,
545 1552 590 1573 1²·

431 1587 553 1618 Leusus
569 1584 729 1616 Cretensis
745 1584 797 1623 38,
815 1593 862 1623 13.

431 1631 502 1661 Lex
528 1627 677 1665 Aemilia,
700 1628 740 1657 de
765 1626 940 1657 minuenda
964 1635 1097 1656 censura

471 1683 503 1709 4,
520 1681 569 1709 24.
586 1670 624 1701 cf.
641 1680 672 1711 9,
684 1679 720 1709 33
734 1673 766 1700 et
778 1679 825 1709 34.
850 1670 889 1700 (19
904 1679 977 1699 aere
991 1668 1096 1699 alieno

472 1714 503 1751 6,
520 1721 569 1752 35.
593 1714 726 1752 agraria,
743 1712 805 1743 vid.
819 1712 952 1751 Agraria
966 1715 997 1742 et
1013 1711 1096 1741 adde

471 1756 503 1794 6,
523 1764 573 1795 35.
600 1763 628 1795 7,
648 1754 693 1787 16.
718 1756 757 1786 de
778 1755 900 1785 ambitu
924 1761 1020 1794 7,15.
1045 1763 1096 1791 40,

475 1809 522 1840 19.
546 1798 677 1829 annaria
698 1808 750 1837 40,
766 1809 815 1835 44.
840 1797 957 1828 Aufeia
977 1807 1028 1835 44,
1046 1804 1095 1834 55.

472 1841 595 1872 Baebia
619 1851 670 1878 40,
693 1852 743 1879 44.
778 1839 938 1877 Canuleii,
961 1840 1001 1870 de
1023 1849 1096 1869 0011-

471 1884 569 1915 nubio
595 1884 727 1914 Patrum
750 1887 781 1913 et
802 1882 905 1922 plebis
926 1893 956 1920 4,
982 1891 1096 1912 Lear-

471 1927 566 1957 minis
590 1926 739 1957 horrendi
769 1935 796 1963 1,
824 1924 871 1956 26.
906 1925 1030 1961 Cincia,
1056 1925 1096 1954 de

472 1969 563 2000 donis
587 1973 619 1999 et
644 1968 829 1999 muneribus
853 1978 903 2007 34,
926 1979 956 2006 4.
986 1978 1004 1998 9
1026 1967 1096 2006 lege

472 2012 602 2042 comitia
630 2021 680 2052 39,
704 2020 753 2052 39.
785 2011 965 2041 consulares
994 2017 1022 2049 7,
1045 2008 1095 2048 56.

471 2055 511 2085 (19
528 2055 657 2085 consule
675 2055 758 2084 intra
778 2054 890 2084 decem
910 2063 1011 2083 annos
1031 2062 1095 2082 non

470 2098 643 2128 reficiendo
663 2105 772 2135 10,13.
797 2096 836 2126 (19
852 2095 1010 2126 connubio
1022 2104 1095 2134 gen-

471 2140 552 2170 tium
579 2152 610 2179 4,
637 2138 666 2170 6.
698 2139 820 2169 curiata
846 2146 876 2177 5,
903 2137 952 2176 46.
987 2147 1017 2178 9,
1045 2137 1094 2176 38.

470 2183 582 2213 (1909111
604 2182 787 2212 tabularum
808 2179 1094 2220 3,34.(1909111ν1-

471 2226 564 2262 rales,
585 2225 699 2263 quibus
718 2224 837 2254 tabulis
857 2222 1026 2253 duodecim
1047 2224 1094 2251 est

471 2277 600 2303 nomen,
615 2267 648 2296 in
660 2277 713 2296 aes
728 2265 857 2303 incisae,
869 2268 901 2295 et
916 2264 949 2294 111
965 2263 1094 2303 publico

471 2309 653 2348 propositae
675 2317 705 2347 3,
722 2315 770 2346 57.
795 2308 834 2337 de
856 2307 1010 2337 dictatore
1031 2315 1094 2335 cre-

471 2352 556 2381 ando
573 2361 602 2387 2,
618 2351 664 2381 18.
688 2350 857 2380 duodecim
872 2346 1095 2385 tabularum6,

476 2403 502 2431 1,
521 2401 549 2432 7,
569 2401 614 2432 17.
638 2403 669 2433 9,
680 2401 730 2430 34.
753 2391 963 2429 Ρ10111,111111
974 2391 1095 2421 Τ115011-

472 2436 562 2466 lanos
580 2435 728 2465 animadx
732 2437 851 2464 ertatur
870 2434 900 2471 8,
919 2441 969 2472 37.
997 2433 1095 2463 Grac-

473 2478 525 2508 chi
555 2477 719 2508 iudiciaria
744 2487 795 2514 44,
819 2475 869 2507 66.
902 2476 1039 2506 Horatia
1065 2485 1094 2515 3,

473 2528 523 2559 55.
548 2520 641 2551 Icilia
651 2520 690 2550 de
704 2518 864 2549 Aventino
876 2528 905 2557 3,
916 2528 964 2557 32.
988 2518 1097 2558 iugera

472 2563 538 2603 agri
559 2562 732 2602 quingenta
748 2572 789 2592 ne
811 2561 881 2600 quis
904 2562 976 2600 plus
998 2561 1094 2600 possi-

473 2607 562 2636 delet
586 2604 678 2645 7,16.
702 2603 836 2641 Licinia,
851 2605 891 2634 de
911 2604 1040 2634 consule
1056 2613 1096 2634 ex

473 2649 568 2696 plebe
589 2647 760 2685 creandos
748 2654 763 2664 ’-
767 2656 843 2684 ,21,
859 2656 896 2676 22
921 2651 953 2677 et
970 2654 1018 2686 25.
1043 2646 1095 2677 Li-

473 2691 557 2721 cinia
587 2690 709 2728 Sextia,
738 2690 777 2720 (19
807 2699 880 2719 aere
909 2690 1025 2728 alieno,
1055 2689 1095 2719 de

472 2734 568 2764 modo
593 2742 751 2772 agrorum,
773 2733 813 2762 de
837 2733 1004 2762 consulatu
1030 2732 1096 2771 ple-

472 2775 543 2807 beio
567 2774 597 2813 6,
619 2782 668 2813 35.
691 2774 893 2814 magistratus
914 2774 1032 2814 plebeii
1055 2784 1097 2804 ne

474 2821 604 2859 pateant
628 2817 762 2857 patricio
789 2828 819 2855 4,
843 2825 892 2856 25.
919 2818 958 2847 (19
980 2817 1096 2847 multa-

473 2871 544 2892 rum
560 2859 779 2891 aestimatione
801 2870 832 2897 4,
848 2869 897 2898 3ο.
922 2860 1041 2899 Oppia,
1057 2860 1097 2890 de

474 2904 563 2935 cultu
577 2906 793 2934 matronarum
810 2911 861 2941 34,
882 2912 905 2933 1.
929 2903 1097 2942 abrogatur

1184 265 1214 296 8.
1245 262 1386 304 Papiria,
1412 274 1475 304 qua
1499 262 1669 295 Acerranis
1696 263 1807 296 civitas
1849 298 1854 301 .

1183 307 1251 338 sine
1271 306 1417 347 suffragio
1438 307 1532 337 datur
1553 306 1584 343 8,
1606 312 1654 345 17.
1676 307 1717 338 de
1736 317 1806 347 per-

1183 349 1346 380 duellione
1365 359 1392 388 1,
1409 348 1458 381 26.
1483 349 1615 380 Petillia
1630 355 1682 388 37,
1698 356 1747 388 54.
1770 353 1808 380 ut

1182 392 1352 432 plebiscita
1372 402 1482 423 omnes
1498 391 1643 428 Quirites
1661 395 1808 423 tenerent

1183 444 1213 474 3,
1236 443 1284 474 55.
1309 435 1340 473 8,
1364 444 1410 466 12.
1433 435 1579 474 plebeiae
1600 443 1630 474 3,
1653 444 1702 475 32.
1727 434 1807 465 Poe-

1182 478 1270 515 telia,
1294 478 1334 508 de
1358 477 1509 508 nundinis
1532 481 1564 508 et
1588 477 1809 508 conciliabulis

1185 520 1338 550 obeundis
1363 527 1391 559 7,
1416 528 1463 559 15.
1491 520 1617 558 Porcia,
1639 530 1697 560 pro
1719 524 1808 560 tergo

1184 563 1302 593 civium
1322 572 1370 600 10,
1385 572 1414 603 9.
1438 563 1477 593 de
1493 563 1719 602 provocatione
1736 572 1765 601 2,
1778 563 1807 594 8.

1183 614 1214 643 3,
1236 612 1285 644 55.
1314 612 1361 642 10,
1377 615 1406 646 9.
1430 615 1555 644 semper
1574 615 1593 635 a
1613 605 1737 636 familia.
1757 615 1807 635 ea-

1183 648 1256 677 dem
1287 647 1367 685 lata,
1390 647 1466 678 ibid.
1497 650 1630 686 sacrata,
1655 648 1690 678 in
1718 657 1808 678 sacro

1181 693 1292 720 monte
1321 690 1389 720 lata
1420 699 1449 727 2,
1473 697 1524 728 33.
1553 688 1637 720 aliae
1665 694 1808 720 sacratae

1181 732 1267 772 leges
1283 741 1314 770 3,
1330 740 1380 771 32
1403 742 1434 770 4,
1451 730 1499 762 26-
1525 739 1554 772 7,
1567 741 1616 771 41·
1640 741 1671 773 9,
1683 741 1733 773 39
1757 731 1809 771 36,

1183 775 1232 813 38.
1258 783 1310 815 39,
1335 782 1363 813 5.
1394 777 1520 805 senator
1544 784 1586 805 ne
1609 774 1692 813 quis,
1714 775 1810 814 quive

1182 816 1336 848 senatoris
1361 820 1452 857 pater
1473 816 1593 855 fuisset,
1614 816 1809 848 maritimam

1183 870 1245 891 nav
1248 870 1311 898 em,
1330 869 1413 899 quae
1433 860 1518 899 plus,
1536 869 1633 899 quam
1652 863 1809 890 trecenta-

1183 913 1254 933 rum
1269 902 1498 941 amphorarum
1513 905 1606 940 esset,
1616 902 1748 933 haberet
1758 911 1809 940 21,

1185 944 1236 984 63.
1273 946 1368 976 surda
1397 948 1430 976 et
1463 944 1668 976 inexorabilis
1698 955 1727 983 2,
1758 952 1808 985 55.

1185 988 1365 1020 Terentilia
1386 997 1416 1026 3,
1431 998 1451 1029 9
1472 991 1504 1018 et
1526 997 1573 1019 10.
1596 987 1758 1018 Trebonia
1777 996 1809 1026 3,

1185 1029 1236 1070 65.
1275 1039 1305 1070 5,
1332 1041 1379 1062 10.
1415 1031 1561 1061 tribunus
1589 1029 1730 1060 militum
1752 1030 1809 1061 ubi

1184 1074 1256 1113 quis
1269 1074 1392 1112 fuisset,
1401 1084 1442 1104 ne
1454 1076 1565 1113 postea
1574 1072 1720 1103 ordinum
1733 1073 1808 1103 duc-

1183 1120 1234 1147 tor
1254 1120 1335 1147 esset
1359 1124 1387 1156 7,
1404 1126 1453 1154 41.
1476 1115 1622 1153 tribunis,
1641 1115 1809 1154 aedilibus,

1182 1159 1351 1197 iudicibus,
1367 1158 1555 1189 decemviris
1570 1158 1624 1198 qui
1639 1157 1809 1197 nocuisset,

1183 1201 1251 1232 eius
1267 1205 1364 1242 caput
1381 1201 1452 1232 Iovi
1467 1211 1592 1232 sacrum
1613 1204 1694 1232 esset
1710 1209 1740 1240 3,
1757 1208 1807 1240 55.

1181 1244 1316 1275 tribunis
1328 1255 1368 1275 ne
1381 1245 1537 1285 collegam
1546 1244 1701 1283 adoptare
1712 1243 1808 1274 liceat

1182 1298 1213 1326 4,
1233 1286 1279 1318 16.
1303 1287 1503 1318 tribunorum
1517 1286 1660 1317 militum
1679 1285 1808 1317 comitia

1182 1340 1223 1360 ne
1239 1330 1363 1367 fierent,
1379 1330 1610 1369 consulumque
1628 1328 1740 1368 utique
1761 1329 1807 1359 al-

1182 1376 1231 1402 ter
1246 1383 1285 1403 ex
1301 1373 1396 1412 plebe
1415 1374 1573 1402 crearetur
1588 1370 1619 1408 6,
1635 1378 1685 1410 35.
1710 1371 1808 1402 Vale-

1182 1414 1228 1445 ria
1254 1416 1293 1445 de
1320 1414 1546 1454 provocatione
1569 1414 1719 1444 adversus
1740 1423 1808 1444 ma-

1181 1457 1330 1496 gistratus
1344 1457 1385 1487 ad
1406 1456 1576 1497 populum,
1590 1456 1808 1496 sacrandoque

1183 1510 1256 1530 cum
1286 1499 1377 1530 bonis
1408 1499 1513 1539 capite
1537 1499 1615 1536 eius,
1639 1498 1694 1538 qui
1719 1498 1808 1539 regni

1183 1542 1362 1582 occupandi
1381 1541 1513 1572 consilia
1532 1541 1642 1572 inisset
1664 1551 1694 1580 2,
1709 1541 1738 1573 8.
1767 1542 1807 1572 de

1183 1585 1335 1616 vicesima
1353 1584 1622 1615 manumissorum
1644 1591 1672 1624 7,
1691 1583 1743 1616 16.
1767 1585 1808 1615 de

1183 1627 1324 1658 unciario
1340 1628 1479 1665 foenore,
1494 1627 1572 1658 ibid.
1595 1630 1730 1664 vetusta,
1745 1626 1807 1666 pri-

1182 1670 1243 1701 scis
1259 1670 1358 1701 literis
1376 1670 1541 1710 verbisque
1557 1669 1686 1709 scripta,
1700 1672 1737 1700 ut
1752 1669 1808 1709 qui

1182 1718 1309 1753 praetor
1333 1713 1493 1743 maximus
1516 1712 1567 1751 sit,
1591 1711 1704 1743 Idibus
1729 1712 1808 1752 Sep-

1182 1757 1294 1787 tembr.
1312 1756 1439 1786 clavum
1461 1758 1580 1795 pangat
1603 1762 1632 1795 7,
1648 1763 1677 1794 3.
1700 1754 1807 1785 Voco-

1182 1799 1246 1836 nia,
1263 1799 1302 1829 de
1318 1798 1548 1829 hereditatibus
1566 1797 1739 1828 mulierum
1755 1806 1807 1836 41,

1183 1850 1233 1880 34.
1258 1840 1439 1877 Voleronis,
1454 1844 1491 1871 ut
1506 1840 1625 1880 plebeii
1643 1840 1807 1880 magistra-

1182 1888 1233 1914 tus
1247 1883 1374 1914 tributis
1395 1883 1532 1914 comitiis
1551 1883 1631 1913 fiant
1647 1892 1677 1921 2,
1693 1881 1742 1922 56.
1765 1892 1807 1913 ne

1182 1926 1233 1957 cui
1254 1927 1364 1957 album
1386 1926 1420 1956 in
1442 1925 1668 1957 vestimentum
1689 1925 1807 1956 addere

1181 1969 1345 2009 petitionis
1371 1979 1467 2000 causa
1491 1968 1589 1999 liceat
1618 1978 1649 2006 4,
1679 1974 1729 2006 25.
1764 1977 1806 1998 119

1181 2012 1252 2060 quis
1274 2012 1432 2060 populum
1454 2013 1615 2042 sexocaret
1639 2017 1703 2049 7,1
1691 2007 1738 2041 16.
1763 2019 1806 2040 ne

1181 2055 1262 2093 quis,
1283 2055 1343 2085 nisi
1363 2064 1482 2084 noxam
1503 2052 1681 2090 meruisset,
1703 2052 1806 2082 donec

1181 2107 1319 2144 poenam
1338 2097 1451 2134 lueret,
1466 2096 1499 2126 in
1521 2075 1730 2135 compedibus
1748 2097 1806 2125 aut

1180 2139 1213 2169 in
1235 2149 1332 2169 nervo
1354 2142 1501 2169 teneatur
1523 2138 1553 2175 8,
1577 2137 1626 2169 28.
1651 2137 1738 2177 leges
1759 2147 1804 2167 re·-

1179 2181 1249 2220 giae
1276 2180 1306 2218 6,
1337 2190 1362 2212 1.
1392 2181 1557 2211 foenebres
1581 2187 1632 2219 35,
1662 2186 1689 2218 7.
1719 2180 1806 2219 leges

1180 2223 1420 2253 multitudinem
1440 2223 1474 2253 in
1494 2222 1590 2253 unius
1608 2221 1723 2262 populi
1739 2232 1805 2252 cor-

1180 2275 1241 2304 pus
1257 2266 1434 2296 coalescere
1454 2265 1576 2296 faciunt
1601 2274 1628 2303 1,
1643 2264 1674 2295 8.
1697 2264 1806 2305 legum

1180 2317 1218 2337 ac
1239 2318 1413 2347 poenarum
1428 2311 1518 2338 metu
1534 2308 1675 2346 911011150,
1689 2307 1753 2338 fide
1768 2317 1806 2338 ac

1180 2349 1382 2381 iureiurando
1392 2350 1508 2381 vivitur
1522 2350 1649 2382 Romae
1661 2350 1718 2381 sub
1734 2349 1805 2380 Nu-

1180 2403 1234 2423 ma
1267 2403 1294 2431 1,
1321 2403 1370 2424 21.
1402 2394 1509 2433 legum
1533 2392 1663 2433 publice
1685 2391 1804 2423 exami-

1180 2436 1358 2466 nandarum
1380 2446 1450 2466 mos
1465 2445 1497 2475 3,
1513 2444 1563 2474 34.
1586 2435 1693 2475 legum
1708 2444 1805 2465 causa

1181 2478 1278 2517 legati
1294 2479 1438 2509 Athenas
1452 2478 1540 2508 missi
1555 2487 1586 2517 3,
1602 2486 1652 2516 31.

1140 2520 1237 2552 Liber
1251 2525 1341 2551 vetus
1351 2521 1467 2551 linteus
1482 2520 1674 2552 Samnitium
1688 2529 1737 2557 10,
1753 2519 1803 2559 38.

1181 2563 1253 2593 libri
1267 2564 1382 2594 fatales
1402 2570 1432 2602 5,
1451 2573 1498 2602 14.
1522 2572 1572 2600 22,
1587 2572 1607 2602 9
1628 2565 1660 2593 et
1678 2569 1729 2602 57.
1751 2571 1804 2601 42,

1181 2615 1210 2636 2.
1234 2605 1336 2643 lintei,
1350 2605 1479 2645 repositi
1495 2605 1528 2635 in
1548 2605 1628 2635 aede
1648 2604 1804 2635 Monetae

1181 2659 1212 2686 4,
1244 2655 1261 2687 7
1296 2651 1327 2678 91
1359 2658 1408 2679 20.
1444 2646 1699 2687 magistratuum,
1727 2646 1803 2678 ibid.

1181 2690 1312 2721 Numae
1339 2689 1491 2730 Pompilii
1521 2693 1645 2729 septem
1676 2688 1804 2728 Graeci,

1181 2736 1303 2772 septem
1321 2732 1441 2770 Latini,
1450 2733 1508 2762 sub
1521 2731 1669 2763 Ianiculo
1680 2731 1714 2762 in
1726 2732 1804 2762 dua-

1181 2776 1239 2805 bus
1261 2775 1341 2805 arcis
1364 2774 1499 2815 lapideis
1519 2774 1653 2813 inventi,
1674 2774 1804 2805 combu-

1181 2822 1294 2848 runtur
1309 2827 1360 2856 40,
1378 2827 1426 2859 29.
1450 2817 1600 2857 Sibyllini
1617 2816 1754 2857 inspecti
1773 2826 1804 2857 3,

1185 2869 1232 2891 10.
1261 2868 1291 2898 5,
1318 2869 1363 2899 13.
1395 2867 1422 2899 7,
1446 2867 1496 2900 27.
1523 2869 1575 2898 21,
1596 2859 1647 2891 62.
1679 2869 1730 2900 29,
1755 2868 1803 2890 1ο.

1182 2911 1234 2940 41,
1252 2902 1299 2935 26.
1323 2902 1452 2933 vaticini
1470 2913 1510 2934 ex
1529 2901 1803 2934 senatusconsulto
