1888 3194
318 622 398 685 T.
459 621 730 685 LIVII
802 623 1067 686 PATA
1088 624 1330 688 VINI

126 831 489 879 EPITOMAE
528 832 897 880 LIBRORUM
941 833 1524 881 DEPERDITORUM.

582 1247 866 1291 EPITOME
898 1247 1063 1289 XLVI.

236 1381 497 1424 UMENES
525 1397 600 1424 rex
630 1381 813 1423 Romam
834 1382 976 1423 venit:
1011 1382 1098 1438 qui,
1122 1381 1220 1438 quia
1243 1380 1525 1424 Macedonico

262 1439 373 1482 bello
405 1439 591 1481 medium
626 1448 781 1496 egerat,
813 1454 867 1480 ne
898 1448 972 1480 aut
1004 1439 1135 1481 hostis
1166 1439 1375 1480 iudicatus
1407 1439 1525 1481 vide-

123 1504 251 1546 retur,
276 1497 311 1538 si
342 1497 538 1538 exclusus
567 1506 688 1547 esset,
714 1505 787 1538 aut
818 1495 1017 1538 liberatus
1047 1497 1235 1546 crimine,
1262 1497 1296 1538 si
1328 1496 1525 1539 admitte-

123 1561 264 1603 retur3
298 1554 341 1595 in
363 1569 587 1596 commune
608 1553 678 1596 lex
698 1554 783 1596 lata
802 1562 878 1603 est,
900 1569 954 1595 ne
975 1554 1046 1595 cui
1065 1554 1154 1611 regi
1178 1554 1359 1596 Romam
1381 1555 1523 1597 venire

123 1610 280 1653 liceret.
331 1609 536 1653 Claudius
558 1611 787 1653 Marcellus
808 1611 955 1653 consul
973 1611 1154 1668 Alpinos
1174 1611 1332 1662 Gallos,
1357 1612 1407 1654 C.
1429 1611 1524 1654 Sul-

123 1668 260 1725 picius
279 1667 427 1710 Gallus
447 1668 594 1710 consul
618 1669 797 1725 Ligures
816 1669 994 1724 subegit,
1048 1668 1198 1725 Legati
1220 1669 1393 1710 Prusiae
1415 1669 1524 1725 regis

123 1726 345 1782 conquesti
375 1735 474 1767 sunt
499 1725 553 1767 de
583 1725 790 1775 Eumene,
813 1725 926 1781 quod
959 1725 1066 1767 fines
1096 1741 1192 1767 suos
1222 1726 1520 1782 popularetur:

124 1782 424 1839 dixeruntque,
459 1798 557 1824 eum
592 1783 848 1839 conspirasse
885 1798 983 1824 cum
1017 1783 1233 1824 Antiocho
1266 1793 1413 1824 contra
1448 1799 1523 1840 po-

124 1840 273 1905 pulum
311 1840 564 1882 Romanum.
631 1840 816 1882 Societas
851 1855 948 1881 cum
983 1840 1163 1882 Rhodiis
1199 1840 1523 1897 deprecantibus

123 1908 269 1939 iuncta
299 1907 374 1939 est.
437 1898 639 1939 Lustrum
667 1914 692 1939 a
718 1898 960 1940 censoribus
993 1897 1211 1939 conditum
1243 1907 1316 1939 est.
1382 1897 1524 1939 Censa

123 1964 222 1997 sunt
251 1955 391 1996 civum
422 1955 560 2012 capita
595 1963 784 1997 trecenta
818 1955 857 1995 vi
890 1955 968 1995 inti
1004 1964 1167 2019 septem
1201 1955 1343 2005 millia,
1374 1956 1523 2011 viginti

123 2011 221 2055 duo.
267 2012 471 2069 Princeps
487 2022 656 2054 senatus
673 2012 804 2054 lectus
821 1970 888 2053 ΜΕ.
902 2012 1112 2053 Aemihus
1129 2012 1330 2068 Lepidus.
1380 2012 1523 2055 Ptole-

123 2084 267 2112 maeus
288 2070 478 2135 Aegypti
499 2085 586 2120 rex,
609 2069 753 2126 pulsus
774 2084 905 2125 regno
926 2084 951 2110 a
971 2069 1133 2111 minore
1155 2070 1292 2119 fratre,
1315 2070 1448 2111 missis
1469 2070 1523 2112 ad

123 2142 221 2169 eum
253 2126 414 2185 legans,
442 2127 659 2169 restitutus
692 2135 766 2169 est,
830 2126 1054 2168 Ariarathe
1091 2126 1387 2183 Cappadociae
1424 2142 1522 2184 rege

124 2193 302 2234 mortuo,
324 2184 435 2226 filius
455 2185 545 2226 eius
568 2184 814 2226 Ariarathes
835 2199 1012 2241 regnum
1033 2185 1208 2241 accepit,
1231 2193 1274 2226 et
1295 2185 1523 2226 amicitiam

124 2256 220 2283 cum
242 2241 400 2299 populo
424 2241 620 2284 Romano
641 2257 718 2299 per
738 2242 896 2299 legatos
917 2241 1146 2283 renovavit.
1201 2242 1287 2283 Res
1308 2249 1525 2298 praeterea

124 2298 322 2341 adversus
358 2299 550 2356 Ligures,
584 2309 628 2341 et
663 2298 831 2348 Corsos,
865 2307 909 2341 et
945 2299 1183 2349 Lusitanos,
1219 2300 1332 2341 vario
1368 2310 1524 2341 eventu

123 2365 273 2413 gesta&
299 2366 342 2398 et
373 2366 512 2399 motus
543 2356 702 2413 Syriae,
729 2366 895 2398 mortuo
919 2356 1148 2406 Antiocho,
1171 2357 1243 2412 qui
1273 2356 1407 2398 filium
1435 2357 1524 2399 An-

125 2413 314 2456 tiochum
353 2429 531 2472 puerum
572 2414 804 2456 admodum
844 2413 1084 2470 reliquerat,
1126 2415 1327 2456 continet.
1395 2414 1524 2456 Hunc

126 2469 390 2514 Antiochum
420 2486 599 2529 puerum
629 2486 727 2513 curn
754 2471 883 2529 Lysia
911 2480 1048 2513 tutore
1077 2471 1332 2521 Demetrius,
1358 2472 1524 2514 Seleuci

125 2527 249 2578 filius,
269 2529 343 2586 qui
367 2529 529 2571 Romae
551 2530 671 2571 obses
690 2529 839 2579 fuerat,
861 2529 981 2579 clam,
1004 2529 1105 2586 quia
1126 2545 1211 2571 non
1232 2529 1526 2572 dimittebatur

125 2600 153 2627 ε
184 2585 401 2637 Romanis,
436 2587 675 2635 interemit3
718 2596 760 2628 et
794 2587 880 2644 ipse
916 2587 958 2628 in
993 2601 1170 2643 regnum
1204 2596 1409 2644 receptus,
1474 2587 1522 2629 L.

128 2643 313 2685 Aemilio
350 2644 511 2693 Paullo,
549 2645 623 2701 qui
661 2644 819 2686 Persen
854 2645 1023 2693 vicerat,
1061 2653 1241 2694 mortuo,
1280 2654 1396 2686 tanta
1435 2645 1526 2686 eius

127 2699 382 2743 abstinentia
412 2702 503 2751 fuit,
540 2711 597 2752 ut,
626 2717 758 2758 quum
787 2718 841 2744 ex
873 2701 1080 2759 Hispania
1112 2710 1155 2744 et
1186 2718 1239 2744 ex
1271 2701 1527 2745 Macedonia

127 2756 352 2800 immensas
381 2774 482 2816 opes
512 2759 734 2809 retulisset,
767 2760 836 2801 vix
869 2775 923 2801 cx
956 2760 1151 2802 auctione
1185 2761 1275 2802 eius
1309 2760 1525 2802 redactum

128 2813 196 2863 eit,
217 2815 330 2857 unde
357 2817 475 2859 uxori
501 2817 593 2859 eius
613 2817 690 2858 dos
713 2817 955 2859 solveretur.
1022 2818 1274 2875 Pomptinae
1300 2817 1475 2875 paludes
1503 2833 1526 2857 a

133 2869 334 2913 Cornelio
357 2873 552 2930 Cethego
580 2874 766 2924 consule,
792 2875 859 2916 cui
889 2891 939 2916 ea
970 2876 1184 2931 provincia
1215 2884 1425 2923 evenerat,
1448 2875 1526 2915 sic-

130 2935 261 2976 catae,
283 2943 464 2985 agerque
485 2945 538 2971 ex
561 2931 609 2971 iis
630 2931 771 2973 factus.

1221 3003 1248 3033 Q
1271 2992 1294 3028 2
