1888 3194
901 201 1195 240 INDEX.

401 286 442 316 40
466 279 499 307 et
520 285 570 316 41.
600 276 824 317 pontificatum
848 277 1029 309 maximum

402 320 485 360 petit
504 320 620 351 frustra
642 330 658 350 2
663 328 692 359 5,
715 329 743 360 5.
770 324 897 351 recusat
917 331 1030 352 consu-

400 363 503 393 latum
522 361 572 401 26,
590 373 639 394 22.
663 362 866 394 comitiorum
886 367 919 394 et
939 364 1031 394 ludo-

400 416 473 436 rum
486 405 705 436 faciendorum
720 416 825 443 causa,
836 405 952 436 dicitur
967 406 1031 437 dic-

401 452 486 478 tator
516 456 566 488 27,
597 458 647 489 33.
685 449 779 480 ludos
808 448 896 487 facit,
923 452 955 480 et
984 450 1032 479 lu-

403 494 505 521 strum
522 496 628 529 vovet,
643 491 720 522 ibid.

361 532 402 564 T.
415 533 561 564 Manlius
580 534 775 573 Torquatus,
790 537 918 574 praetor
933 543 986 573 43,
1002 545 1032 573 4.

405 576 551 616 pontifex
568 577 684 616 legitur
703 586 749 615 13.

361 619 516 656 Mannus,
540 629 647 650 servus
672 620 913 658 Campanorum
938 619 1034 649 Cala-

405 661 540 699 viorum,
558 661 681 692 indicat
701 661 886 691 incendium
907 662 1035 691 Romae

404 704 516 734 fraude
550 704 792 743 Campanorum
826 703 947 733 factum
984 702 1034 741 26,

407 754 456 786 27.
481 746 508 776 ei
526 745 657 776 libertas
677 747 764 784 data,
779 749 811 776 et
831 745 942 785 viginti
963 745 1034 776 mil-

407 789 452 819 lia
467 788 558 826 aeris,
574 788 652 819 ibid.

364 831 505 862 Mantua
522 840 572 868 24,
593 840 639 862 10.

334 896 338 899 .
363 873 541 906 Manubiae
566 882 613 910 10,
630 872 680 912 46.
705 873 744 904 de
765 871 926 904 manubiis
940 873 1036 905 aedes

407 916 513 946 Fortis
529 915 692 946 Fortunae
707 916 804 954 facta,
819 916 896 947 ibid.

364 958 559 990 Manumissi
592 966 620 998 7,
654 957 701 990 16.
734 959 787 989 lex
814 960 855 990 de
885 958 1037 990 vicesima

405 1001 675 1032 manumissorum
709 1001 742 1031 in
779 1001 888 1032 castris
919 1012 939 1033 a
973 1002 1035 1034 Cn.

406 1044 545 1081 Manlio,
560 1045 702 1082 consule,
715 1044 792 1081 lata,
807 1044 884 1075 ibid.

363 1087 485 1118 Manus
507 1087 548 1117 ad
565 1087 680 1127 digitos
702 1097 802 1126 usque
822 1087 988 1118 involutae
1003 1087 1036 1119 in

406 1140 440 1160 re
457 1130 519 1161 div.
533 1129 626 1160 Fidei
638 1130 790 1160 faciunda
810 1140 836 1168 1,
851 1140 899 1161 21.
922 1140 1037 1162 manus

405 1172 552 1213 religiose
567 1173 719 1203 admotae
736 1172 879 1203 Deorum
895 1173 992 1213 signis
1008 1181 1038 1211 5,

408 1225 458 1246 22.
494 1215 644 1245 manibus
675 1216 717 1246 ad
748 1216 875 1246 coelum
905 1216 1039 1247 sublatis

407 1262 557 1298 precatur
573 1258 620 1289 M.
633 1258 749 1289 Furius
765 1258 924 1290 Camillus
941 1266 970 1297 5,
988 1268 1037 1290 21.

408 1301 450 1331 ad
470 1301 596 1331 coelum
619 1301 772 1340 porrectis
790 1302 838 1333 M.
852 1301 983 1332 Curtius
1004 1312 1037 1332 se

409 1344 545 1374 devovet
564 1351 592 1383 7,
608 1342 636 1374 6.
660 1354 775 1374 manus
790 1344 952 1383 praecisae
968 1354 1036 1384 spe-

409 1386 606 1416 culatoribus
629 1386 836 1425 deprehensis
858 1396 908 1424 22,
932 1396 981 1425 33.
1006 1390 1038 1417 et

410 1427 462 1466 26,
478 1438 524 1460 12.
548 1439 662 1458 manus
678 1429 798 1460 ferreae
814 1430 855 1459 ad
872 1439 970 1460 naves
986 1430 1039 1460 sis-

409 1472 522 1502 tendas
532 1475 588 1501 aut
601 1472 919 1511 comprehendendas
931 1471 982 1511 36,
990 1483 1040 1511 44.

369 1514 517 1553 Mapalia
534 1514 760 1553 Massyliorum
779 1524 828 1555 29,
847 1524 895 1554 31.

369 1557 417 1588 M.
442 1556 600 1587 Claudius
626 1557 815 1595 Marcellus,
842 1567 904 1588 cos,
932 1557 963 1596 8,
993 1558 1040 1589 18.

413 1599 550 1629 dictator
567 1608 617 1638 23.

368 1642 415 1672 M.
433 1642 591 1673 Claudius
614 1642 792 1672 Marcellus
814 1646 953 1682 praetor,
972 1642 1041 1673 No-

411 1685 477 1714 lam
493 1685 618 1724 magnis
638 1685 806 1715 itineribus
827 1686 972 1725 pervenit
990 1696 1040 1725 23,

416 1737 462 1766 14.
488 1728 709 1758 Hannibalem
729 1728 829 1758 vincit
848 1727 894 1759 16.
919 1729 1040 1768 suppli-

411 1770 497 1800 cium
531 1771 572 1801 de
610 1770 824 1810 proditoribus
860 1771 958 1801 sumit
992 1779 1039 1810 17.

412 1817 537 1843 creatus
550 1823 611 1844 cos.
623 1815 812 1851 secuudum,
823 1824 896 1844 cum
907 1824 1041 1853 augures

412 1856 491 1886 vitio
508 1860 651 1886 creatum
668 1856 971 1895 pronuntiavissent,
987 1858 1041 1887 ab-

412 1898 497 1929 dicat
522 1908 571 1937 31.
604 1900 773 1938 proconsul
800 1899 909 1939 copias
933 1900 1042 1931 educit

412 1941 445 1971 in
472 1942 574 1972 aciem
603 1945 714 1972 contra
741 1942 961 1973 Hannibalem
989 1954 1040 1982 44.

412 1984 559 2014 hortatur
575 1995 647 2015 suos
663 1993 713 2023 45.
739 1985 866 2016 Poenos
885 1985 918 2015 in
938 1989 1042 2016 castra

413 2027 580 2066 compellit
597 2026 647 2065 46.
670 2028 712 2057 ad
733 2038 807 2058 eum
825 2028 948 2067 equites
964 2028 1040 2058 His-

414 2070 490 2109 pani
507 2074 538 2100 et
551 2070 717 2100 Numidae
728 2070 954 2111 transfugiunt,
964 2071 1040 2102 ibid.

413 2112 544 2142 tertium
568 2123 630 2144 cos.
654 2113 768 2143 absens
791 2117 916 2144 creatur
939 2124 990 2151 24,
1011 2124 1041 2154 9.

413 2154 443 2184 ei
481 2155 590 2185 Sicilia
627 2155 793 2194 provincia
825 2157 955 2187 decreta
991 2166 1041 2188 21.

416 2197 647 2227 Leontinorum
667 2199 780 2229 urbem
800 2199 887 2238 capit
908 2208 957 2237 30.
987 2209 1042 2238 op-

414 2244 537 2279 pugnat
564 2241 736 2279 Syracusas
762 2249 814 2279 33.
848 2241 935 2280 capit
963 2241 1043 2271 alias

414 2283 508 2312 urbes
533 2290 581 2321 35.
616 2283 721 2312 fundit
748 2283 964 2322 Syracusanos
991 2282 1041 2322 36.

415 2324 501 2362 capit
519 2324 691 2363 Syracusas
708 2332 759 2362 25,
777 2335 814 2363 23
831 2329 863 2355 et
881 2335 930 2362 24.
954 2326 1041 2355 Mar-

415 2366 489 2396 celli
528 2366 689 2403 lacrimae,
727 2367 829 2406 captis
867 2367 1041 2407 Syracusis,

368 2420 370 2422 ·
414 2409 490 2439 ibid.
515 2409 647 2448 castigat
665 2409 881 2448 Syracusanos
896 2419 946 2448 31.
969 2420 1040 2449 spo-

416 2452 472 2481 liat
503 2451 676 2491 Syracusas
706 2461 755 2490 40.
795 2452 958 2491 componit
992 2463 1041 2483 res

414 2494 607 2531 Siculorum,
623 2494 698 2524 ibid.
723 2494 822 2524 vincit
844 2495 970 2525 Poenos
990 2505 1040 2533 41.

415 2536 443 2566 ei
458 2540 642 2576 prorogatur
653 2536 823 2576 imperium
839 2536 888 2575 26,
905 2547 929 2568 1.
953 2539 1040 2568 Mar-

414 2580 526 2616 cellus,
541 2590 559 2609 e
576 2579 685 2610 Sicilia
706 2580 818 2616 redux',
834 2580 913 2619 petit
930 2580 1040 2610 trium-

415 2622 516 2662 phum
535 2631 583 2653 21.
607 2623 717 2652 urbem
738 2632 835 2653 ovans
854 2622 1040 2662 ingreditur,

414 2668 487 2704 post
503 2664 703 2704 triumphum
726 2664 759 2694 in
776 2665 903 2695 Albano
919 2672 1040 2704 monte,

414 2707 489 2737 ibid.
520 2711 669 2746 quartum
692 2717 754 2737 cos.
773 2717 821 2739 22.
850 2708 917 2738 eius
938 2709 1038 2740 oratio

413 2750 445 2779 in
462 2754 575 2780 senatu
592 2748 641 2780 26.
668 2749 696 2780 ei
714 2750 843 2780 obvenit
862 2751 971 2781 Sicilia
989 2762 1037 2793 29.

414 2793 455 2822 ob
485 2792 665 2822 Siculorum
696 2793 841 2832 querelas
871 2798 979 2824 manet
1005 2794 1038 2824 in

416 2835 523 2872 Italia,
550 2834 624 2865 ibid.
660 2834 759 2866 Siculi
786 2846 859 2866 eum
886 2842 1037 2867 accusant

414 2878 445 2908 in
469 2881 582 2908 senatu
607 2887 655 2916 3ο.
680 2882 793 2917 purgat
814 2889 847 2909 sc
866 2888 915 2917 3¹-
941 2880 980 2909 de
1001 2891 1040 2910 ca

414 2931 446 2951 re
462 2921 773 2952 senatusconsultum
788 2930 837 2960 32.
859 2932 932 2952 cum
948 2922 1037 2953 Han-

1115 277 1224 308 nibale
1248 275 1346 308 dubio
1367 276 1475 307 Marte
1498 279 1621 316 pugnat
1641 281 1692 315 27,
1714 284 1743 307 2.

1116 321 1214 351 instat
1240 319 1419 350 Hannibali
1441 330 1470 358 4.
1499 318 1680 350 Hannibali
1702 319 1746 349 ad

1117 362 1296 395 Canusium
1308 362 1445 393 occurrit
1459 371 1505 393 12.
1521 371 1625 400 aequo
1637 361 1746 392 Marte

1119 410 1241 446 pugnat
1266 415 1338 436 cum
1365 404 1564 442 Hannibale,
1585 403 1662 434 ibid.
1689 413 1746 443 po-

1119 453 1202 480 stero
1223 448 1286 485 die,
1306 448 1423 478 iterum
1446 448 1604 478 lacessens
1619 445 1746 477 Hanni-

1118 492 1238 528 balem,
1259 491 1407 528 vincitur,
1426 490 1504 521 ibid.
1526 489 1672 529 increpat
1692 499 1746 519 ex-

1119 534 1254 564 ercitum
1277 543 1324 572 13.
1348 533 1446 563 vincit
1468 533 1595 563 Poenos
1620 541 1668 570 14.
1694 542 1746 563 ac-

1120 579 1248 606 cusatur
1263 586 1282 605 a
1299 575 1428 606 tribuno
1450 575 1553 615 plebis
1570 584 1618 605 20.
1641 575 1747 606 absol-

1121 618 1215 655 vitur,
1237 622 1269 648 et
1290 618 1437 657 quintum
1463 628 1526 649 cos.
1547 620 1672 648 creatur
1697 626 1747 648 21.

1120 661 1216 691 aedes
1233 660 1376 690 Honoris
1395 663 1427 690 et
1444 659 1582 690 Virtutis
1598 660 1749 690 aedificat

1123 711 1172 742 25.
1206 702 1329 733 insidiis
1354 706 1520 742 exceptus,
1544 702 1628 741 perit
1652 701 1693 733 26
1716 705 1749 733 et

1124 753 1173 785 27.
1197 745 1285 775 varia
1300 745 1340 775 de
1356 744 1424 776 eius
1442 748 1544 776 morte
1558 745 1656 783 fama,
1671 744 1749 776 ibid.

1122 787 1278 827 sepelitur
1307 788 1349 818 ad
1379 787 1567 818 Hannibale
1598 787 1648 819 28.
1681 787 1750 818 eius

1121 831 1243 862 annulo
1272 831 1395 870 potitus
1426 830 1605 868 Hannibal,
1633 829 1751 860 frustra

1122 874 1235 904 dolum
1279 872 1475 912 Salapitanis
1517 873 1629 912 nectit,
1671 872 1749 904 ibid.

1122 926 1223 956 augur
1236 916 1341 947 fuerat
1357 916 1534 947 Marcellus
1550 914 1600 955 36,

1079 959 1128 990 Μ.
1136 959 1294 990 Claudius
1304 959 1495 997 Marcellus,
1505 958 1645 989 consulis
1654 957 1751 997 filius,

1121 1002 1194 1033 trib.
1218 1002 1312 1032 milit.
1338 1010 1388 1042 27,
1411 1000 1460 1033 26.
1493 1001 1678 1032 vulneratur
1701 1007 1750 1041 27.

1122 1045 1236 1076 aedem
1268 1044 1417 1083 Virtutis,
1450 1044 1588 1084 septimo
1624 1043 1752 1075 decimo

1123 1097 1219 1125 anne,
1236 1091 1407 1127 postquam
1423 1097 1442 1118 a
1458 1091 1549 1127 patre
1564 1087 1632 1118 eius
1647 1086 1752 1126 primo

1125 1131 1293 1161 consulatu
1309 1134 1383 1161 vota
1398 1130 1431 1160 in
1448 1129 1560 1161 Gallia
1574 1130 1691 1168 fuerat,
1707 1129 1751 1160 ad

1124 1177 1250 1212 portam
1275 1173 1443 1212 Capenam
1469 1172 1598 1203 dedicat
1625 1182 1676 1214 29,
1702 1181 1751 1204 11.

1123 1216 1195 1247 trib.
1220 1216 1323 1256 plebis
1347 1225 1396 1247 20.
1422 1215 1535 1246 aedilis
1558 1215 1676 1245 cumlis
1699 1223 1752 1254 31,

1125 1267 1174 1298 5ο.
1203 1262 1331 1298 praetor
1353 1267 1405 1297 32,
1426 1265 1453 1297 7.
1482 1258 1511 1288 ei
1535 1257 1645 1289 Sicilia
1667 1261 1752 1289 sorte

1125 1302 1256 1332 obvenit
1279 1302 1297 1332 8
1325 1305 1357 1331 et
1382 1309 1431 1340 27.
1462 1311 1524 1332 cos.
1550 1304 1675 1331 creatur
1698 1309 1752 1339 33,

1125 1353 1174 1382 24.
1213 1344 1392 1383 tn'umphat
1428 1344 1468 1374 de
1499 1343 1688 1374 Insubribus
1720 1346 1753 1374 et

1125 1387 1338 1418 Comensibus
1365 1393 1415 1425 37.
1450 1386 1596 1425 pontifex
1623 1395 1674 1424 42.
1707 1385 1753 1416 le-

1126 1434 1219 1468 gatus
1241 1428 1469 1468 Carthaginem
1494 1429 1608 1459 missus
1631 1435 1681 1467 47.
1708 1428 1753 1458 le-

1126 1476 1219 1511 gatus
1234 1471 1266 1501 in
1284 1471 1427 1502 exercitu
1443 1480 1460 1510 3
1465 1479 1495 1511 5,
1508 1479 1524 1510 5
1543 1474 1575 1501 et
1591 1471 1620 1502 8.
1644 1480 1755 1501 censor

1129 1521 1180 1553 37,
1212 1515 1262 1553 58.
1307 1515 1443 1544 lustrum
1477 1513 1587 1544 condit
1620 1513 1672 1553 38,
1702 1511 1754 1553 36.

1129 1557 1275 1596 pontifex
1291 1557 1425 1587 moritur
1440 1566 1492 1594 41,
1511 1564 1559 1597 17.

1085 1600 1133 1632 M.
1151 1600 1308 1631 Claudius
1329 1600 1517 1637 Marcellus,
1537 1602 1676 1639 praetor,
1690 1608 1754 1630 sor-

1127 1643 1207 1673 titur
1237 1642 1490 1673 iurisdictionem
1519 1643 1674 1672 urbanam
1701 1642 1754 1681 38,

1128 1694 1178 1725 35.
1212 1685 1280 1716 eius
1308 1685 1407 1723 iussu,
1433 1685 1486 1725 qui
1517 1685 1684 1725 pulsarant
1709 1685 1754 1715 le-

1125 1732 1216 1768 gatos
1231 1727 1522 1768 Carthaginienses,
1533 1728 1572 1758 iis
1585 1728 1756 1758 traduntur

1127 1781 1178 1810 42.
1211 1775 1335 1802 creatur
1361 1781 1424 1801 cos.
1452 1780 1503 1812 39,
1528 1778 1578 1809 45.
1613 1770 1680 1801 eius
1705 1780 1755 1801 res

1126 1818 1234 1853 gestae
1251 1823 1291 1853 54
1303 1818 1335 1845 et
1349 1822 1398 1853 55.
1421 1813 1582 1844 decemvir
1593 1823 1755 1844 sacrorum

1127 1857 1263 1887 moritur
1279 1868 1330 1895 44,
1351 1857 1400 1887 18.

1085 1900 1132 1931 Μ.
1150 1900 1311 1931 Claudius
1331 1900 1517 1938 Marcellus,
1534 1897 1679 1938 pontifex
1701 1907 1755 1938 41,

1130 1952 1177 1982 13.
1201 1943 1272 1974 trib.
1290 1943 1334 1982 pl.
1352 1952 1403 1981 42,
1421 1952 1470 1982 32.
1493 1945 1620 1982 praetor
1635 1950 1687 1980 43,
1705 1949 1753 1980 13.

1126 1985 1257 2016 sortitur
1272 1985 1469 2025 Hispaniam
1489 1993 1535 2025 17.
1557 1984 1686 2014 iubetur
1700 1984 1754 2014 de-

1127 2028 1249 2058 lectum
1272 2038 1366 2068 agere
1392 2027 1439 2060 16.
1471 2037 1534 2059 cos.
1557 2030 1682 2057 creatur
1700 2035 1753 2066 45,

1085 2114 1133 2145 M.
1148 2113 1305 2145 Claudius
1321 2111 1543 2150 Marcellinus,
1558 2114 1686 2152 praetor
1701 2119 1753 2153 39,

1130 2165 1179 2194 23.

1087 2198 1214 2228 Marcia
1229 2197 1350 2237 rogatio
1366 2207 1418 2236 42,
1435 2207 1484 2229 21.

1086 2240 1240 2277 Marcius,
1252 2241 1386 2279 clypeus
1400 2248 1450 2279 25,
1463 2249 1513 2282 39.
1528 2240 1629 2271 saltus
1639 2249 1690 2282 39,
1703 2249 1753 2272 20.

1086 2282 1241 2320 Marcius,
1260 2282 1393 2313 illustris
1416 2287 1514 2321 vates,
1533 2283 1664 2322 eiusque
1686 2293 1753 2315 car-

1127 2325 1215 2355 mina
1233 2335 1248 2354 2
1253 2334 1282 2363 5,
1302 2335 1348 2356 12.
1372 2325 1533 2365 praedixit
1548 2325 1753 2357 Cannensem

1127 2367 1264 2404 cladem,
1288 2367 1365 2399 ibid.
1393 2368 1531 2399 alterum
1555 2368 1624 2399 eius
1643 2367 1753 2400 vatici-

1126 2410 1228 2448 nium,
1243 2410 1319 2441 ibid.

1084 2453 1121 2484 C.
1150 2453 1305 2490 Marcius,
1335 2453 1522 2484 adolescens
1555 2452 1687 2484 consilio
1720 2456 1753 2484 et

1126 2505 1225 2525 manu
1247 2501 1416 2536 promptus
1439 2506 1468 2534 2,
1484 2505 1534 2536 33.
1563 2496 1627 2528 vid.
1643 2496 1752 2528 Corio-

1127 2538 1229 2569 lanus.

1083 2581 1121 2613 C.
1144 2580 1297 2618 Marcius,
1323 2581 1395 2612 trib.
1422 2582 1467 2621 pl.
1491 2581 1576 2612 diem
1603 2580 1681 2611 dicit
1707 2581 1752 2618 Q.

1127 2623 1239 2661 Fabio,
1255 2625 1340 2663 quod
1357 2624 1481 2663 legatus
1498 2623 1532 2654 in
1547 2623 1664 2654 Gallos
1678 2633 1752 2655 con-

1126 2669 1175 2696 tra
1191 2665 1239 2696 ius
1254 2666 1399 2705 gentium
1414 2670 1588 2706 pugnasset
1603 2665 1634 2703 6,
1654 2675 1680 2698 1.

1083 2709 1120 2740 C.
1138 2708 1280 2739 Marcius
1307 2708 1450 2747 Rutilus,
1476 2719 1539 2740 cos.
1563 2708 1656 2740 victis
1682 2708 1750 2740 Pri-

1126 2751 1318 2788 vernatibus,
1342 2751 1521 2791 triumphat
1550 2759 1577 2791 7,
1608 2750 1655 2782 16.
1690 2751 1753 2791 pri-

1125 2804 1196 2824 mus
1212 2794 1251 2823 de
1273 2794 1368 2833 plebe
1384 2794 1532 2832 dictator,
1547 2794 1640 2826 victis
1656 2794 1752 2825 Etru-

1125 2837 1196 2873 scis,
1218 2835 1305 2866 iussu
1328 2836 1439 2876 populi
1466 2837 1534 2868 sine
1559 2837 1752 2868 auctoritate

1128 2880 1260 2909 Patrum
1282 2879 1462 2918 triumphat
1481 2887 1529 2919 17.
1551 2890 1614 2911 cos.
1634 2879 1751 2910 iterum

1128 2931 1175 2952 21.
1211 2921 1332 2961 primus
1362 2923 1402 2953 de
1432 2923 1528 2963 plebe
1558 2932 1670 2954 censor
1699 2931 1749 2954 22.
