1888 3194
543 162 966 205 EDITIONUM
1012 164 1204 207 LIVII.
1489 170 1575 211 469

306 252 417 302 Iesu,
454 252 528 307 qui
565 253 691 293 etiam
729 252 878 303 Notas,
915 253 1087 295 nomine
1123 269 1356 311 suppresso,
1394 256 1571 308 addidit,

305 318 562 351 monuerunt
592 310 670 350 viri
703 309 829 351 docti.
893 309 1004 352 Vide
1039 309 1074 353 I.
1106 310 1172 352 Fr.
1205 312 1414 353 Gronovii
1446 314 1574 356 Prae—

303 367 505 408 fationem
522 366 586 408 ed.
605 367 734 420 Drak.
754 376 782 408 t.
797 366 895 410 VII.
914 383 956 424 p.
973 371 1070 409 311.
1086 367 1241 410 datam.
1283 367 1419 424 Ipsius
1437 370 1573 413 Notas

302 432 448 480 postea
478 424 655 465 editioni
685 439 798 474 suae,
825 439 953 480 quam
983 440 1082 466 cum
1111 426 1222 467 notis
1243 424 1469 467 Variorum
1499 443 1571 469 cu·

302 481 409 522 ravit
428 496 540 522 anno
562 481 848 524 MDCLXV.
875 482 1052 524 inseruit
1072 481 1105 524 I.
1130 482 1198 525 Fr.
1224 483 1479 525 Gronovius.

176 541 300 581 1619.
335 538 610 588 Francofurti,
633 539 677 579 in
698 539 832 581 forma
851 539 1072 596 octuplice.

362 595 488 637 Hanc
505 596 646 637 denuo
663 611 687 637 a
702 612 745 638 se
767 612 818 638 eo
836 606 1026 653 tempore
1042 597 1305 647 recensitam,
1324 605 1367 639 et
1383 612 1407 638 a
1423 598 1572 638 tutori-

301 654 378 695 bus
400 653 679 695 Fischerianis
701 655 944 710 impressam
967 669 1070 704 esse,
1093 663 1270 696 testatur
1292 656 1505 697 Gruterus
1526 655 1570 696 in

299 710 557 767 praefatione
580 711 778 752 editionis
798 712 899 752 anni
922 711 1287 753 MDCXXVIII.

174 771 296 810 1621.
331 768 535 824 Lugduni
568 784 664 810 cum
701 768 989 826 Chronologia
1020 778 1064 811 et
1097 769 1327 819 Indicibus,
1359 769 1405 810 in
1437 769 1571 811 forma

228 825 515 882 quadruplice.

360 883 603 925 Memorant
623 884 731 925 hane
753 884 984 926 editionem
1007 882 1221 926 Hearnius
1242 893 1285 926 et
1308 883 1516 927 Clericus.

173 943 309 991 1622„
331 941 547 991 Genevae,
571 941 614 981 in
635 941 769 982 forma
789 942 964 983 minore.

362 998 562 1039 Refertur
582 1014 606 1039 a
628 998 818 1040 Fabricio
840 999 884 1039 in
908 998 1110 1041 Biblioth.
1136 998 1229 1040 Lat.
1253 1014 1292 1055 p.
1320 1001 1415 1041 186.

173 1057 294 1097 1625.
328 1055 498 1096 Parisiis
519 1055 632 1111 apud
653 1055 895 1097 societatem
923 1056 1154 1105 minimam,
1177 1056 1221 1096 in
1241 1056 1375 1097 forma
1395 1055 1565 1097 maiore.

357 1112 408 1152 In
450 1112 562 1153 calce
604 1112 699 1154 libri
740 1112 784 1153 hi
825 1113 1015 1168 quinque
1057 1112 1323 1168 bibliopolae,
1368 1123 1566 1168 tanquam

295 1169 412 1218 socii,
446 1178 746 1219 memorantur,
779 1169 984 1225 Iosephus
1020 1168 1264 1219 Cottereau,
1299 1169 1568 1211 Sebastianus

299 1226 550 1283 Chappelet‚
583 1226 760 1268 Iacobus
797 1226 1000 1276 Quesnel,
1033 1226 1266 1283 Dionysius
1299 1226 1493 1277 Moreau,
1525 1235 1569 1268 et

299 1283 470 1326 Samuel
509 1284 548 1325 T
552 1284 730 1325 hiboust.
807 1283 868 1325 Hi
903 1284 1080 1340 primam
1120 1284 1296 1326 Gruteri
1333 1284 1565 1325 editionem

296 1342 397 1383 anni
420 1341 689 1383 MDCVIII.
713 1350 756 1383 et
781 1341 923 1383 omnia
946 1342 991 1382 in
1017 1341 1131 1382 illam
1156 1350 1338 1397 recepta,
1361 1356 1412 1383 eo
1433 1341 1567 1382 inscio

295 1408 339 1440 et
359 1414 446 1440 non
468 1399 673 1449 consulto,
697 1408 814 1440 tanta
838 1399 1135 1455 superstitione
1162 1399 1398 1455 exprimere
1425 1398 1567 1440 conati

295 1466 406 1506 sunt,
430 1465 477 1497 ut
504 1457 682 1513 paginae
710 1457 874 1513 paginis
903 1456 1219 1513 responderent.
1283 1455 1446 1497 Verum
1472 1471 1566 1512 pes—

296 1514 399 1555 sime
431 1529 455 1555 a
485 1514 661 1555 librariis
692 1514 835 1555 habita
865 1514 1098 1555 innumeris
1129 1528 1275 1555 eorum
1307 1513 1565 1570 negligentia

295 1571 526 1612 commissis
547 1571 756 1612 erroribus
776 1580 933 1620 scatet3
967 1586 1072 1627 quos
1093 1571 1265 1627 insuper
1287 1571 1499 1612 Gruterus
1520 1570 1565 1610 in

297 1629 475 1670 Praefat.
522 1628 720 1669 editionis
766 1629 914 1669 tertiae
965 1628 1065 1669 anni
1106 1626 1470 1669 MDCXXVIII.
1514 1642 1565 1668 eo

295 1686 466 1727 nomine
505 1686 704 1734 traduxit,
740 1685 868 1741 quod,
903 1686 1012 1726 curis
1048 1685 1131 1726 suis
1167 1684 1362 1726 secundis
1395 1684 1563 1734 relictis,

295 1744 449 1799 primas
493 1743 625 1784 secuti
671 1743 767 1792 sint,
810 1743 928 1798 quasi
968 1742 1157 1797 frugibus
1203 1742 1379 1798 repertis
1425 1741 1564 1783 adhuc

293 1800 512 1856 glandium
545 1815 730 1841 amarore
762 1799 1083 1841 delectarentur.
1148 1798 1327 1855 Insuper
1359 1799 1562 1849 observat,

294 1858 399 1899 nihil
423 1858 519 1899 boni
543 1858 586 1898 in
610 1867 694 1898 tam
712 1858 815 1898 vasti
837 1857 974 1913 operis
991 1872 1212 1913 progressu
1229 1856 1563 1912 exspectandum

294 1930 382 1956 esse
400 1916 452 1956 de
476 1915 568 1964 illis,
588 1915 661 1970 qui
684 1915 726 1954 in
749 1915 838 1970 ipso
860 1914 999 1955 statim
1023 1914 1158 1964 titulo,
1176 1914 1275 1963 sive,
1294 1921 1341 1955 ut
1362 1913 1562 1970 loquitur,

294 1973 338 2013 in
380 1972 630 2028 frontispicii
673 1971 878 2013 meditulo
921 1980 1140 2027 tantopere
1192 1972 1247 2012 im
1269 1979 1474 2027 ›eg-erunt,
1517 1980 1563 2012 ut

292 2029 480 2071 ridiculis
513 2029 767 2070 soloecismis
801 2044 843 2070 se
875 2029 1180 2085 prostituerint.
1247 1987 1297 2069 ln
1323 2029 1406 2069 fine
1438 2028 1563 2069 huius

292 2087 490 2129 editionis
512 2087 829 2142 conspiciuntur
858 2092 869 2110 ‘
885 2086 1097 2142 Excerpta
1118 2101 1172 2127 ex
1189 2085 1301 2127 Livii
1320 2085 1563 2127 Decadibus

294 2145 506 2194 ‘moralia,
536 2144 720 2201 politica,
747 2153 790 2185 et
823 2144 1033 2193 historica,
1063 2158 1160 2185 eum
1194 2143 1284 2184 aliis
1313 2142 1562 2184 Latinorum

294 2208 364 2244 ‘et
402 2203 664 2244 Graecorum
706 2202 955 2258 scriptorum
992 2201 1093 2242 locis
1129 2210 1172 2242 et
1208 2200 1378 2256 Eclogis
1413 2199 1565 2241 collata

294 2259 468 2301 ‘ordine
507 2259 802 2316 Alphabctico,
846 2258 946 2300 Fed.
984 2258 1155 2300 Morelli
1191 2258 1479 2300 Professorum
1521 2266 1564 2298 et

294 2323 306 2342 ‘
324 2317 609 2374 Interpretum
660 2317 870 2373 regiorum
912 2316 1078 2358 Decani
1123 2331 1252 2372 opera
1301 2330 1348 2357 ae
1394 2315 1563 2356 studio.'

292 2375 519 2431 Perperam
544 2374 757 2416 Hearnius
779 2374 887 2415 hanc
909 2374 1141 2415 editionem
1163 2373 1307 2415 retulit
1328 2373 1382 2414 ad
1403 2387 1563 2414 annum

296 2433 620 2476 MDCXXIII.
676 2447 772 2474 uem
796 2441 937 2473 tamen
960 2440 1128 2473 secutus·
1150 2439 1213 2472 est
1237 2430 1443 2472 Clericus.

167 2493 289 2534 1628.
325 2490 588 2532 Francofurti
625 2448 679 2531 aii
716 2489 923 2532 Moenum
963 2489 1073 2546 typis
1110 2488 1418 2545 Guolphgangi
1455 2486 1564 2528 Hof-

220 2549 378 2598 manni,
417 2548 618 2604 impensis
658 2547 888 2589 haeredum
931 2546 1072 2588 Iacobi
1112 2545 1310 2596 Fischeri,
1347 2546 1391 2586 in
1431 2544 1564 2586 forma

219 2606 380 2648 maiori.

352 2663 429 2704 Est
469 2663 572 2704 hacc
615 2663 736 2705 tertia
778 2662 952 2704 Gruteri
995 2662 1139 2711 editio,
1181 2662 1248 2702 cui
1294 2660 1432 2702 Notae
1475 2659 1563 2699 vius

292 2721 460 2762 criticae
482 2730 525 2762 ct
545 2721 753 2786 politicae,
776 2728 818 2761 et
840 2719 1148 2776 qninquaginta
1176 2719 1219 2759 in
1243 2718 1439 2760 Tacitum
1466 2716 1563 2757 Dis-

292 2793 436 2819 cursus
457 2778 589 2819 addai
612 2788 722 2827 sunt,
746 2793 823 2818 nce
846 2793 930 2818 non
953 2776 1263 2818 observationes
1285 2774 1560 2818 Godelevaei,

294 2844 337 2876 et
370 2845 557 2876 veterum
593 2835 884 2876 historicorum
914 2835 1160 2891 fragmenta,
1202 2849 1262 2874 ier
1297 2832 1559 2873 Franciscum

296 2892 445 2933 (inuno
489 2893 747 2945 Antonium)
793 2892 1084 2933 lticcobonum
1133 2891 1320 2932 colecta.
1407 2888 1559 2928 Parum
