1888 3194
413 177 928 222 FRAGMENTUM
971 179 1097 221 LIB.
1141 180 1267 224 XCI.
1470 188 1553 226 319

156 267 282 326 longe
312 269 578 326 gravissimae
608 277 748 310 essent
777 277 928 325 partes,
950 269 1045 325 plus
1069 285 1199 325 quam
1227 270 1305 311 sibi
1330 270 1556 314 deberetur

157 326 373 369 tribueret.
434 325 570 382 Igitur
600 325 818 368 obtinebat
847 326 959 368 inter
990 341 1062 368 eos
1092 326 1258 368 erudita
1284 327 1554 379 familiaritas,

157 397 267 440 quae
312 383 540 440 plurimum
584 382 639 424 ad
688 398 934 425 communes
982 384 1194 440 profectus
1239 384 1375 426 valet:
1429 394 1555 442 atque

157 440 356 497 equidem
376 454 620 496 persuasum
641 439 790 491 habeo,
813 440 1043 482 Brunsium
1071 440 1263 498 plurimis
1292 441 1337 482 in
1362 441 1464 483 loeis
1485 443 1556 484 vix

158 511 346 554 unquam
367 497 608 554 agniturum
623 497 750 539 fuisse
766 497 981 549 voeabula,
999 513 1108 555 quae
1125 498 1338 540 familiaris
1358 498 1556 541 historiae

156 562 202 596 et
220 555 425 596 sermonis
445 554 630 611 cognitio
650 555 764 596 socio
785 555 1111 598 demonstrabat.
1157 555 1320 597 Verum
1337 556 1558 598 utilissima

155 610 261 653 haec
301 627 447 654 eorum
488 612 713 654 concordia
752 612 964 654 infirmata
1002 613 1083 654 fuit
1123 628 1252 670 pravo
1289 613 1556 670 quorundam

156 667 368 711 Iuvenatii
397 669 607 712 fautorum
638 669 792 721 studio,
819 670 894 727 qui
923 670 1130 712 honorem
1161 686 1344 721 omnem,
1371 671 1444 728 qui
1476 671 1557 712 illis

156 727 418 784 temporibus
446 727 493 768 in
522 727 766 770 huiusmodi
795 729 920 770 rebus
950 743 1128 785 magnus
1158 728 1480 785 percipiebatur,
1503 728 1557 774 ad

155 783 277 826 illum
307 800 441 826 unum
471 784 718 826 trahebant:
754 784 982 827 Brunsium
1015 786 1243 843 impigrum
1273 785 1447 843 quidem
1479 786 1557 828 ho-

157 841 316 884 minem
338 857 426 884 esse
446 842 649 893 ferebant,
667 842 743 884 sed
759 843 833 899 qui
853 858 993 900 neque
1016 843 1187 900 ingenio
1208 859 1348 901 neque
1365 843 1558 886 doctrina

155 898 289 941 labori
316 915 392 956 par
417 899 481 941 sit.
547 899 677 948 Quod
704 915 837 957 quum
868 901 921 942 ad
952 901 1077 943 huius
1108 916 1229 943 aures
1259 900 1491 952 accidisset,
1523 902 1558 943 is

157 956 332 999 moleste
356 956 450 999 tulit
472 972 514 998 se
537 958 778 999 contemni:
812 958 936 999 simul
957 967 1099 1000 autem
1120 958 1199 999 sibi
1221 958 1554 1001 animadvertere

156 1014 270 1056 visus
290 1023 353 1056 est
373 1014 497 1056 hosce
519 1029 732 1056 sermones
754 1015 874 1056 alteri
895 1030 982 1057 non
998 1014 1303 1072 usquequaque
1321 1016 1554 1073 displicere.

157 1070 309 1128 Itaque
342 1087 428 1114 non
462 1081 716 1127 conquestus
748 1072 921 1128 quidem
955 1088 1051 1114 cum
1085 1072 1157 1115 illo
1189 1083 1264 1123 est,
1297 1073 1372 1115 sed
1405 1074 1558 1116 laboris

157 1129 399 1171 societatem
422 1129 572 1171 tacitus
589 1129 799 1170 dissolvit:
833 1129 1054 1171 Iuvenatio
1076 1130 1377 1187 apographum,
1394 1146 1558 1172 summa

156 1185 241 1228 fide
274 1186 445 1236 factum,
478 1185 664 1236 tradidit,
697 1186 740 1226 in
769 1202 854 1243 quo
887 1187 1030 1228 omnia
1059 1202 1257 1244 expressa
1287 1197 1420 1238 erant,
1448 1204 1556 1245 quae

157 1258 186 1285 u
238 1258 291 1285 ue
312 1243 367 1285 ad
388 1243 506 1285 illum
529 1242 642 1285 diem
672 1243 1093 1300 investigaverantst':
1127 1253 1249 1301 capto
1271 1252 1413 1286 autem
1434 1245 1557 1287 initio

156 1315 182 1343 a
242 1302 374 1343 uabus
405 1301 563 1343 ultimis
595 1301 815 1352 columnis,
838 1317 946 1358 quae
974 1301 1096 1344 facile
1126 1301 1339 1358 leguntur,
1362 1302 1416 1344 ad
1448 1302 1558 1344 diffi-

155 1358 301 1401 ciliora
327 1359 482 1401 sensim
513 1359 733 1416 progressi,
755 1368 915 1401 ceteras
943 1359 1117 1416 quidem
1147 1359 1233 1401 fere
1264 1359 1555 1411 absolverant3

158 1416 304 1459 tertiae
339 1416 410 1458 illo
444 1425 632 1473 tempore
665 1432 752 1458 non
786 1417 844 1458 ita
878 1417 1073 1467 multum,
1105 1426 1249 1459 sextae
1282 1432 1417 1475 paene
1450 1417 1558 1459 nihil

156 1472 315 1518 lectum
342 1482 441 1516 erat.
504 1473 640 1530 Igitur
661 1474 713 1515 de
743 1473 916 1531 reliquis
943 1490 986 1516 se
1007 1474 1228 1531 desperare
1254 1475 1556 1532 pronuntiavit,

156 1545 297 1588 neque
325 1531 403 1573 sibi
427 1531 561 1573 otium
588 1546 677 1573 esse
704 1531 1017 1588 progrediendi,
1070 1532 1198 1589 uippe
1220 1533 1289 1574 cui
1309 1533 1427 1575 brevi
1449 1541 1555 1575 tem-

157 1603 259 1645 pore
290 1588 342 1630 ab
373 1588 475 1630 urbe
506 1588 858 1645 proficiscendum
890 1598 1024 1631 esset:
1089 1590 1346 1641 uvenatium,
1374 1598 1421 1632 ut
1451 1606 1558 1647 opus

157 1646 237 1688 sibi
272 1646 506 1703 perficeret,
540 1646 728 1687 hortatus
761 1655 834 1688 est.
898 1646 1088 1697 Interim,
1122 1646 1253 1689 dilato
1285 1647 1391 1689 forte
1425 1648 1556 1699 abitu,

158 1703 439 1761 perfectisque
467 1703 811 1745 Kennicottianis
842 1703 1032 1801 negotiis,
1063 1719 1203 1746 amore
1234 1705 1294 1746 rei
1326 1704 1492 1754 duetus,
1515 1714 1558 1748 et

158 1760 283 1803 simul
315 1761 486 1803 fortasse
520 1770 567 1802 ut
599 1770 707 1802 esset
771 1776 824 1802 uo
857 1776 995 1817 paam
1028 1761 1182 1803 faceret
1217 1776 1260 1803 se
1296 1762 1558 1805 honestiores

158 1833 300 1875 quam,
318 1834 423 1875 quas
443 1819 521 1860 sibi
545 1818 670 1860 tribui
692 1833 745 1860 au
780 1819 922 1868 iverat,
941 1819 1120 1884 operarii
1141 1828 1280 1875 partes
1296 1819 1556 1870 sustinuisse,

157 1875 285 1918 rediit
316 1876 370 1918 ad
402 1891 520 1933 opus,
552 1891 638 1918 non
671 1891 805 1933 pauca
837 1876 1014 1926 addidit,
1049 1876 1256 1933 quaedam
1289 1877 1554 1927 emendavit;

157 1933 313 1975 deinde
345 1934 389 1975 in
419 1934 596 1990 patriam
628 1933 775 1983 redux,
798 1949 852 1975 ex
882 1933 960 1975 hae
993 1933 1280 1975 emendatiore
1314 1935 1556 1977 recensione

155 1991 439 2048 fragmentum
471 1990 707 2047 evulgavit3
741 1991 898 2041 audito,
936 1991 1098 2032 Romae
1133 1991 1176 2031 id
1212 1991 1375 2033 editum
1411 1996 1553 2035 esse43.

157 2047 403 2090 Iuvenatius
436 2057 591 2098 autem,
614 2048 733 2089 cuius
766 2048 973 2090 industria
1005 2048 1287 2090 eruditionem
1320 2058 1364 2090 et
1396 2050 1555 2106 ingenii

155 2105 408 2162 elegantiam
430 2121 516 2148 non
538 2106 758 2162 aequabat,
779 2106 904 2147 taedii
922 2105 1095 2162 plenum
1112 2121 1218 2162 opus
1235 2121 1321 2148 non
1338 2122 1556 2163 aggressus

156 2172 246 2213 est3
279 2179 332 2205 ex
363 2163 612 2205 eruditionis
643 2163 764 2220 copia
794 2163 1144 2205 commentarium
1173 2163 1427 2207 concinnare
1456 2181 1557 2207 eon-

157 2230 323 2264 tentus:
347 2230 473 2278 atque
495 2221 594 2263 hinc
616 2221 688 2263 illa
708 2232 854 2263 exorta
869 2231 931 2263 est
952 2221 1063 2263 inter
1084 2230 1306 2278 utramque
1323 2222 1556 2264 editionem

157 2278 448 2336 discrepantia,
472 2294 546 2336 per
567 2279 731 2329 multas,
754 2294 862 2335 quae
884 2287 1051 2321 secutae
1073 2288 1184 2329 sunt,
1208 2289 1447 2337 propagata.

216 2336 310 2393 Ego
326 2352 424 2378 vero
441 2337 527 2393 qui,
546 2352 678 2402 quum
695 2337 885 2378 codicem
902 2336 1152 2386 evolverem,
1171 2337 1275 2378 haec
1298 2337 1555 2394 ignorabam,

157 2403 201 2436 et
219 2394 288 2436 cui
316 2409 404 2435 nun
439 2409 535 2436 uam
566 2410 607 2436 in
639 2404 825 2436 mentem
847 2403 1021 2436 venerat
1040 2394 1093 2436 dc
1118 2394 1337 2436 Romanae
1359 2395 1557 2438 editionis

157 2451 396 2509 integritate
409 2409 626 2502 cdubitare,
649 2468 756 2509 quae
780 2467 855 2509 per
876 2452 1171 2509 repetitionem
1197 2452 1490 2495 Ernestianam
1513 2454 1556 2495 in

159 2508 391 2552 Germania
410 2509 637 2551 admodum
661 2510 830 2567 vulgata
851 2519 926 2560 est,
950 2518 1067 2552 tanto
1096 2510 1326 2567 impensius
1354 2511 1397 2552 in
1427 2527 1557 2568 expe-

157 2565 324 2609 diendis
357 2567 438 2608 illis
471 2568 659 2624 partibus
691 2567 913 2617 elaboravi,
936 2583 1040 2624 quas
1073 2566 1318 2610 Iuvenatius
1350 2584 1426 2625 pro
1457 2584 1557 2611 con-

201 2727 240 2756 42
266 2719 359 2751 Haec
397 2721 629 2751 confirmantur
666 2721 715 2757 iis,
747 2732 830 2760 quae
876 2720 1121 2753 cf.Cancellcrii
1137 2721 1277 2751 Praefat.
1294 2732 1323 2761 p.
1346 2731 1391 2753 10.
1405 2722 1456 2752 ed.
1471 2722 1557 2761 Lips.

158 2770 254 2800 supra
270 2766 336 2793 not.
354 2775 382 2799 4.
400 2773 438 2793 cx
460 2763 587 2794 Brunsii
608 2763 707 2794 literis
722 2765 762 2794 iul
780 2774 831 2794 me
921 2773 959 2802 43
989 2764 1062 2795 Vid.
1087 2774 1183 2803 quae,
1205 2769 1239 2794 ut
1256 2764 1430 2795 editionem
1457 2765 1556 2794 Ham-

159 2803 243 2833 datin
271 2804 426 2845 excerpsi.
472 2806 535 2836 Sed
571 2806 760 2836 Iuvenatius
792 2816 832 2837 ne
879 2807 1069 2846 burgensem
1090 2807 1239 2837 Romana
1259 2811 1290 2837 et
1314 2806 1509 2846 perfectione
1526 2812 1555 2836 et

160 2844 344 2876 inchoatum
376 2847 505 2886 quidem
544 2847 625 2878 illud
663 2848 832 2888 fragmenti
879 2853 1025 2888 tempore
1044 2849 1180 2888 priorem
1196 2859 1263 2879 esse
1276 2850 1557 2885 docerem,contru

158 2888 379 2928 apographum
411 2899 460 2925 ea,
485 2900 548 2929 qun
577 2900 634 2929 par
660 2895 739 2925 erat,
763 2890 834 2921 dili·
881 2891 990 2921 monui
1009 2891 1040 2922 in
1062 2891 1198 2922 Elem-h.
1219 2890 1556 2929 cdd.frngm.1.ixiuni

159 2930 266 2969 gentiu
278 2930 307 2960 in
322 2941 395 2961 suos
406 2942 481 2962 usus
491 2933 686 2964 convertisse
699 2933 832 2963 videtur.
882 2943 911 2972 p.
925 2932 975 2971 67.
