1888 3194
514 155 933 198 EDITIONUM
976 155 1167 198 L1V11.
1459 162 1542 202 447

328 247 379 289 In
403 247 488 288 fine
519 246 646 287 huius
675 245 885 296 editionis,
907 260 993 301 qua
1021 260 1075 287 ex
1105 245 1395 287 munificentia
1421 246 1546 289 Illus-

269 304 437 347 trissimi
459 303 623 345 Lovelii
644 318 744 344 usus
765 318 870 353 sum,
893 303 997 344 haec
1025 303 1203 358 ascripta
1224 302 1389 344 inveni:
1426 309 1438 328 ‘
1455 304 1544 345 Titi

268 367 281 386 ‘
299 361 411 404 Livii
433 360 626 402 Patavini
656 360 842 401 historici
872 359 1040 401 illustris
1061 359 1231 401 decadis
1252 369 1424 415 quartae
1450 361 1544 402 libri

269 419 462 468 ‘finiunt,
486 433 591 474 quos
623 417 811 459 Michae‘l
839 417 1109 458 Manzolinus
1138 417 1378 458 Parmensis
1399 417 1544 467 ductu,

267 476 496 532 ‘impensa,
519 475 745 531 solertique
774 474 994 531 diligentia
1020 475 1256 516 viventibus
1284 474 1544 530 posteriSque

268 533 479 589 ‘imprimi
530 533 689 574 curavit
739 547 851 573 anno
904 531 1048 573 salutis
1098 532 1543 574 M.CCCC.LXXX.

268 590 430 647 ‘pridie
455 590 667 632 Calcndas
695 589 986 631 Novembres.’
1047 589 1200 638 Locus,
1231 588 1303 629 ubi
1331 587 1438 629 liber
1467 588 1546 629 im-

265 663 430 705 pressus
457 656 531 698 est,
554 663 641 689 non
669 647 851 689 additur.
915 646 1067 688 Monet
1095 655 1235 688 autem
1258 645 1473 687 Maittaire
1501 646 1547 687 in

264 705 424 747 Annal.
442 705 713 762 Typograph.
734 713 834 746 tom.
855 703 932 745 IV.
952 719 993 759 p.
1011 707 1110 745 406.
1129 703 1281 745 librum
1298 704 1545 759 impressum

265 763 439 819 quidem
470 778 558 804 esse
591 778 615 804 a
645 762 907 820 typographo
936 761 1166 810 Parmensi,
1195 776 1281 802 non
1313 770 1466 811 tamen,
1499 770 1546 802 ut

267 820 444 863 Orland.
474 835 515 876 p.
544 824 638 861 148.
669 820 856 877 putabat,
884 819 1061 860 Parmae
1078 835 1088 868 3
1127 827 1248 874 putat
1277 826 1418 859 autem
1449 833 1547 859 eum

267 877 493 934 deceptum
527 893 614 919 esse
649 892 673 918 a
708 877 909 918 Cornelio
943 876 1206 932 Bcughemio
1242 890 1283 931 p.
1316 878 1384 916 85.
1420 890 1547 931 quem

265 935 430 991 saepius
470 934 705 976 describere
746 934 863 976 solet.
929 933 1093 975 Eodem
1127 948 1264 974 errore
1306 947 1384 989 ego
1420 933 1548 974 etiam

267 993 424 1047 ubique
458 991 567 1033 hanc
598 992 827 1033 editionem
861 991 905 1031 in
940 991 1051 1032 notis
1084 991 1356 1032 Parmensem
1390 990 1546 1039 vocavi,

296 1063 485 1104 erperam
539 1048 593 1090 ad
647 1048 691 1089 id
745 1048 956 1097 inductus,
1008 1047 1124 1103 quod
1179 1047 1448 1088 Manzolinus
1504 1062 1547 1088 se

265 1064 538 1147 Parmensem
599 1105 766 1146 dixerit.
850 1104 1010 1146 Verum
1070 1113 1216 1159 postea
1271 1120 1324 1145 ex
1377 1104 1547 1146 Clariss.

267 1163 482 1205 Maittaire
531 1161 688 1203 Annal.
733 1161 1005 1218 Typograph.
1057 1169 1158 1202 tom.
1206 1160 1241 1202 I.
1294 1176 1335 1216 p.
1389 1165 1458 1202 84.
1507 1169 1550 1202 et

267 1228 368 1262 tom.
411 1219 490 1262 IV.
532 1235 573 1277 p.
617 1223 715 1261 235.
762 1219 905 1268 didici,
949 1217 1209 1260 Michaelem
1254 1217 1548 1259 Manzolinum

266 1277 538 1319 Parmensem
586 1276 905 1334 typographiam
951 1275 1130 1317 Tarvisii
1176 1275 1424 1325 exercuisse,
1470 1275 1549 1315 ibi-

266 1334 450 1390 demque
502 1335 554 1376 ab
606 1349 718 1375 anno
771 1333 1226 1376 MCCCCLXXVII.
1280 1332 1334 1374 ad
1389 1347 1548 1373 annum

270 1392 318 1434 M
324 1392 703 1434 CCCCLXXXI.
721 1391 856 1433 varios
872 1390 998 1432 libros
1014 1389 1211 1432 emisisse.
1264 1389 1404 1438 Quam
1422 1389 1550 1445 igitur

267 1450 313 1490 in
328 1449 439 1490 notis
454 1449 686 1491 editionem
700 1448 971 1490 Parmenscm
984 1447 1142 1497 vocavi,
1158 1447 1198 1489 T
1200 1447 1379 1489 arvisina
1393 1447 1546 1503 prima;

269 1521 395 1562 quam
425 1521 523 1548 vero
555 1506 595 1547 T
597 1506 819 1547 arvisinam
849 1505 1028 1561 primam
1061 1514 1103 1546 et
1133 1504 1375 1554 secundam,
1399 1504 1548 1545 Tarvi-

269 1563 360 1604 sina
389 1563 573 1605 secunda
603 1572 647 1604 ct
704 1572 822 1604 uarta
846 1563 1051 1604 dicendae
1083 1571 1213 1604 erant.
1276 1561 1548 1603 Parmensem

270 1629 411 1662 tamen
433 1620 663 1662 editionem
673 1579 810 1661 (huius
835 1620 935 1661 anni
957 1619 1367 1662 MCCCCLXXX.
1391 1634 1415 1659 a
1436 1618 1549 1660 Mel-

270 1678 411 1719 chiore
437 1677 587 1720 Suessa
616 1691 812 1719 excusam
844 1687 1048 1718 memorat
1075 1676 1289 1718 Fabricius
1317 1676 1361 1716 in
1388 1675 1549 1718 Biblio-

270 1734 393 1776 theca
413 1735 661 1787 Latina21ib.
686 1734 718 1776 I.
743 1749 830 1790 cap.
858 1735 936 1776 XI.
965 1742 1139 1775 testatus
1166 1749 1208 1774 se
1238 1733 1328 1774 eius
1355 1733 1548 1774 notitiam

269 1808 323 1834 ex
370 1792 633 1848 Beughemio
678 1791 899 1848 accepisse.
965 1790 1050 1832 Sed
1099 1805 1328 1847 perperam.
1394 1789 1550 1831 Nullus

270 1850 384 1891 enim
418 1849 630 1891 Melchior
665 1848 813 1890 Suessa
846 1849 930 1889 sive
967 1848 1087 1889 Sessa
1122 1848 1232 1889 inter
1269 1847 1549 1904 typographos

270 1907 411 1948 seculo
462 1908 564 1949 XV.
609 1907 693 1947 sive
741 1921 851 1947 anno
904 1906 1110 1947 MXXI).
1159 1914 1430 1955 memoratur,
1475 1905 1548 1946 sed

271 1964 442 2006 demum
494 1964 674 2005 occurrit
727 1978 838 2004 anno
890 1963 1120 2004 MDVIII.
1173 1963 1246 2017 qui
1302 1962 1380 2003 sibi
1437 1977 1549 2003 anno

272 2021 528 2063 MDXVII.
566 2021 724 2062 socium
762 2019 936 2061 adscivit
972 2019 1146 2060 Petrum
1181 2019 1234 2060 de
1274 2019 1470 2069 Ravanis,
1507 2028 1550 2060 ct

268 2093 365 2120 cum
406 2093 456 2119 eo
491 2077 661 2119 Livium
697 2092 808 2119 anno
846 2077 1054 2118 MDXX.
1092 2075 1284 2118 Venetiis
1316 2075 1462 2126 edidit,
1503 2086 1550 2118 ut

270 2136 442 2176 inferius
463 2151 538 2177 suo
560 2135 650 2177 loco
672 2134 902 2176 videndum
924 2133 1013 2174 erit.

157 2197 279 2236 1481.
313 2192 497 2243 Parisiis,
520 2193 561 2234 in
585 2193 718 2234 forma
738 2192 905 2234 maiore.

330 2249 455 2292 Hane
509 2250 738 2292 editionem
794 2257 997 2290 memorat
1048 2247 1264 2290 Maittaire
1320 2247 1549 2290 Annalium

270 2307 456 2364 Typogr.
481 2318 579 2350 tom.
604 2307 657 2349 V.
681 2315 784 2364 part.
809 2306 866 2349 II.
920 2338 929 2347 .
953 2308 1049 2348 532.

158 2369 279 2408 1482.
314 2365 493 2406 'l'arvisii
512 2381 589 2422 per
611 2364 842 2407 Iohannem
905 2363 1133 2412 erecllium,
1157 2363 1201 2403 in
1223 2362 1355 2404 forma
1374 2363 1534 2404 maiori.

330 2422 403 2463 Ad
438 2422 593 2464 calcem
631 2422 756 2464 huius
791 2421 988 2463 editionis
1023 2420 1245 2476 sequentia
1284 2419 1447 2462 adiecta
1487 2420 1550 2460 in-

270 2480 419 2522 venio:
455 2485 467 2503 ‘
485 2479 575 2521 Has
600 2479 689 2521 Titi
713 2479 823 2521 Livii
845 2478 1038 2527 decadas,
1064 2493 1089 2519 a
1117 2477 1236 2518 Luca
1264 2477 1396 2518 Porro
1424 2491 1549 2532 quarn

270 2543 281 2561 ‘
298 2537 614 2593 diligentissime
632 2537 879 2593 recognitas,
895 2535 935 2577 T
937 2535 1074 2576 arvisii
1092 2534 1304 2576 Iohannes
1318 2533 1551 2576 Vercellius

271 2595 508 2651 ‘impressit
537 2595 668 2636 Anno
707 2593 853 2635 salutis
881 2592 1102 2634 millesimo
1135 2591 1551 2648 quadringentesimo

272 2651 557 2708 ‘octogesimo
599 2651 812 2693 secundo.'
875 2650 998 2692 Hanc
1040 2649 1270 2691 editionem
1308 2649 1464 2704 ubique
1508 2648 1550 2688 in

271 2709 381 2749 notis
421 2709 683 2750 Tarvisinam
730 2709 906 2765 primam
953 2722 1172 2763 perperam
1218 2706 1374 2755 vocavi,
1419 2719 1551 2761 quum

271 2765 311 2805 T
313 2766 491 2807 arvisina
525 2766 711 2807 secunda
745 2764 925 2807 dicenda
961 2765 1116 2807 fuisset.
1180 2763 1307 2813 Vide,
1345 2778 1454 2819 quac
1498 2761 1550 2802 de

271 2821 456 2864 editione
480 2822 758 2878 praecedente
779 2823 893 2864 dicta
913 2831 1023 2863 sunt.
