1888 3194
499 420 578 483 T.
638 418 916 483 LIVII
979 419 1503 486 PATAVINI

628 704 637 709 .
700 624 1042 678 LIBER
1107 624 1298 679 XLII.

103 1007 148 1039 U.
166 1008 203 1039 C·
227 1016 296 1050 579-
313 986 413 1087 I]
473 976 835 1021 POSTUMIUS
877 977 1165 1028 ALBINUS,
1203 976 1265 1019 M.
1290 977 1495 1035 Popillius
1534 977 1698 1021 Laenas

101 1052 143 1082 A.
167 1052 204 1082 C.
230 1059 297 1091 ¹73·
503 1051 634 1093 quum
665 1037 853 1077 omnium
883 1036 1066 1092 primum
1094 1035 1147 1077 de
1177 1035 1402 1092 provinciis
1426 1037 1700 1078 exercitibus-

101 1093 182 1166 {gif
185 1099 268 1167 03¹1·
311 1110 392 1152 que
424 1094 477 1136 ad
507 1104 699 1136 senatum
729 1093 980 1144 retulissent,
1003 1093 1182 1149 Ligures
1203 1094 1371 1149 utrique
1393 1093 1549 1136 decreti
1571 1103 1695 1136 sunt:

170 1160 179 1173 ‚
236 1161 243 1168 .

103 1179 245 1219 Popillio
310 1162 358 1194 ut
377 1167 504 1194 novas
521 1153 656 1202 ambo,
671 1153 823 1208 quibus
839 1167 930 1193 eam
950 1151 1209 1208 provinciam
1230 1152 1480 1202 obtinerent,
1497 1151 1697 1208 legiones,

102 1222 192 1254 Coss.
311 1211 453 1267 (binae
487 1210 660 1267 singulis
693 1209 906 1265 decretae)
937 1219 979 1251 et
1009 1210 1169 1251 socium
1200 1209 1343 1251 Latini
1375 1209 1557 1251 nominis
1589 1210 1700 1252 dena

101 1264 298 1299 Provinciae.
310 1268 440 1310 millia
469 1269 660 1326 peditum
682 1277 725 1310 et
745 1283 945 1309 sexcenos
973 1268 1149 1324 equites,
1172 1277 1215 1309 et
1235 1267 1575 1324 supplementum
1597 1267 1696 1309 His·
1714 1289 1728 1310 1

310 1327 458 1383 paniae
491 1327 569 1368 tria
598 1326 729 1367 millia
757 1325 949 1382 peditum
976 1325 1265 1367 Romanorum
1295 1325 1535 1375 scriberent,
1558 1334 1601 1367 et
1621 1325 1700 1367 du-

311 1393 455 1426 centos
476 1384 649 1441 equites.
695 1384 768 1426 Ad
789 1384 868 1425 hoc
891 1383 1003 1424 mille
1026 1393 1068 1424 et
1088 1384 1309 1440 quingenti
1329 1383 1493 1440 pedites
1514 1383 1700 1425 Romani

310 1458 406 1484 cum
428 1452 597 1484 centum
621 1442 833 1498 equitibus
853 1441 977 1482 scribi
1004 1441 1116 1491 iussi,
1139 1457 1235 1482 cum
1256 1442 1408 1498 quibus
1428 1452 1606 1498 praetor,
1629 1441 1699 1482 cui

314 1500 507 1542 Sardinia
527 1500 753 1555 obtigisset,
775 1500 820 1540 in
843 1499 1058 1542 Corsicam
1087 1508 1362 1555 transgressus
1391 1499 1550 1541 bellum
1579 1514 1700 1555 gere-

310 1567 395 1600 ret:
431 1558 600 1599 interim
617 1557 682 1599 M.
696 1557 867 1607 Atilius,
884 1565 1003 1598 vetus
1018 1566 1197 1613 praetor,
1215 1557 1474 1613 provinciam
1490 1557 1700 1598 obtineret

314 1615 561 1658 Sardiniam.
623 1615 841 1657 Praetores
874 1614 1029 1656 deinde
1060 1615 1294 1670 provincias
1326 1615 1460 1656 sortiti
1492 1622 1603 1665 sunt,
1640 1614 1696 1656 A.

310 1673 469 1716 Atilius
491 1674 690 1715 Serranus
711 1674 926 1723 urbanam,
952 1671 1002 1714 C.
1022 1672 1199 1713 Cluvius
1223 1672 1378 1714 Saxula
1397 1673 1508 1715 inter
1526 1673 1637 1714 cives
1657 1681 1701 1714 et

310 1732 564 1788 peregrinos,
587 1731 642 1772 N.
659 1731 811 1772 Fabius
829 1730 966 1772 Buteo
985 1729 1235 1786 Hispaniam
1256 1730 1505 1781 citeriorem,
1523 1729 1586 1772 M.
1603 1730 1700 1772 Ma-

311 1789 448 1830 tienus
478 1789 730 1839 ulteriorem,
764 1788 826 1830 M.
852 1788 1000 1829 Furius
1031 1787 1245 1844 Crassipes
1275 1788 1472 1839 Siciliam,
1502 1787 1552 1830 C.
1575 1788 1700 1830 Cice-

310 1848 420 1888 reius
445 1847 690 1889 Sardiniam.
753 1846 1004 1902 Priusquam
1032 1846 1295 1901 magistratus
1323 1846 1698 1902 proficiscerentur,

311 1905 473 1946 senatui
498 1904 667 1961 placuit,
691 1904 740 1945 L.
760 1904 1025 1945 Postumium
1056 1903 1271 1944 consulem
1301 1903 1354 1944 ad
1384 1919 1530 1960 agrum
1559 1903 1699 1960 publi-

311 1978 407 2003 cum
438 1978 463 2002 a
491 1962 651 2018 privato
677 1961 990 2002 terminandum
1011 1961 1056 2000 in
1080 1960 1357 2016 Campaniam
1377 1962 1436 2003 ire
1450 1977 1461 2010 3
1494 1961 1612 2003 cuius
1632 1961 1698 2002 in-

310 2028 480 2076 gentem
516 2019 689 2060 modum
723 2018 934 2075 possidere
970 2018 1164 2074 privatos,
1196 2018 1410 2074 paullatim
1446 2019 1697 2075 proferendo

311 2078 428 2127 fines,
461 2077 687 2118 constabat.
751 2075 847 2126 Hic,
876 2076 1004 2116 iratus
1025 2075 1320 2125 Praenestinis,
1344 2077 1470 2132 quod,
1493 2092 1625 2133 quum
1646 2093 1697 2120 eo

311 2135 495 2191 privatus
524 2134 714 2175 sacrificii
743 2134 788 2174 in
818 2133 974 2189 templo
996 2133 1206 2175 Fortunae
1233 2133 1419 2175 faciundi
1450 2150 1572 2176 causa
1600 2149 1698 2192 pro-

311 2194 444 2234 fectus
472 2200 590 2242 esset,
616 2191 722 2232 nihil
751 2191 796 2232 in
826 2206 869 2232 se
900 2191 1142 2241 honorifice,
1174 2207 1312 2248 neque
1344 2191 1524 2248 publice,
1556 2208 1696 2249 neque

311 2250 517 2306 privatim,
538 2250 694 2291 factum
716 2265 740 2290 a
760 2249 1044 2290 Praenestinis
1068 2257 1188 2298 esset,
1209 2249 1449 2306 priusquam
1481 2251 1532 2292 ab
1558 2250 1698 2294 Roma

312 2308 655 2364 proficisceretur,
686 2307 825 2348 literas
854 2306 1081 2348 Praeneste
1107 2307 1232 2357 misit,
1254 2315 1301 2348 ut
1328 2308 1405 2349 sibi
1433 2308 1697 2365 magistratus

311 2366 475 2407 obviam
514 2366 660 2415 exiret,
701 2365 839 2406 locum
879 2364 1045 2420 publice
1086 2373 1260 2420 pararet,
1302 2365 1359 2406 ibi
1394 2366 1694 2418 deverteretur,

103 2440 271 2481 Magistra·
311 2424 596 2480 iumentaque,
619 2438 751 2479 quum
772 2423 906 2463 exiret
924 2421 1037 2472 inde,
1058 2431 1223 2478 praesto
1244 2432 1392 2465 essent.
1443 2425 1560 2466 Ante
1580 2425 1695 2467 hunc

102 2488 195 2533 tuum
204 2481 525 2523 Rom-consulem
550 2496 674 2522 nemo
696 2495 883 2536 unquam
904 2480 1024 2521 sociis
1044 2480 1089 2520 in
1110 2479 1194 2521 ulla
1214 2495 1256 2521 re
1279 2482 1396 2523 oneri
1417 2491 1491 2524 aut·
1509 2483 1696 2540 sumptui

102 2538 208 2601 Ξζὲῗέ
222 2537 288 2558 ¹¹³⁰·
310 2540 400 2581 fuit.
462 2539 566 2580 Ideo
594 2538 854 2594 magistratus
884 2537 1008 2578 mulis
1035 2538 1393 2595 tabernaculisque
1415 2549 1458 2582 et
1478 2541 1593 2581 omni
1613 2540 1696 2583 alio

206 2595 213 2601 ⁵
309 2598 588 2639 instrumento
619 2596 788 2636 militari
819 2596 1085 2645 ornabantur,
1114 2611 1167 2636 ne
1196 2596 1299 2652 quid
1329 2597 1410 2638 tale
1441 2598 1695 2654 imperarent

310 2655 441 2697 sociis.
502 2654 670 2695 Privata
696 2653 878 2709 hospitia
898 2653 1130 2702 habebant3
1164 2669 1213 2694 ea
1233 2654 1413 2711 benigne
1435 2656 1694 2712 comiterque

309 2713 526 2755 colebant:
566 2712 797 2767 domusque
835 2725 979 2752 eorum
1014 2710 1175 2752 Romae
1212 2711 1444 2768 hospitibus
1479 2714 1692 2770 patebant,

309 2771 422 2828 apud
451 2785 556 2826 quos
587 2769 687 2825 ipsis
718 2769 879 2810 deverti
914 2783 1003 2809 mos
1038 2777 1155 2809 esset.
1218 2769 1381 2825 Legati,
1413 2771 1486 2827 qui
1519 2780 1692 2827 repente

359 2901 371 2921 1
402 2893 448 2922 Et
484 2891 737 2931 supplementum
770 2888 972 2928 Hispaniae]
1021 2887 1109 2918 Solet
1136 2888 1215 2919 alias
1238 2893 1346 2920 noster
1367 2891 1399 2920 in
1424 2892 1622 2931 Hispaniam
1647 2890 1692 2922 di-

309 2935 349 2966 Iu
381 2944 454 2965 casu
486 2934 590 2965 tertio.
629 2934 667 2964 cf.
695 2942 779 2972 supr.
807 2931 894 2963 xxvi.
926 2940 974 2963 11.
1020 2941 1100 2962 cere.
