1888 3194
166 282 210 314 U.
226 281 264 313 O.
287 282 360 321 582.

375 181 454 219 106
888 175 1036 218 ΤΙΤΙ
1073 174 1254 217 LIVII

374 274 385 293 ⁶
400 283 553 325 neque,
574 268 610 309 si
630 268 713 309 sint
731 267 852 317 faeta,
873 267 1061 323 probare.
1126 265 1210 307 Sed
1229 264 1388 306 indicta
1414 277 1537 304 causa
1566 261 1755 319 damnari

165 326 205 356 A.
228 325 266 357 G.
291 331 360 363 170·
374 331 386 350 ⁶
402 327 617 368 absentem
648 325 907 367 consularem
928 325 1076 374 virum,
1098 323 1299 364 iniurium
1327 336 1427 371 esse,
1450 335 1581 376 quum
1610 320 1646 361 is
1674 319 1756 362 rei-

179 1890 355 1930 Templum

181 1933 280 1964 Urbis
296 1934 360 1964 Ro-

179 1986 262 2007 niae.

375 389 388 408 ⁶
402 383 594 441 publicae
616 398 739 424 causa
759 382 876 424 absit.
930 381 1017 423 Ubi
1038 397 1091 422 ex
1113 380 1366 422 Macedonia
1384 378 1559 420 redisset
1580 378 1630 420 C.
1651 377 1757 418 Cas-

376 447 389 466 ⁶
404 442 500 492 sius,
523 450 625 490 tum,
649 441 683 481 si
704 455 842 482 coram
863 454 961 481 eum
982 453 1154 495 arguere
1175 438 1343 487 vellent,
1366 435 1532 493 cognita
1560 450 1604 476 re
1635 449 1756 476 sena-

378 506 390 524 ⁶
405 508 495 540 tum
516 499 709 540 daturum
732 512 913 554 operam,
936 497 998 538 uti
1019 496 1215 537 satisfiat.’
1275 494 1368 536 Nec
1398 491 1640 550 responderi
1664 500 1757 533 tan-

378 566 468 598 tum
498 556 547 597 iis
576 556 784 611 gentibus,
807 555 880 596 sed
900 554 1058 610 legatos
1079 553 1201 603 mitti,
1224 552 1328 594 duos
1349 551 1403 593 ad
1422 550 1613 607 regulum
1643 557 1757 590 trans

379 614 523 670 Alpes,
546 622 628 654 tres
650 613 758 654 circa
778 628 848 653 eos
878 611 1054 669 populos
1084 610 1253 667 placuit,
1276 610 1349 665 qui
1379 609 1625 658 indicarent,
1647 621 1755 663 quae

378 671 553 713 Patrum
587 670 795 712 sententia
829 678 947 710 esset.
1020 668 1204 709 Munera
1237 667 1346 708 mitti
1380 666 1526 723 legatis
1561 680 1615 706 ex
1648 663 1790 711 binis7

378 728 562 770 millibus
587 728 690 769 aeris
715 734 979 768 censuerunt.
1041 725 1220 766 Duobus
1250 724 1442 765 fratribus
1471 722 1624 779 regulis
1653 722 1757 763 haec

379 785 615 843 praecipua,
649 793 817 840 torques
848 783 933 824 duo
965 798 1018 824 ex
1050 782 1237 838 quinque
1273 781 1414 837 pondo
1447 781 1536 821 auri
1568 779 1679 829 facti,
1716 786 1759 820 et

379 858 476 884 vasa
505 849 701 898 argentea
721 841 909 897 quinque
931 855 985 881 ex
1008 839 1157 896 viginti
1186 838 1341 895 pondo,
1362 847 1405 879 et
1425 837 1509 878 duo
1530 836 1629 892 equi
1655 836 1759 892 pha-

379 900 499 941 lerati
520 914 616 940 cum
647 898 906 955 agasonibus,
930 907 972 938 et
992 896 1200 953 equestria
1221 911 1333 937 arma
1358 911 1404 937 ac
1432 893 1595 950 sagula3
1628 902 1670 936 et
1690 908 1760 935 co-

380 957 551 998 mitibus
572 971 717 997 eorum
738 955 997 1005 vestimenta,
1020 954 1159 996 liberis
1186 954 1407 1009 servisque.
1470 952 1590 993 Haec
1611 951 1757 993 missa:

380 1014 452 1055 illa
471 1014 710 1071 petentibus
731 1013 839 1063 data,
861 1022 909 1054 ut
929 1012 1134 1053 denorum
1155 1026 1358 1068 equorum
1387 1011 1437 1052 iis
1464 1009 1761 1057 commercium

382 1080 504 1121 esset,
527 1071 819 1127 educendique
850 1085 903 1111 ex
934 1069 1055 1111 Italia
1084 1077 1263 1126 potestas
1292 1069 1422 1110 fieret.
1484 1067 1634 1123 Legati
1663 1080 1760 1108 cum

386 1129 520 1170 Gallis
541 1129 653 1170 missi
677 1137 786 1170 trans
807 1128 952 1184 Alpes,
974 1127 1024 1168 C.
1041 1127 1222 1177 Laelius,
1246 1126 1308 1167 M.
1325 1125 1532 1167 Aemilius
1547 1124 1758 1180 Lepidus:

383 1187 436 1228 ad
453 1197 611 1228 ceteros
626 1186 802 1242 populos
817 1187 865 1229 C.
885 1185 1077 1235 Sicinius,
1094 1185 1141 1226 P.
1156 1183 1377 1226 Cornelius
1391 1183 1542 1232 Blasio,
1559 1182 1609 1223 T.
1621 1181 1762 1223 Mem-

384 1260 504 1285 mlus.

443 1301 675 1342 Multarum
699 1301 822 1342 simul
839 1300 1039 1342 Graeciae
1056 1300 1264 1356 Asiaeque
1281 1298 1511 1340 civitatium
1531 1296 1657 1354 legati
1675 1295 1764 1337 Ro-

385 1374 496 1400 mam
537 1368 834 1400 convenerunt.
911 1358 1043 1399 Primi
1077 1358 1359 1399 Athenienses
1398 1355 1637 1397 introducti.
1710 1353 1762 1404 Ii,

387 1423 399 1441 ⁶
415 1417 482 1466 Se,
505 1416 620 1472 quod
650 1417 817 1457 navium
848 1416 1069 1457 habuerint
1098 1415 1376 1471 militumque,
1404 1414 1452 1455 P.
1469 1413 1634 1454 Licinio
1664 1427 1765 1454 con-

388 1480 399 1498 ⁶
412 1474 491 1516 suli
511 1483 553 1515 et
577 1474 627 1515 C.
644 1474 842 1515 Lucretio
862 1474 1044 1530 praetori
1074 1473 1248 1514 misisse>
1268 1479 1563 1528 exposuerunt,
1587 1469 1764 1526 ‘quibus

388 1538 400 1556 ‘
412 1547 482 1574 eos
502 1547 589 1573 non
605 1546 699 1573 usos
715 1531 914 1572 frumenti
931 1531 1007 1572 sibi
1024 1539 1193 1572 centum
1214 1529 1344 1570 millia
1362 1529 1608 1586 imperasse:
1635 1526 1763 1583 quod,
1775 1535 1796 1566 8

388 1595 654 1646 ‘quanquam
676 1589 857 1630 sterilem
885 1596 1036 1630 terram
1062 1596 1193 1637 arent,
1214 1588 1407 1643 ipsosque
1431 1586 1556 1627 etiam
1586 1592 1766 1641 agrestes

388 1647 634 1703 ‘peregrino
665 1646 874 1687 frumento
909 1645 1080 1696 alerent,
1115 1653 1267 1695 tamen,
1300 1660 1354 1685 ne
1390 1643 1582 1685 deessent
1616 1641 1765 1692 officio,

389 1704 662 1753 ‘confecisse3
695 1712 737 1745 et
763 1703 853 1753 alia,
882 1718 987 1760 quae
1019 1703 1335 1759 imperarentur,
1366 1709 1573 1758 praestare
1603 1707 1768 1756 paratos

389 1768 401 1786 ⁶
413 1762 527 1803 esse.’
587 1761 758 1810 Milesii,
780 1760 886 1802 nihil
915 1761 1165 1817 praestitisse
1197 1768 1485 1809 memorantes,
1508 1758 1541 1799 si
1562 1757 1665 1814 quid
1688 1757 1768 1798 im-

387 1834 531 1876 perare
563 1819 616 1859 ad
635 1818 791 1860 bellum
813 1828 981 1860 senatus
1001 1818 1138 1869 vellet,
1160 1826 1367 1874 praestare
1398 1832 1440 1858 se
1471 1824 1635 1872 paratos
1665 1829 1766 1864 esse,

387 1876 563 1934 polliciti
583 1885 691 1917 sunt.
749 1876 1065 1918 Alabandenses
1086 1875 1290 1931 templum
1312 1874 1439 1915 Urbis
1461 1873 1622 1914 Romae
1643 1887 1686 1913 se
1706 1872 1768 1912 fe-

389 1935 490 1976 cisse
527 1941 969 1983 commemoraverunt,
1006 1933 1210 1988 ludosque
1244 1930 1542 1972 anniversarios
1577 1929 1616 1970 ei
1647 1929 1767 1970 divae

388 1991 639 2033 instituisse:
673 1999 715 2031 et
736 2005 931 2031 coronam
952 2005 1117 2030 auream
1139 1988 1443 2045 quinquaginta
1465 1986 1620 2042 pondo,
1642 2001 1768 2042 quam

389 2050 435 2090 in
459 2047 669 2103 Capitolio
698 2055 916 2103 ponerent,
939 2047 1097 2088 donum
1119 2046 1209 2087 Iovi
1233 2045 1405 2102 Optimo
1427 2044 1630 2095 Maximo,
1659 2051 1770 2085 attu-

390 2106 497 2154 lisse,
527 2113 569 2145 et
598 2113 714 2145 scuta
743 2104 951 2160 equestria
981 2112 1187 2152 trecentag
1223 2118 1283 2153 ea,
1306 2103 1374 2144 cui
1394 2102 1619 2152 iussissent,
1641 2101 1770 2143 tradi-

392 2171 516 2204 turos.
579 2161 751 2202 Donum
774 2162 885 2202 utin
910 2160 1120 2217 Capitolio
1150 2176 1318 2216 ponere,
1340 2169 1383 2201 et
1411 2160 1639 2201 sacrificare
1669 2159 1770 2200 lice-

392 2229 467 2269 ret,
491 2219 699 2275 petebant.
762 2218 858 2259 Hoc
879 2227 921 2260 et
942 2218 1230 2275 Lampsaceni,
1254 2218 1464 2274 octoginta
1490 2216 1632 2274 pondo
1653 2231 1770 2259 coro-

393 2292 491 2318 nam
521 2277 752 2326 afferentes,
778 2277 988 2332 petebant,
1011 2285 1395 2325 commemorantes,
1419 2281 1431 2299 ⁶
1447 2275 1695 2316 Discessisse
1725 2289 1769 2316 se

395 2340 446 2375 ‘a
465 2334 631 2384 Perseo,
663 2343 882 2390 postquam
915 2333 1131 2375 Romanus
1161 2334 1367 2375 exercitus
1397 2333 1442 2374 in
1474 2331 1770 2374 Macedoniam

396 2398 407 2416 ⁶
422 2392 613 2440 venisset,
637 2406 767 2446 quum
798 2391 873 2431 sub
905 2390 1063 2432 ditione
1086 2391 1242 2440 Persei,
1265 2400 1307 2432 et
1336 2399 1432 2432 ante
1453 2389 1642 2447 Philippi
1670 2389 1771 2431 fuis-

396 2455 522 2490 ⁶sent.
591 2449 674 2489 Pro
710 2463 772 2497 eo,
804 2457 847 2489 et
879 2448 992 2504 quod
1031 2448 1346 2504 imperatoribus
1387 2448 1592 2490 Romanis
1631 2446 1772 2488 omnia

396 2513 406 2530 ⁶
423 2506 735 2562 praestitissent,
758 2505 802 2546 id
823 2521 864 2546 se
888 2515 1050 2546 tantum
1073 2521 1201 2555 orare,
1224 2515 1271 2546 ut
1298 2506 1342 2546 in
1372 2505 1596 2546 amicitiam
1625 2504 1771 2561 populi

397 2570 409 2587 ⁶
426 2563 608 2604 Romani
635 2563 940 2619 reciperentur:
977 2572 1030 2612 et,
1053 2563 1086 2603 si
1111 2578 1192 2619 pax
1213 2578 1309 2604 cum
1332 2563 1484 2604 Perseo
1504 2562 1636 2612 fieret,
1658 2562 1772 2603 exci-

396 2627 632 2676 ⁶perentur,
663 2635 716 2661 ne
748 2621 792 2660 in
821 2621 977 2676 regiam
1007 2629 1253 2676 potestatem
1285 2620 1546 2661 1·eciderent.’
1607 2619 1772 2661 Ceteris

395 2678 539 2734 legatis
567 2678 741 2719 comiter
770 2693 1011 2733 responsum
1026 2693 1035 2727 3
1070 2677 1376 2733 Lampsacenos
1400 2678 1445 2718 in
1465 2677 1671 2718 sociorum
1690 2676 1773 2717 for-

442 2810 457 2840 7
480 2803 535 2831 Em
557 2802 639 2831 binis
662 2801 799 2830 millibus
822 2799 922 2839 acris]
955 2801 1062 2835 Asses,
1107 2810 1192 2839 supr.
1211 2799 1278 2830 xlii.
1299 2809 1344 2840 19.
1366 2798 1421 2830 ubi
1443 2809 1527 2830 asses
1549 2798 1775 2839 intelligendos

397 2845 450 2883 qui
471 2844 533 2874 iam
557 2844 597 2873 ad
622 2843 816 2873 semunciam
840 2843 921 2873 acris
943 2843 1062 2873 redacti
1106 2852 1173 2873 csse
1188 2842 1297 2872 addita
1314 2852 1374 2872 vox
1389 2853 1511 2873 summa
1530 2842 1671 2873 iudicare
1687 2842 1772 2873 vide-

397 2890 498 2923 crant,
527 2896 589 2916 uon
619 2887 718 2916 millia
748 2886 851 2924 pondo
886 2887 981 2923 acris,
1010 2885 1062 2915 hic
1107 2890 1167 2915 tur.

396 2928 532 2969 intelligi
564 2932 667 2960 censet
697 2927 987 2958 Drakenborchius.
1023 2928 1061 2959 cf.
1149 2929 1168 2957 8
1192 2927 1326 2958 Centum
1343 2929 1458 2966 millia]
1485 2938 1526 2959 sc.
1541 2927 1737 2960 Modiorum.
