1888 3194
923 206 1214 245 INDEX.

423 286 487 315 stat
511 283 622 314 consul
646 283 684 315 P.
701 281 823 314 Decius
847 283 878 321 8,
904 292 933 325 9.
970 283 1048 321 telo,

424 337 518 366 super
541 327 626 366 quod
656 330 742 356 stans
765 327 875 356 consul
901 330 1048 366 precatus

425 374 484 407 est,
498 369 622 399 hostem
639 368 744 408 potiri,
759 368 806 399 fas
822 379 885 399 non
902 372 948 399 est
967 379 1014 400 10.

382 412 495 443 Tellus
511 412 584 443 Dea
602 421 650 449 10,
666 412 714 442 28.
739 410 805 442 eius
820 412 915 442 aedes
931 421 959 449 2,
975 421 1025 449 41.

382 455 456 486 Sex.
483 454 689 495 Tempanius,
726 454 854 484 decurio
891 454 1046 493 equitum,

424 497 514 528 iubet
534 497 657 536 equites
672 507 712 527 ex
732 497 822 536 equis
840 497 976 533 desilire,
992 496 1046 535 qui

425 550 564 580 pugnam
577 539 749 570 restituunt
761 552 792 578 4,
804 540 853 578 38.
878 550 896 569 a
906 540 943 570 C.
953 538 1048 569 Iunio

424 583 496 613 trib.
509 583 719 622 interrogatur
729 582 768 612 de
785 582 972 621 Sempronio
985 591 1047 611 cos.

426 635 477 663 40.
502 625 570 656 eius
586 625 725 664 prudens
744 624 907 663 responsio
923 633 971 662 41.
996 624 1049 652 ab-

425 678 496 698 sens
505 671 630 698 creatur
641 667 711 697 trib.
723 667 767 705 pl.
778 675 828 704 42.
852 676 924 696 011111
938 666 1050 695 eodem

426 710 615 749 Sempronio
644 719 677 738 se
705 712 826 738 vestem
851 711 1051 738 mutaturum

426 753 604 792 profitetur,
619 750 695 781 ibid.

384 793 535 825 Temenis
550 797 642 833 porta
656 792 790 823 Tarenti
806 801 856 833 25,
873 802 902 834 9.

385 837 510 876 Tempe
526 835 713 867 Thessalica
729 844 780 874 32,
799 843 846 874 15.
874 844 925 874 33,
946 844 994 872 10,
1014 843 1049 873 13

406 882 459 909 'et
475 887 524 918 35.
553 877 605 918 36,
624 888 671 909 10.
699 887 751 919 39,
767 888 816 916 24.
840 888 892 916 42,
912 885 961 917 54.
985 877 1053 908 eius

426 922 489 952 loci
505 920 674 960 descriptio
690 932 742 959 44,
757 919 787 951 6.

384 964 574 1004 Tempestas
593 964 687 994 foeda
707 963 854 1003 prohibet
876 966 1050 993 castrorum

425 1007 590 1038 hostilium
625 1005 898 1046 oppugnationem
934 1015 963 1042 2,
999 1004 1050 1037 62.

425 1049 574 1089 prohibet
588 1048 861 1089 oppugnationem
883 1048 969 1079 urbis
985 1048 1050 1079 Ro-

425 1102 498 1123 mae
520 1091 571 1130 26,
594 1101 640 1124 11.
675 1091 780 1122 obruit
802 1091 975 1122 Bastarnas
996 1100 1048 1130 40,

425 1135 475 1174 58.
498 1134 609 1165 multis
629 1134 725 1165 sacris
744 1133 948 1174 profanisque
970 1133 1049 1164 locis

424 1181 559 1217 stragem
575 1177 651 1208 facit
668 1186 695 1208 2.
719 1180 902 1217 praetorum
918 1176 1049 1207 comitia

425 1220 546 1251 dirimit
562 1228 611 1262 59.

383 1263 560 1303 Templum
589 1262 729 1302 primum
758 1272 778 1293 a
804 1261 947 1293 Romulo
978 1260 1048 1292 Iovi

423 1306 568 1337 Feretrio
590 1305 775 1336 dedicatum
803 1314 830 1342 1,
856 1314 902 1336 10
930 1305 1048 1335 Aescu-

424 1348 502 1388 lapii
538 1356 590 1387 45,
626 1348 674 1379 28.
712 1347 874 1387 Apollinis
909 1355 960 1386 35,
999 1355 1048 1385 51.

424 1391 588 1431 Apollinis
612 1390 778 1430 Zerynthii
806 1390 857 1428 38,
885 1400 934 1428 41.
973 1389 1048 1420 Bel-

423 1433 518 1464 lonae
546 1443 594 1472 10,
621 1442 668 1474 19.
699 1432 895 1463 Bendidium
920 1433 971 1471 38,
998 1441 1048 1470 41.

425 1475 565 1507 Castoris
584 1486 614 1517 9,
633 1484 682 1514 43.
707 1475 832 1506 Cereris
852 1483 1051 1513 31,14.40,

426 1528 454 1550 2.
477 1518 676 1550 Concordiae
692 1527 723 1559 9,
739 1516 788 1555 46.
813 1517 940 1548 Dianae
960 1527 986 1555 1,
1000 1526 1050 1556 45.

424 1568 543 1600 31,17.
569 1559 619 1600 36,
637 1570 685 1590 22.
710 1569 761 1598 40,
778 1567 827 1599 52
851 1567 903 1599 45,
917 1567 966 1598 27.
990 1560 1050 1590 Fe-

423 1603 531 1634 ioniae
549 1602 598 1641 26,
616 1612 661 1634 11.
685 1602 848 1633 Fortunae
862 1612 912 1640 24,
925 1609 974 1641 47.
999 1612 1051 1641 42,

428 1656 453 1678 1.
478 1647 640 1677 Fortunae
660 1645 825 1676 muliebris
847 1654 876 1682 2,
893 1654 942 1683 40.
968 1645 1050 1675 Her-

423 1689 504 1720 culis
531 1688 580 1726 26,
609 1698 656 1719 10.
690 1696 742 1727 31,
768 1698 817 1727 24.
848 1688 991 1718 Honoris
1017 1692 1049 1718 et

424 1731 563 1762 Virtutis
577 1739 627 1771 27,
645 1739 693 1770 25.
719 1730 805 1762 Iovis
821 1730 934 1761 Acraei
951 1730 1004 1769 38,
1021 1740 1048 1761 2.

424 1775 512 1806 Iovis
535 1773 711 1814 Capitolini
740 1784 767 1812 1,
794 1774 834 1813 38
859 1777 890 1803 et
918 1780 967 1812 55.
998 1783 1050 1811 41,

425 1826 474 1857 25.
499 1817 586 1848 Iovis
604 1816 740 1847 Feretrii
764 1826 791 1853 1,
816 1825 862 1847 10.
891 1826 921 1853 4,
940 1824 989 1854 32.
1016 1815 1049 1846 111

422 1860 506 1891 illud
525 1859 629 1899 spolia
647 1859 756 1899 opima
771 1839 874 1896 111313,
888 1858 965 1889 ibid.
990 1858 1034 1889 N
1025 1869 1049 1888 1

423 1903 491 1934 caei
510 1912 562 1942 43,
579 1911 628 1941 23.
655 1902 741 1933 10115
763 1900 908 1941 Olympii
931 1911 981 1940 24,
1000 1911 1049 1933 21.

423 1955 476 1984 41,
499 1953 547 1984 25.
573 1944 660 1976 Iovis
681 1944 795 1984 optimi
817 1943 951 1974 maximi
977 1952 1005 1984 7,
1021 1953 1049 1982 3.

425 1988 512 2019 Iovis
538 1987 671 2019 Statoris
704 1997 730 2025 1,
760 1996 807 2018 12.
849 1996 897 2024 10,
921 1985 972 2025 36,
1000 1994 1049 2025 37.

425 2031 512 2061 10115
527 2029 705 2070 Trophonii
718 2038 769 2070 45,
784 2038 832 2069 27.
858 2029 945 2060 10115
962 2029 1050 2060 Vici-

423 2073 481 2104 lini
505 2083 555 2112 24,
579 2084 629 2112 44.
661 2072 797 2104 Iunonis
824 2072 975 2103 Laciniae
1000 2081 1050 2110 23,

425 2125 474 2155 23.
507 2125 557 2155 24,
581 2125 609 2154 3.
639 2116 689 2153 28,
712 2114 762 2153 46.
791 2125 842 2155 3ο,
868 2125 917 2146 2ο.
945 2124 997 2153 42,
1020 2123 1048 2162 3.

425 2159 560 2189 Iunonis
585 2158 729 2198 Reginae
753 2168 805 2196 40,
830 2166 879 2197 52.
915 2158 1050 2188 Iunonis

424 2201 570 2241 Sospitae
586 2210 703 2240 31,12.
728 2201 878 2232 Matutae
892 2200 1003 2230 matris
1018 2209 1048 2239 5,

427 2254 464 2285 19
484 2248 516 2274 et
537 2253 585 2282 23.
610 2242 640 2281 6,
661 2252 711 2282 33.
737 2253 787 2281 24,
808 2251 858 2282 47.
882 2243 1049 2273 Minervae

426 2294 454 2326 7,
472 2295 500 2325 3.
523 2296 652 2316 aereum
666 2294 717 2325 35,
729 2284 778 2323 36.
803 2285 969 2316 Minerxae
983 2285 1048 2315 Ito-

423 2329 496 2359 niae
534 2327 584 2366 36,
620 2337 668 2359 20.
712 2327 860 2365 Nortiae,
892 2327 1048 2357 Etruscae

425 2371 551 2401 Deae
538 2388 564 2408 7,
582 2380 609 2409 3.
634 2369 815 2400 Pudicitiae
835 2378 882 2406 10,
900 2377 948 2407 23.
973 2368 1050 2407 Spei

425 2423 456 2450 2,
478 2420 526 2451 51.
553 2421 602 2449 24,
623 2419 673 2450 47.
700 2412 859 2450 templum
881 2420 975 2441 nemo
996 2411 1049 2440 de-

425 2455 531 2486 dicare
546 2458 663 2494 potest,
677 2453 737 2484 nisi
754 2453 862 2483 consul
878 2457 934 2483 aut
948 2453 1048 2492 impe·

426 2502 511 2528 rator
540 2507 570 2538 9,
594 2495 644 2534 46.
675 2496 798 2535 templa
824 2495 887 2526 suis
911 2495 1050 2526 crinibus

425 2544 544 2570 matres
562 2539 595 2569 in
617 2539 707 2569 luctu
722 2542 754 2569 et
772 2542 862 2568 metu
882 2539 1049 2568 verrebant

427 2592 458 2622 3,
485 2590 511 2622 7.
545 2581 618 2613 Diis
640 2581 673 2612 in
698 2581 767 2621 ipso
792 2580 972 2611 discrimine
997 2591 1048 2611 vo-

427 2625 522 2656 vendi
551 2634 620 2655 mos
650 2634 698 2661 10,
728 2633 778 2662 42.
817 2622 936 2661 Deum,
967 2633 1049 2662 quae

426 2667 639 2699 Athenienses
654 2666 795 2706 pagatim
813 2666 985 2703 habebant,
1002 2666 1047 2696 di-

425 2710 474 2741 rui
496 2714 593 2750 atque
616 2708 744 2739 incendi
765 2707 854 2738 iubet
878 2708 1049 2748 Philippus

426 2762 478 2792 31,
495 2751 544 2784 26.
569 2751 701 2783 Graecis
721 2751 810 2791 asyla
831 2760 881 2799 35,
898 2759 947 2790 51.
969 2756 1049 2781 tem-

428 2796 483 2836 pla
505 2796 568 2825 duo
591 2794 623 2824 in
646 2795 721 2824 orbe
743 2794 1051 2829 sanctissi1n·1.Del-

429 2838 502 2878 phis
518 2841 549 2868 et
565 2837 792 2868 Samothracae
807 2845 858 2876 45,
872 2847 899 2876 5.
923 2836 1052 2876 templis

428 2880 603 2920 insignibus
631 2879 728 2910 etiam
759 2878 867 2918 aliqua
895 2879 1049 2910 miracula

428 2923 624 2963 affinguntur
659 2932 709 2960 24,
738 2930 767 2962 3.
807 2931 857 2963 29,
887 2922 905 2952 8
936 2926 968 2953 et
1003 2922 1049 2953 18.

1134 281 1255 321 Deum,
1271 282 1357 313 Alba
1371 280 1486 319 diruta,
1499 283 1714 320 temperatum
1730 288 1758 318 1,

1135 335 1152 356 2
1178 350 1184 357 .

1091 336 1233 408 Το11ῗρ53
1264 377 1315 407 34,
1341 377 1393 407 45.
1428 367 1606 406 Tempsam
1632 363 1759 396 colonia

1135 411 1251 442 civium
1269 412 1364 442 Rom.
1382 411 1531 447 deducta,
1546 409 1622 439 ibid.

1090 454 1293 494 Tempsanus
1318 463 1392 493 ager
1417 453 1457 483 de
1487 451 1623 483 Bruttiis
1646 452 1759 490 captus

1134 505 1185 535 34,
1202 504 1251 535 45·

1092 538 1328 578 Tempyrorum
1344 537 1508 577 angustiae
1524 537 1576 576 38,
1591 546 1642 575 41.

1092 580 1258 618 Tendeba,
1275 589 1326 619 33,
1346 581 1392 611 18.

1095 623 1246 653 Tenedus
1262 631 1314 660 31,
1333 621 1380 653 16.
1404 633 1456 661 44,
1474 621 1523 653 28.

1095 665 1221 695 Tensae
1237 672 1266 703 5,
1282 674 1332 703 41.
1356 674 1386 705 9,
1403 674 1453 702 40.

1096 707 1217 745 Tenus,
1232 707 1338 737 insula
1353 710 1386 737 et
1400 707 1475 737 urbs
1492 705 1544 745 36,
1561 715 1610 737 21.

1095 750 1132 781 C.
1146 749 1343 780 Terentilius
1359 749 1449 797 Arsa,
1463 749 1536 781 trib.
1557 749 1602 789 pl.
1623 748 1759 779 absenti-

1136 793 1195 822 bus
1216 792 1428 823 consulibus
1419 802 1451 822 1n
1475 791 1640 822 consulare
1658 790 1759 831 impe-

1135 835 1218 865 rium
1237 835 1325 875 apud
1346 835 1474 875 plebem
1497 833 1659 865 invehitur
1683 842 1714 873 3,
1729 843 1758 874 9.

1136 877 1239 917 legem
1264 878 1457 917 promulgat,
1479 880 1517 907 ut
1538 876 1680 925 quinque
1701 875 1760 906 viri

1137 924 1285 950 creentur
1299 919 1423 960 legibus
1439 920 1478 950 de
1498 919 1633 960 imperio
1649 928 1760 949 consu-

1136 963 1194 993 lari
1210 963 1394 1001 scribendis,
1408 963 1484 993 ibid.

1095 1005 1271 1036 Terentina
1285 1005 1386 1036 tribus
1401 1005 1510 1036 addita
1529 1014 1578 1041 10,
1593 1014 1622 1046 9.

1094 1049 1133 1079 A.
1147 1048 1317 1079 Terentius
1333 1049 1448 1086 Varro,
1459 1048 1501 1078 ad
1516 1047 1761 1078 custodiendum

1133 1090 1195 1121 iter
1224 1091 1401 1131 legatorum
1428 1091 1618 1122 Aetolorum
1646 1089 1761 1120 missus

1134 1141 1174 1172 3
1161 1152 1186 1173 7,
1202 1143 1251 1175 49.
1277 1137 1400 1164 creatur
1415 1137 1543 1182 praetor
1558 1142 1610 1174 39,
1626 1141 1675 1172 32.
1698 1142 1760 1163 sor-

1134 1176 1213 1207 titur
1229 1176 1424 1216 Hispaniam
1438 1175 1616 1207 citeriorem
1627 1175 1677 1214 38.
1693 1174 1762 1205 eius

1133 1229 1183 1250 res
1202 1222 1310 1259 gestae
1335 1229 1372 1257 41
1395 1222 1427 1249 et
1448 1217 1498 1258 56.
1521 1218 1583 1249 vid.
1604 1221 1637 1249 et
1656 1226 1748 1257 40,2
1752 1240 1759 1248 .

1134 1272 1232 1292 013115
1246 1262 1358 1292 urbem
1373 1261 1548 1301 ingreditur
1565 1259 1612 1292 16.

1092 1304 1131 1334 A.
1146 1304 1317 1335 Terentius
1339 1304 1453 1342 Varro,
1469 1304 1593 1344 legatus
1612 1303 1654 1333 ad
1673 1302 1761 1333 Gen-

1134 1347 1227 1385 tium,
1250 1347 1436 1387 Illyriorum
1458 1356 1565 1386 regem
1585 1355 1638 1385 42,
1655 1344 1704 1377 26.
1726 1345 1761 1376 111

1135 1389 1364 1420 Macedoniam
1380 1396 1432 1428 45,
1451 1396 1498 1428 17.

1093 1431 1131 1462 C.
1145 1431 1315 1462 Terentius
1331 1432 1446 1469 Varro,
1460 1429 1576 1461 humili
1591 1433 1624 1461 et
1635 1429 1762 1461 sordido

1137 1474 1208 1505 loco
1218 1478 1323 1512 natus,
1333 1484 1441 1505 suasor
1452 1473 1530 1514 legis
1541 1473 1582 1504 de
1593 1473 1762 1512 aequando

1136 1517 1277 1557 magistri
1294 1516 1439 1556 equitum
1454 1520 1487 1547 et
1505 1516 1668 1547 dictatoris
1681 1515 1762 1554 iure,

1137 1564 1262 1590 creatur
1278 1569 1339 1591 cos.
1358 1569 1408 1597 22,
1422 1566 1458 1598 25
1472 1562 1505 1590 et
1520 1566 1571 1598 35.
1594 1558 1763 1590 conciones

1136 1603 1256 1633 multas
1270 1613 1308 1633 ac
1324 1602 1444 1633 feroces
1459 1602 1558 1632 habet
1573 1601 1624 1640 38.
1647 1600 1715 1632 eius
1729 1604 1762 1632 et

1137 1645 1269 1676 Aemilii
1285 1645 1428 1685 collegae
1448 1644 1606 1675 discordia
1625 1653 1761 1683 41—44.

1137 1688 1261 1728 signum
1278 1698 1403 1728 pugnae
1419 1688 1460 1718 ad
1472 1688 1601 1719 Cannas
1612 1686 1763 1727 proponit

1135 1739 1185 1769 45.
1205 1731 1285 1771 fugit
1297 1730 1474 1761 Venusiam
1487 1740 1538 1771 49.
1560 1730 1598 1761 C.
1610 1729 1762 1760 Terentio

1136 1773 1284 1811 Varroni,
1296 1773 1442 1804 redeunti
1452 1783 1471 1804 a
1483 1773 1576 1803 clade
1588 1771 1762 1810 Cannensi,

1136 1816 1262 1847 obviam
1278 1816 1359 1846 itum
1379 1817 1419 1846 ab
1436 1815 1584 1846 omnibus
1599 1814 1763 1845 ordinibus

1135 1858 1185 1890 61.
1209 1859 1276 1889 eius
1286 1859 1327 1889 ad
1339 1859 1459 1899 legatos
1469 1859 1653 1898 Campanos
1662 1857 1762 1888 oratio

1138 1912 1155 1932 2
1161 1911 1189 1941 3,
1221 1910 1248 1941 5.
1287 1901 1457 1941 Ρ1000115111
1483 1901 1612 1932 iubetur
1641 1900 1762 1931 Piceno

1136 1954 1211 1984 agro
1221 1944 1379 1984 praesidio
1392 1954 1459 1975 esse
1472 1952 1522 1982 32.
1545 1943 1574 1974 01
1583 1953 1642 1983 per
1652 1953 1763 1974 omnes

1136 1997 1237 2017 annos
1252 1991 1325 2027 post
1340 1987 1446 2027 fugam
1463 1987 1504 2017 ab
1520 1986 1642 2018 Cannis
1655 1995 1762 2026 proro-

1135 2034 1245 2069 gatum
1261 2029 1431 2069 imperium
1456 2037 1508 2069 25,
1523 2027 1552 2060 6.
1576 2031 1763 2068 propraetor

1136 2073 1168 2103 in
1181 2072 1342 2103 Etruriam
1354 2071 1494 2102 mittitur
1506 2079 1556 2111 27,
1566 2080 1583 2110 3
1587 2079 1615 2110 5.
1638 2071 1762 2110 legatus

1135 2115 1275 2145 mittitur
1294 2116 1335 2146 ad
1361 2114 1553 2154 Philippum
1573 2122 1625 2152 30,
1645 2111 1694 2144 26.
1717 2113 1761 2143 10-

1134 2162 1226 2197 gatus
1249 2157 1282 2187 in
1307 2157 1449 2188 Africam
1471 2156 1611 2186 mittitur
1635 2164 1687 2194 31,
1713 2165 1760 2186 11.

1135 2200 1280 2230 triumvir
1308 2203 1431 2230 creatur
1465 2199 1506 2229 ad
1544 2199 1760 2237 supplendum

1137 2241 1312 2273 Venusinis
1326 2242 1512 2271 colonorum
1527 2251 1696 2271 numerum
1709 2250 1761 2281 49.

1093 2285 1130 2316 C.
1144 2284 1315 2314 Terentius
1331 2284 1414 2314 Istra
1430 2286 1556 2314 creatur
1567 2287 1695 2322 praetor
1709 2292 1762 2325 39,

1134 2325 1184 2365 56.
1218 2325 1346 2356 sortitur
1372 2325 1550 2357 Sardiniam
1577 2335 1629 2364 40,
1655 2335 1681 2356 1.
1707 2326 1763 2356 tri-

1135 2368 1239 2399 umvir
1255 2368 1399 2399 coloniae
1416 2368 1585 2399 Graviscas
1602 2368 1760 2400 deducen-

1136 2411 1196 2442 dae
1213 2421 1262 2452 29.

1094 2453 1131 2485 L.
1145 2453 1326 2492 Terentius,
1349 2455 1472 2494 legatus
1497 2454 1540 2484 ad.
1562 2452 1759 2484 Antiochum

1134 2496 1246 2527 missus
1262 2506 1313 2535 33,
1331 2504 1379 2536 35.

1094 2539 1131 2570 L.
1145 2539 1314 2570 Terentius
1330 2539 1521 2576 Massiliota,
1533 2537 1645 2568 aedilis
1656 2537 1760 2577 plebis

1136 2590 1187 2620 δῖ’
1204 2590 1253 2620 50·

1093 2624 1131 2655 L.
1145 2623 1314 2654 Terentius
1329 2623 1508 2654 Massiliota
1529 2625 1653 2653 creatur
1670 2633 1758 2663 prae-

1131 2670 1182 2696 tor
1191 2669 1223 2697 et
1233 2666 1361 2697 sortitur
1370 2665 1550 2697 Sardiniam
1562 2665 1614 2704 38,
1624 2675 1674 2704 42.
1686 2665 1758 2698 trib.

1133 2709 1227 2739 milit.
1245 2719 1297 2746 40,
1314 2717 1363 2747 35.

1094 2752 1132 2783 Ρ.
1146 2751 1315 2782 Terentius
1331 2750 1572 2789 Tuscivicanus,
1587 2751 1711 2791 legatus
1724 2749 1758 2781 in

1139 2794 1306 2824 Illvricum
1323 2801 1439 2833 45,17.

1097 2837 1140 2873 Q.
1153 2836 1333 2873 Terentius,
1350 2836 1473 2876 legatus
1490 2845 1539 2874 21,
1554 2834 1605 2875 63.

1094 2880 1137 2916 Q.
1155 2878 1324 2909 Terentius
1348 2879 1476 2917 Culleo,
1505 2883 1641 2916 senator,
1670 2878 1758 2918 apud

1136 2921 1414 2962 Carthaginienses
1430 2921 1536 2962 captis
1538 2931 1586 2960 us,
1601 2919 1758 2952 Romanis
