1888 3194
404 170 1102 216 MANUSCRIPTORUM
1146 169 1336 211 LIVII.
1485 175 1568 213 423

172 277 333 305 errores
356 263 598 305 commissos
622 276 726 311 esse,
752 276 892 310 nemo,
919 261 1058 309 crede,
1080 260 1262 316 negabit.
1327 259 1392 300 Eo
1421 261 1567 311 refero,

172 321 286 376 quod
310 321 353 361 in
375 319 465 361 cod.
493 319 610 360 Med.
635 319 702 360 lib.
729 318 761 359 I.
785 333 862 374 pro
894 319 937 359 V.
967 319 1015 359 C.
1045 318 1210 374 legatur
1236 332 1336 358 vero
1366 325 1409 357 et
1435 318 1564 371 Gym-

171 379 324 419 naclais
354 392 430 432 pro
453 377 723 432 Symmaeleis
753 375 822 417 lib.
854 374 911 416 II.
952 376 1016 417 VI
1020 376 1058 417 C'
1080 390 1156 431 pro
1195 374 1239 415 V.
1261 374 1306 415 C.
1337 372 1409 415 lib.
1439 371 1564 415 VIII.

181 435 260 476 VE
281 436 321 475 C
345 448 421 490 pro
453 434 569 475 1.(1.
598 442 641 474 et
677 434 814 475 Term.
837 448 914 489 pro
937 433 1078 474 Ηεηη.
1144 430 1346 473 Similiter
1377 430 1492 486 quod
1523 431 1566 470 in

172 490 294 532 Leid.
313 491 406 532 cod.
425 490 496 531 lib.
517 490 575 532 II.
606 491 675 532 CI
677 491 716 532 C
731 490 895 546 legatur
914 504 990 546 pro
1017 490 1060 531 V.
1086 490 1134 531 C.
1157 488 1229 529 lib.
1245 486 1301 529 V.
1326 489 1568 529 Dexterum

171 562 247 604 pro
266 548 436 590 Dexter
462 549 506 589 V.
527 550 574 589 C.
596 547 668 590 lib.
687 547 787 588 VII.
822 548 947 589 VOC
958 562 1034 603 pro
1061 547 1104 588 V.
1126 547 1172 588 C.
1193 545 1237 585 in
1254 544 1408 601 quibus
1424 559 1570 585 omnes

170 604 275 646 mihi
302 604 423 646 facile
453 604 702 646 adsensuros
729 605 951 654 existin103
985 603 1059 645 sed
1090 602 1266 644 ulterius
1291 601 1568 658 pergendum,

170 671 213 703 et
249 662 406 704 codicis
439 661 561 704 Leid.
597 662 670 703 lib.
694 661 773 704 VI.
801 663 1035 711 Fae-ianus,
1068 676 1115 702 ac
1147 659 1337 701 Medicei
1368 659 1438 700 lib.
1464 657 1566 700 VII.

170 719 331 762 Liviari
350 720 394 760 in
415 721 654 762 Flavianas
675 719 925 761 mutandum
948 719 1136 768 arbitror,
1161 727 1207 759 ut
1226 716 1382 758 codicis
1403 715 1571 757 Liviani

171 777 419 818 emendator
432 777 724 819 Nicomachus
738 779 976 818 Flavianus
991 777 1166 818 Dexter
1178 783 1364 815 vocetur.
1399 772 1570 815 Deinde

171 834 328 876 codicis
360 834 547 876 Medicei
580 834 650 875 lib.
676 833 754 876 VI.
789 835 884 876 III.
918 833 990 875 lib.
1022 832 1124 875 VII.
1155 840 1221 874 ter
1248 832 1320 872 lib.
1346 830 1472 872 VIII.
1505 838 1572 872 ter

174 893 324 948 Praef.
348 893 440 933 vrb.
464 891 621 933 codicis
643 891 764 933 Leid.
789 891 860 932 lib.
886 890 963 932 VI.
988 891 1110 932 IIII.
1135 889 1206 931 lib.
1231 888 1333 930 VII.
1358 888 1423 930 tef-
1445 888 1570 943 Pref.

172 950 263 991 urb.
289 948 603 990 emendandum
627 949 806 990 coniieio
827 949 871 988 in
895 948 989 990 itera
1014 948 1100 988 sive
1123 949 1272 988 iterum
1301 946 1451 1001 Pracff.
1476 946 1568 986 urb.

173 1005 230 1047 Et
265 1006 440 1062 quidem
476 1007 612 1062 primo
648 1006 952 1062 praefecturam
989 1005 1104 1046 urbis
1139 1003 1368 1045 obtinuisse
1405 1002 1572 1043 videtur

170 1072 445 1118 postmortem
481 1063 771 1104 Valentiniani
811 1062 868 1102 II.
908 1063 960 1103 ab
999 1061 1195 1117 Eugenio
1233 1069 1425 1117 tyranno,
1460 1074 1572 1100 anno

173 1119 477 1161 CCCXCIII.
512 1120 576 1160 vel
613 1118 914 1161 CCCXCIV.
950 1133 1078 1174 quam
1113 1118 1380 1159 Theodosius
1412 1116 1476 1158 M.
1507 1125 1573 1172 ty-

170 1191 303 1218 ranno
325 1177 492 1218 devicto
513 1186 555 1217 et
578 1177 812 1225 interfecto,
835 1176 874 1216 ei
896 1176 1046 1217 iterum
1070 1175 1236 1230 eripuit.
1288 1174 1417 1215 Certe
1440 1188 1572 1229 quum

170 1242 315 1291 postea
343 1234 394 1275 ab
418 1233 611 1275 Honorio
633 1233 875 1274 Praefectus
907 1233 1020 1274 urbis
1048 1232 1180 1281 fieret,
1199 1233 1478 1288 praestitisse
1507 1232 1572 1272 illa·

170 1292 593 1334 AJJISSIONEM
634 1290 1189 1339 PRAEFECTVRAE,
1232 1290 1348 1344 quod
1394 1289 1573 1329 mutacit

171 1356 405 1398 auctorem,
437 1357 610 1390 testatur
646 1348 885 1405 Symmach.
913 1347 982 1389 lib.
1007 1346 1108 1387 VII.
1150 1345 1228 1402 Ep.
1256 1344 1374 1386 CIV.
1407 1351 1448 1386 et
1482 1360 1572 1385 cum

171 1407 246 1448 illo
286 1407 634 1448 IIONOREM
673 1405 974 1448 AAIISSVEII
1008 1405 1239 1446 revertisse
1279 1404 1322 1443 in
1359 1403 1570 1459 gratiam,

172 1464 297 1519 eique
346 1464 512 1505 INTE
521 1464 654 1505 GRA
667 1464 749 1504 TV
747 1464 807 1504 M
841 1477 935 1504 esse
975 1462 1032 1503 H
1034 1461 1332 1510 ONOREM,
1374 1459 1445 1500 lib.
1489 1458 1566 1499 IV.

174 1519 307 1576 Epist.
326 1519 426 1561 VII.
486 1520 631 1569 Quum
654 1529 795 1561 autem
816 1527 910 1576 post
930 1527 1117 1575 ereptam
1142 1517 1450 1558 Praefecturam
1473 1515 1568 1557 aula

173 1587 216 1619 et
251 1587 481 1633 conspectu
518 1577 787 1634 Imperatoris
820 1577 1101 1625 abstinuisset,
1135 1584 1301 1615 mortuo
1334 1573 1577 1615 Theodosio

174 1635 237 1676 M.
281 1636 333 1676 ab
377 1635 569 1676 Honorio
612 1635 868 1691 Imperatore
911 1641 1106 1675 evocatus
1147 1641 1210 1673 est
1250 1632 1293 1672 in
1335 1630 1487 1679 aulam,
1530 1639 1578 1671 ut

175 1692 392 1734 Theodori
414 1692 608 1742 consulis,
632 1693 704 1748 qui
727 1691 977 1747 dignitatem
1001 1690 1113 1730 illam
1136 1705 1246 1730 anno
1271 1686 1573 1729 CCCXCIX.

174 1760 366 1805 gesturus
388 1759 488 1799 erat,
512 1750 648 1790 officio
671 1750 901 1790 interesset.
951 1747 1062 1788 Vide
1088 1746 1247 1802 Symm.
1272 1745 1341 1786 lib.
1362 1744 1414 1785 V.
1441 1744 1574 1800 Epist.

175 1805 253 1848 VI.
277 1817 318 1848 et
341 1807 409 1848 lib.
428 1807 527 1848 VII.
556 1807 634 1862 Ep.
660 1807 802 1848 XCV.
827 1806 870 1846 in
893 1821 977 1861 qua
998 1820 1040 1846 re
1058 1819 1154 1845 enm
1180 1802 1408 1844 testimonii
1432 1811 1577 1843 aucto-

174 1866 297 1907 ritate
329 1864 489 1905 adiuvit
523 1864 680 1905 Stilico.
745 1863 855 1904 Vide
889 1864 1047 1919 Symm.
1072 1861 1140 1902 lib.
1167 1860 1241 1901 IV.
1269 1859 1345 1915 Ep.
1372 1858 1423 1899 V.
1448 1874 1575 1914 quem

175 1923 289 1964 obire
324 1937 376 1962 ne
414 1921 660 1978 negligeret,
695 1921 823 1961 suasit
860 1920 938 1975 ipsi
978 1918 1255 1975 Symmachus
1288 1917 1359 1958 lib.
1388 1915 1464 1956 VI.
1495 1916 1574 1972 Ep.

176 1979 400 2021 XXXVI.
460 1979 522 2020 Ea
543 1979 760 2020 occasione
783 1986 1002 2018 revocatus
1024 1976 1335 2016 Praefecturam
1360 1974 1576 2022 urbanam,

175 2046 299 2078 antea
333 2037 411 2077 sub
449 2036 644 2091 Eugenio
681 2035 1027 2082 administratam,
1065 2033 1138 2073 sed
1176 2048 1200 2073 a
1234 2031 1476 2072 Theodosio
1514 2030 1575 2071 M.

175 2094 430 2150 ademptam,
449 2109 473 2134 a
489 2093 574 2135 filio
596 2094 685 2134 eius
704 2092 896 2133 Honorio
918 2090 1089 2146 recepit,
1110 2099 1155 2130 ut
1177 2104 1230 2130 ex
1253 2088 1432 2129 laudatis
1457 2088 1578 2143 Sym-

175 2151 314 2193 machi
347 2151 449 2193 loeis
481 2151 550 2192 lib.
586 2150 662 2191 IV.
698 2149 829 2206 Epist.
858 2148 958 2190 VII.
993 2158 1034 2189 et
1068 2147 1138 2188 lib.
1160 2146 1260 2187 VII.
1296 2145 1428 2202 Epist.
1457 2145 1575 2186 CIV.

176 2217 350 2250 constat.
415 2208 519 2249 Eam
551 2218 691 2249 autem
719 2207 877 2263 recepit
899 2221 1011 2247 anno
1033 2205 1182 2246 eodem
1207 2204 1495 2245 CCCXCIX.
1525 2202 1578 2243 ad

176 2281 304 2365 {uem
336 2266 601 2307 Praefectum
636 2265 750 2306 urbis
781 2263 907 2305 VIII.
946 2262 1011 2304 Id.
1050 2262 1141 2303 Iun.
1178 2261 1346 2302 Brixiae
1378 2260 1475 2301 data
1516 2268 1578 2300 est

207 2323 287 2364 ὀᾶ.
320 2323 483 2364 Theod.
523 2323 592 2364 lib.
632 2323 757 2364 XIV.
795 2322 855 2363 tit.
894 2321 949 2362 Χ.
986 2320 1067 2362 lex.
1104 2323 1141 2361 3,
1208 2318 1336 2359 Hunc
1374 2318 1577 2358 honorem

177 2381 303 2422 etiam
339 2396 450 2422 anno
487 2380 679 2436 sequenti
717 2378 962 2427 cotinuavit,
999 2377 1051 2418 ad
1088 2391 1215 2433 quem
1252 2376 1376 2416 missa
1416 2384 1456 2415 et
1496 2374 1574 2415 IX.

180 2438 276 2480 Kal.
311 2438 428 2480 Febr.
463 2438 623 2479 Romae
659 2437 700 2477 in
735 2437 824 2477 foro
854 2434 1089 2491 Aproniani
1125 2433 1337 2489 proposita
1371 2442 1433 2473 est
1467 2431 1574 2472 (jod.

178 2495 344 2537 Theod.
375 2495 444 2537 lib.
479 2496 606 2536 XIII.
638 2494 688 2536 tit
711 2493 762 2534 V.
795 2494 862 2534 lex
887 2496 953 2533 29.
990 2492 1158 2533 Brixiae
1191 2491 1289 2531 data
1322 2490 1448 2531 XIV.
1481 2488 1574 2529 Kal.

181 2551 294 2609 Sept.
332 2553 403 2595 lib.
439 2554 518 2594 XI.
550 2553 611 2593 tit.
644 2552 797 2592 XXX.
829 2551 896 2591 lex
926 2553 994 2591 61.
1024 2562 1066 2590 et
1102 2547 1337 2589 Mediolani
1371 2546 1468 2586 data
1500 2545 1574 2586 VI.

180 2608 243 2651 Id.
276 2609 387 2651 Nov.
419 2610 488 2651 lib.
524 2610 624 2650 XV.
659 2609 720 2649 tit.
755 2607 811 2649 II.
846 2608 927 2649 lex.
968 2611 1005 2648 9.
1073 2607 1172 2654 Quo
1209 2620 1341 2660 usqne
1375 2603 1576 2644 honorem

179 2667 412 2716 retinuerit,
443 2667 649 2708 incertum
680 2675 755 2706 cst.
821 2665 870 2706 Id
899 2673 1074 2712 constat,
1101 2662 1281 2704 Decium
1312 2661 1350 2702 ei
1381 2661 1422 2700 in
1452 2660 1578 2700 l'rae-

179 2723 339 2765 sectura
370 2724 627 2771 successisse,
664 2732 709 2763 ut
741 2722 881 2778 colligi
934 2730 1055 2762 ›otest
1091 2735 1143 2761 ex
1181 2719 1341 2775 Symm.
1378 2718 1447 2758 lib.
1475 2716 1573 2756 Vll.

180 2780 287 2835 epist
310 2781 359 2822 L.
378 2781 431 2821 ad
453 2796 580 2837 quem
607 2781 836 2821 Ravennae
855 2737 976 2819 Vlll.
1003 2778 1066 2819 Id.
1088 2777 1194 2818 Dee.
1216 2792 1327 2817 anno
1348 2773 1574 2816 CCCCII.

181 2836 279 2877 (lata
299 2838 425 2878 estin
448 2838 541 2880 cod.
565 2837 730 2878 Theod.
757 2837 826 2878 lih.
855 2835 954 2877 VII.
981 2836 1042 2876 tit.
1071 2835 1199 2876 XIII.
1223 2832 1305 2874 lex.
1335 2836 1397 2872 15.
1462 2831 1576 2871 Τειιι-

180 2892 279 2935 dem
301 2893 343 2934 in
366 2895 536 2935 nomine
563 2895 860 2942 Clementiani,
883 2909 968 2948 qno
996 2901 1115 2948 pater
1139 2889 1321 2931 Flaviani
1344 2887 1578 2944 appellatus
