1888 3194
0 2732 24 2868 ..u-1314.
0 2680 16 2709 «³
2 2650 15 2658 ι

732 183 1024 222 INDEX.

226 268 276 297 41.
299 258 443 299 acceptis
463 269 484 289 a
507 259 626 289 Perseo
650 258 762 296 literis,
780 258 851 288 illa-

225 301 379 332 crimatur
398 300 475 331 sorti
498 300 660 331 humanae
683 308 735 339 45,
753 311 782 339 4.
809 301 852 331 ad

224 353 300 374 eum
320 343 493 374 adducitur
510 342 647 373 Perseus
664 349 691 381 7.
714 342 852 383 benigne

224 385 348 425 excipit
378 385 544 423 Perseum,
572 394 712 424 eumque
745 388 853 416 tacen-

223 430 290 458 tem
313 427 491 467 alloquitur
515 428 545 458 8.
579 430 726 467 peragrat
753 427 853 458 Grae-

223 469 307 500 ciam
327 477 376 508 27.
403 469 596 510 Amphipoli
617 469 784 509 componit
804 479 854 500 res

222 511 439 542 Macedoniae
470 522 519 553 29.
561 512 729 543 succendit
765 521 856 543 arma

221 553 364 584 hostium
387 563 436 593 33.
460 554 578 585 traiicit
598 554 632 584 in
653 554 786 585 Italiam
803 563 853 593 34.

221 595 406 636 triumphus
426 596 455 627 ei
471 597 620 628 decretus
639 597 817 637 impeditur
834 607 854 628 a

221 637 290 669 Ser.
313 638 458 678 Sulpicio
489 639 608 677 Galba,
633 640 763 670 tribuno
792 639 851 670 mi-

221 679 316 711 litum
336 690 388 720 35,
405 680 454 720 36.
478 681 659 722 triumphat
674 682 715 712 de
732 682 850 713 Perseo

221 731 274 764 39,
290 733 341 761 40.
365 723 487 754 amittit
507 725 588 755 duos
608 724 692 755 filios
708 734 757 762 40.
782 724 850 755 eius

220 765 263 796 de
277 776 335 796 sua
350 766 479 797 fortuna
494 766 596 797 oratio
612 776 663 805 41.

180 807 218 840 L.
235 808 396 839 Aemilius
411 809 570 849 Regillus,
586 813 714 848 praetor
730 808 782 848 36,
798 817 848 849 45.

221 850 251 881 01
266 851 373 882 evenit
388 851 512 882 navalis
528 851 692 891 provincia
709 860 760 890 37,
777 861 806 889 2,
819 863 850 890 4,

226 902 272 931 14.
298 893 485 933 Epicratem
501 904 611 925 secum
626 894 659 924 in
676 894 787 924 Asiam
803 905 848 925 re-

221 935 322 973 ducit,
346 936 423 967 ibid.
454 937 495 967 ad
522 946 597 967 eum
622 937 850 968 caduceatores

220 978 262 1008 ab
292 977 456 1009 Antiocho
485 979 585 1016 missi,
614 979 668 1018 qui
699 979 740 1009 de
769 988 850 1018 pace

219 1024 352 1059 agerent
386 1020 432 1051 18.
469 1020 568 1051 habet
598 1020 767 1051 consilium
803 1031 849 1062 19.

221 1061 346 1092 invadit
363 1072 455 1101 agros
470 1062 624 1093 Teiorum
645 1063 694 1094 28.
718 1067 849 1094 conten-

219 1104 268 1134 dit
294 1105 336 1135 ad
360 1104 486 1135 hostem
512 1114 562 1145 29.
593 1104 691 1135 vincit
717 1105 851 1136 classem

220 1145 375 1177 Antiochi
397 1155 447 1185 30.
474 1150 642 1186 oppugnat
666 1146 851 1178 Phocaeam

221 1197 271 1228 32.
295 1188 364 1219 eius
378 1189 565 1228 triumphus
576 1189 701 1219 navalis
716 1190 766 1227 58.

178 1231 216 1262 L.
237 1231 397 1262 Aemilius
425 1231 565 1263 Scaurus
595 1231 851 1272 Hellespontum

219 1273 361 1304 mittitur
377 1281 428 1314 37,
445 1283 495 1313 31.

177 1316 281 1348 Mam.
307 1317 478 1353 Aemilius,
519 1316 667 1347 tribunus
710 1316 852 1347 militum

219 1359 380 1389 consulari
401 1363 562 1398 potestate
583 1358 685 1398 4,16.
713 1359 853 1390 dictator

218 1401 338 1432 dicitur
362 1409 408 1440 17.
441 1402 597 1432 Veientes
621 1406 653 1432 et
678 1401 791 1432 Fiden
794 1406 853 1433 ites

220 1443 343 1483 proelio
368 1435 476 1474 vincit
495 1444 543 1481 18,
570 1453 616 1485 19.
647 1443 852 1484 triumphans

220 1486 332 1516 urbem
351 1486 527 1526 ingreditur
544 1495 592 1517 20.
616 1486 733 1517 iterum
750 1486 850 1517 dicta-

220 1531 271 1558 tor
288 1537 336 1567 23.
361 1539 527 1559 censuram
544 1528 661 1559 minuit
675 1538 724 1567 24.
747 1539 768 1559 a
779 1540 850 1560 cen-

219 1570 344 1601 soribus
372 1571 456 1601 tribu
486 1575 644 1609 movetur,
673 1571 751 1603 ibid.
785 1572 850 1602 dic-

221 1616 307 1643 tator
335 1618 473 1651 creatur,
503 1614 615 1653 paullo
639 1617 715 1644 ante
745 1617 852 1645 motus

221 1655 306 1686 tribu
331 1665 380 1694 31.
409 1655 476 1686 eius
500 1655 601 1686 oratio
625 1656 667 1686 ad
692 1656 851 1696 populum

223 1706 273 1736 32.
302 1698 371 1729 eius
390 1699 431 1728 ad
455 1698 575 1728 milites
596 1698 779 1728 adhortatio
801 1707 851 1737 33.

219 1740 362 1771 Fidenas
399 1740 486 1780 capit
520 1745 554 1771 et
587 1740 766 1780 triumphat
800 1750 851 1780 34.

224 1783 336 1814 consul
354 1788 481 1813 creatur
497 1792 546 1822 53.

178 1825 238 1856 Μ’.
261 1825 420 1856 Aemilius
450 1825 681 1863 Mamercinus,
707 1825 854 1856 tribunus

221 1868 398 1898 consularis
421 1880 452 1906 4,
472 1866 523 1899 61.
550 1868 666 1898 iterum
692 1877 721 1906 5,
743 1877 767 1899 1.
792 1873 853 1899 ter-

220 1909 302 1940 tium
330 1919 376 1941 10.
408 1915 532 1949 praeest
556 1910 667 1941 castris
689 1911 731 1941 ad
755 1911 854 1942 Veios

225 1961 272 1983 12.

179 1994 228 2026 M.
246 1994 418 2031 Aemilius,
442 1994 589 2025 tribunus
612 1994 753 2025 militum
778 2006 851 2026 con-

219 2037 318 2068 sulari
336 2041 495 2077 potestate
508 2046 538 2075 5,
552 2046 602 2076 32.
627 2038 738 2068 consul
760 2047 807 2076 10,
826 2048 851 2069 1.

219 2079 253 2110 in
274 2079 382 2119 fugam
405 2080 498 2110 vertit
516 2080 659 2110 Graecos
682 2090 755 2111 cum
778 2081 850 2112 Cle-

220 2131 341 2162 onymo
363 2121 395 2153 in
420 2122 552 2154 Italiam
574 2122 728 2153 advectos
750 2123 851 2154 classe

222 2174 251 2196 2.

178 2207 227 2239 M.
246 2207 417 2245 Aemilius,
432 2212 561 2248 praetor
581 2207 710 2240 Siciliae
733 2217 783 2245 21,
800 2218 850 2249 49.

223 2258 275 2288 22,
285 2260 316 2292 9.
332 2254 418 2281 creat
431 2251 618 2282 duumviros
631 2260 681 2287 22,
694 2259 744 2289 33.
761 2261 850 2290 prae-

221 2295 272 2323 tor
292 2293 478 2333 peregrinus
499 2303 550 2332 24,
567 2305 617 2333 44.
641 2294 784 2324 urbanus
801 2302 851 2330 22,

221 2343 253 2375 9,
270 2343 318 2374 33-
344 2343 395 2374 ²72
412 2345 461 2375 33·
748 2377 755 2384 ,

179 2377 228 2408 Μ.
245 2377 415 2415 Aemilius,
440 2378 538 2409 frater
569 2378 606 2409 L.
623 2378 756 2409 Aemilii
787 2378 852 2410 Re-

187 2416 196 2421 ’
220 2419 302 2460 gilli,
320 2419 484 2459 praetoris,
500 2419 628 2451 decedit
644 2428 695 2459 37,
713 2430 762 2452 22.

180 2462 227 2494 M.
242 2462 373 2493 Aemilii
392 2462 520 2502 Lepidi,
537 2462 585 2493 bis
600 2462 741 2493 consulis
754 2466 853 2502 atque

221 2505 362 2545 auguris,
376 2509 440 2535 tres
456 2505 513 2535 filii
533 2504 569 2535 L.
586 2504 632 2535 M.
650 2508 682 2535 et
699 2505 743 2541 Q.
760 2505 854 2535 ludos

221 2547 373 2578 funebres
386 2547 466 2587 patri
484 2552 515 2578 et
531 2547 744 2586 gladiatorum
764 2546 853 2587 paria

221 2589 286 2620 duo
307 2593 339 2620 et
357 2589 467 2629 viginti
490 2600 546 2630 per
566 2589 708 2620 triduum
731 2589 763 2620 in
783 2590 853 2620 foro

221 2632 301 2662 dant
319 2640 369 2670 23,
385 2640 436 2670 30.

180 2673 228 2705 M.
253 2674 425 2711 Aemilius,
455 2674 503 2707 M.
530 2674 646 2715 Lepidi
678 2673 775 2713 filius,
801 2674 853 2705 tri-

223 2716 328 2747 bunus
343 2717 483 2747 militum
503 2725 554 2756 37,
570 2726 621 2757 43.

182 2757 230 2789 Μ.
255 2759 415 2790 Aemilius
446 2759 590 2800 Lepidus
620 2758 774 2800 patricius
806 2768 855 2798 22,

184 2841 231 2873 M.
249 2842 407 2874 Aemilius
428 2843 582 2884 Lepidus,
598 2844 713 2875 aedilis
733 2843 854 2875 curulis

227 2892 278 2922 24,
304 2894 355 2924 43.
388 2890 526 2924 praetor,
552 2886 682 2918 sortitur
712 2886 853 2918 iurisdic-

938 257 1062 289 tionem
1088 258 1172 289 iuter
1201 259 1287 290 011·οε
1315 266 1347 290 et
1378 263 1571 302 peregrinos,

938 300 1015 331 ibid.
1039 300 1202 331 decemvir
1215 311 1377 332 sacrorum
1396 303 1446 340 26,
1463 313 1512 343 23.

896 342 945 373 Μ.
959 342 1121 373 Aemilius
1137 343 1281 382 Lepidus
1296 344 1422 383 legatus
1435 347 1476 377 ad
1493 346 1570 378 Pto-

939 385 1103 415 lemaeum
1120 393 1172 424 31,
1186 394 1214 416 2.
1237 385 1387 416 ferociter
1401 397 1474 417 curn
1493 389 1569 419 Phi-

939 426 1032 467 lippo
1060 427 1128 466 agit
1158 427 1204 458 18.
1240 428 1387 467 pontifex
1413 430 1571 461 sufficitur

939 477 992 508 32,
1018 477 1044 508 7.
1073 469 1187 500 aedilis
1212 477 1339 508 35,1o.
1371 475 1500 510 praetor
1521 482 1571 512 24.

941 512 1073 542 sortitur
1092 511 1237 543 Siciliam
1261 511 1312 552 36,
1330 521 1359 543 2.
1386 514 1497 544 consul
1520 516 1572 554 38,

941 563 992 593 42.
1019 557 1052 585 et
1072 553 1204 593 quidem
1226 558 1300 594 post
1323 555 1404 585 duas
1426 557 1572 595 repulsas

941 605 993 638 39,
1006 595 1057 635 56.
1081 605 1133 634 40,
1146 595 1196 634 46.
1221 606 1294 627 cum
1310 597 1425 628 aedem
1442 597 1570 630 Dianae

938 639 1087 676 vovisset,
1117 638 1260 669 devincit
1292 639 1426 679 Ligures
1457 649 1510 682 39,
1543 651 1570 672 2.

938 681 1022 712 viam
1045 682 1087 712 ab
1108 680 1277 712 Placentia
1293 682 1477 712 Ariminum
1502 694 1571 723 per—

937 724 1039 762 ducit,
1050 723 1127 755 ibid.
1151 723 1298 754 triumvir
1310 724 1458 756 coloniae
1469 725 1569 757 dedu-

937 767 1059 797 cendae
1084 773 1134 805 55.
1161 766 1309 806 pontifex
1332 767 1495 799 maximus
1516 779 1570 807 40,

937 818 988 847 42.
1013 818 1065 846 41,
1083 818 1110 839 2.
1134 808 1285 848 princeps
1303 813 1434 840 senatus
1450 820 1502 848 40,
1518 820 1570 850 42.

937 861 1048 881 censor
1072 858 1122 889 45.
1150 851 1183 881 in
1206 850 1341 891 gratiam
1367 853 1570 884 reconciliari

936 903 970 924 se
993 903 1067 924 cum
1093 893 1218 934 collega
1241 894 1290 924 M.
1307 894 1424 925 Fulvio
1448 895 1572 935 patitur

938 934 988 973 46.
1027 935 1176 984 princeps
1206 940 1336 967 senatus
1369 937 1487 977 legitur
1517 946 1568 977 51.

938 978 1049 1008 consul
1080 978 1195 1008 iterum
1227 988 1279 1016 41,
1304 988 1352 1010 2.2
1391 979 1494 1010 lectus
1524 990 1570 1011 se-

937 1020 1043 1050 cundo‘
1068 1020 1219 1060 princeps
1241 1024 1371 1051 senatus
1394 1030 1444 1060 32.
1475 1022 1570 1053 tertio

939 1071 991 1101 43,
1023 1070 1069 1101 15.
1107 1062 1270 1093 decemvir
1299 1072 1352 1102 42,
1379 1074 1408 1101 4.
1446 1064 1572 1105 legatus

939 1113 992 1142 432
1012 1112 1038 1142 7·

897 1146 945 1177 Μ.
963 1146 1122 1177 Aemilius
1148 1146 1308 1185 Numida,
1332 1147 1495 1179 decemvir
1523 1159 1570 1180 sa-

939 1198 1077 1225 crorum,
1092 1189 1228 1219 moritur
1247 1188 1297 1227 26,
1315 1199 1364 1229 23.

897 1230 945 1261 M.
963 1231 1123 1261 Aemilius
1154 1231 1275 1270 Papus,
1305 1231 1445 1263 dictator
1476 1242 1508 1274 9,
1542 1241 1569 1272 7.

939 1273 1103 1303 maximus
1119 1273 1219 1311 curio,
1235 1273 1371 1304 moritur
1388 1282 1439 1313 27,
1454 1273 1484 1306 6.

898 1316 949 1347 M.
963 1315 1124 1346 Aemilius
1144 1316 1292 1352 Paullus,
1308 1316 1460 1356 magister
1483 1317 1570 1357 equi-

938 1361 1021 1396 tum,
1037 1358 1123 1388 male
1138 1368 1204 1389 rem
1221 1358 1302 1397 gerit
1322 1367 1370 1396 10,
1387 1367 1416 1397 3.

897 1401 946 1432 Μ.
959 1400 1118 1431 Aemilius
1134 1400 1284 1441 Regillus
1299 1411 1363 1431 cos.
1376 1404 1503 1432 creatur
1520 1411 1571 1441 24,

941 1452 966 1482 7.
991 1443 1080 1474 irrito
1092 1447 1211 1474 01011111
1223 1443 1242 1473 8
1255 1447 1286 1473 et
1299 1452 1328 1484 9.
1353 1443 1473 1474 flamen
1488 1444 1570 1480 Qui-

937 1485 1048 1516 rinalis
1063 1485 1092 1517 8.
1116 1486 1235 1517 flamen
1249 1485 1424 1525 Martialis,
1436 1487 1572 1518 moritur

940 1537 991 1569 29,
1010 1538 1058 1560 11.

896 1570 947 1601 Ti.
960 1570 1120 1601 Aemilius
1131 1580 1194 1602 cos.
1210 1569 1300 1609 2,61.
1321 1570 1390 1602 eius
1402 1581 1451 1602 res
1461 1575 1571 1611 gestae

937 1612 971 1643 in
996 1613 1124 1644 Sabinis
1147 1612 1198 1644 62.
1230 1623 1292 1644 cos.
1317 1612 1447 1651 iterum,
1471 1615 1571 1645 dandi

937 1655 1003 1695 agri
1021 1655 1108 1695 plebi
1124 1659 1238 1685 auctor
1254 1665 1284 1695 3,
1304 1664 1329 1685 1.

897 1697 948 1729 Τ1.
965 1698 1137 1733 Aemilius.
1167 1697 1360 1737 quinquevir
1392 1698 1573 1730 mensarius

942 1747 971 1779 7,
990 1749 1039 1771 21.
1065 1744 1192 1780 praetor
1207 1741 1238 1778 8,
1256 1749 1282 1770 2.

898 1782 949 1814 Τ1.
968 1782 1128 1813 Aemilius
1153 1782 1375 1813 Mamercinus
1401 1792 1465 1814 cos.
1488 1783 1570 1815 eius-

941 1835 1003 1864 que
1019 1835 1093 1856 cum
1109 1829 1222 1856 senatu
1239 1825 1327 1856 rixae
1343 1826 1374 1862 8,
1394 1834 1440 1856 12.

900 1869 1032 1905 Aemus,
1056 1878 1149 1898 mons
1175 1877 1227 1906 40,
1252 1876 1302 1898 21.
1333 1877 1372 1897 ex
1397 1877 1436 1898 eo
1459 1872 1571 1900 monte

941 1910 1098 1941 creditum
1142 1910 1238 1949 vulgo
1274 1909 1347 1947 fuit,
1394 1910 1570 1942 Ponticum

940 1953 1036 1983 simul
1057 1957 1089 1983 et
1107 1952 1307 1983 Adriaticum
1332 1962 1421 1983 mare
1441 1957 1473 1982 et
1494 1953 1570 1984 His-

939 1999 1024 2025 trum
1061 2004 1191 2026 amnem
1225 1999 1258 2025 et
1288 1995 1391 2034 Alpes
1427 1995 1569 2035 conspici

940 2047 1044 2077 posse,
1056 2037 1132 2069 ibid.
1157 2047 1231 2068 eum
1245 2037 1431 2067 conscendit
1446 2037 1570 2077 Philip-

940 2090 1011 2119 puS,
1043 2084 1075 2110 et
1105 2080 1270 2118 degressus
1307 2079 1387 2109 nihil
1421 2079 1571 2120 vulgatae

939 2121 1083 2161 opinioni
1100 2122 1241 2152 detrahit
1261 2131 1310 2152 22.

897 2165 1036 2195 Aenaria
1051 2164 1156 2195 insula
1172 2165 1203 2201 8,
1221 2173 1269 2195 22.

896 2208 1019 2245 Aenea,
1035 2207 1192 2247 oppidum
1213 2216 1265 2244 40,
1281 2218 1310 2245 4.
1334 2207 1448 2237 eadem
1465 2206 1571 2238 Aenia

939 2261 991 2297 44,
1012 2259 1060 2287 10,
1078 2259 1127 2288 3²·
1154 2253 1273 2279 statum
1299 2249 1430 2279 Aeneae
1453 2250 1570 2280 sacrifi-

939 2292 1037 2329 cium,
1053 2292 1140 2331 quod
1156 2291 1313 2322 conditori
1333 2291 1464 2322 Aeneae
1479 2296 1571 2332 quot-

939 2334 1032 2365 annis
1047 2334 1083 2365 fit
1099 2344 1153 2373 40,
1167 2345 1196 2373 4.
1222 2335 1394 2372 Aeneates,
1410 2334 1487 2365 ibid.

898 2378 1029 2408 Aeneae
1046 2381 1158 2417 portus
1177 2377 1219 2407 ad
1241 2380 1386 2407 montem
1404 2377 1503 2415 Atho,
1519 2385 1571 2417 45,

941 2428 991 2458 3ο.

899 2463 1038 2499 Aeneas,
1055 2461 1216 2493 Anchisae
1235 2465 1268 2492 et
1286 2461 1424 2493 Veneris
1439 2461 1525 2492 filius
1544 2471 1570 2500 1,

944 2514 969 2535 1.
994 2505 1148 2544 profugus
1167 2505 1255 2535 venit
1274 2504 1308 2534 in
1330 2505 1572 2542 Macedoniam,

940 2546 1084 2578 Siciliam
1107 2551 1139 2577 et
1162 2546 1306 2583 Italiam,
1322 2546 1375 2577 ubi
1399 2546 1570 2577 Lavinium

940 2589 1062 2625 condit,
1074 2589 1151 2620 ibid.
1176 2593 1210 2619 ut
1222 2591 1348 2620 animos
1360 2589 1570 2628 Aboriginum

940 2631 998 2661 sibi
1025 2631 1222 2668 conciliaret,
1246 2631 1380 2662 Latinos
1404 2636 1573 2670 utramque

940 2678 1068 2713 gentem
1086 2674 1245 2713 appellat,
1259 2683 1286 2706 2.
1310 2674 1379 2704 eius
1395 2683 1479 2703 mors
1494 2673 1570 2704 ibid.

900 2717 1027 2748 Aeneas
1063 2716 1193 2753 Silvius,
1230 2726 1286 2747 rex
1324 2715 1438 2746 tertius
1469 2716 1572 2747 Albae

947 2768 974 2796 1,
991 2768 1019 2797 3.

902 2801 1135 2833 Aenesidemus
1176 2801 1355 2841 Dymaeus,
1394 2800 1574 2839 praefectus

943 2843 1091 2884 praesidii
1108 2844 1310 2874 Achaeorum
1330 2852 1380 2883 32,
1396 2851 1443 2881 25.

901 2886 1067 2918 Aenianus
1082 2885 1170 2916 sinus
1188 2886 1238 2922 28,
1256 2894 1285 2924 5.
