<?xml version="1.0" encoding="UTF-8"?>
<!DOCTYPE html PUBLIC "-//W3C//DTD XHTML 1.0 Transitional//EN"
    "http://www.w3.org/TR/xhtml1/DTD/xhtml1-transitional.dtd">
<html xmlns="http://www.w3.org/1999/xhtml" xml:lang="en" lang="en">
 <head>
  <title>
</title>
<meta http-equiv="Content-Type" content="text/html;charset=utf-8" />
  <meta name='ocr-system' content='tesseract 3.04.00' />
  <meta name='ocr-capabilities' content='ocr_page ocr_carea ocr_par ocr_line ocrx_word'/>
</head>
<body>
  <div class='ocr_page' id='page_1' title='image "./historiarumli04livyuoft/historiarumli04livyuoft_0615.png"; bbox 0 0 1888 3194; ppageno 0'>
   <div class='ocr_carea' id='block_1_1' title="bbox 641 188 931 227">
    <p class='ocr_par' dir='ltr' id='par_1_1' title="bbox 641 188 931 227">
     <span class='ocr_line' id='line_1_1' title="bbox 641 188 931 227; baseline 0.003 -1"><span class='ocrx_word' id='word_1_1' title='bbox 641 188 931 227; x_wconf 91' lang='lat' dir='ltr'>INDEX.</span> 
     </span>
    </p>
   </div>
   <div class='ocr_carea' id='block_1_2' title="bbox 95 262 768 1885">
    <p class='ocr_par' dir='ltr' id='par_1_2' title="bbox 138 262 766 349">
     <span class='ocr_line' id='line_1_2' title="bbox 138 262 766 304; baseline -0.006 -5"><span class='ocrx_word' id='word_1_2' title='bbox 138 265 278 298; x_wconf 81' lang='lat' dir='ltr'>eundem</span> <span class='ocrx_word' id='word_1_3' title='bbox 303 267 431 298; x_wconf 87' lang='lat' dir='ltr'>revocat</span> <span class='ocrx_word' id='word_1_4' title='bbox 455 264 498 295; x_wconf 89' lang='lat' dir='ltr'>ad</span> <span class='ocrx_word' id='word_1_5' title='bbox 521 262 655 295; x_wconf 81' lang='lat' dir='ltr'>consilia</span> <span class='ocrx_word' id='word_1_6' title='bbox 676 263 766 304; x_wconf 80' lang='lat' dir='ltr'>pacis</span> 
     </span>
     <span class='ocr_line' id='line_1_3' title="bbox 139 307 550 349; baseline -0.005 -9"><span class='ocrx_word' id='word_1_7' title='bbox 139 317 190 349; x_wconf 88' lang='lat'>25.</span> <span class='ocrx_word' id='word_1_8' title='bbox 213 312 338 340; x_wconf 80' lang='lat' dir='ltr'>creatur</span> <span class='ocrx_word' id='word_1_9' title='bbox 352 318 414 339; x_wconf 84' lang='lat' dir='ltr'>cos,</span> <span class='ocrx_word' id='word_1_10' title='bbox 433 307 485 347; x_wconf 86' lang='lat'>38,</span> <span class='ocrx_word' id='word_1_11' title='bbox 500 314 550 346; x_wconf 83' lang='lat'>35.</span> 
     </span>
    </p>

    <p class='ocr_par' dir='ltr' id='par_1_3' title="bbox 97 349 514 391">
     <span class='ocr_line' id='line_1_4' title="bbox 97 349 514 391; baseline -0.005 -9"><span class='ocrx_word' id='word_1_12' title='bbox 97 350 137 383; x_wconf 86' lang='lat' dir='ltr'>L.</span> <span class='ocrx_word' id='word_1_13' title='bbox 152 351 274 389; x_wconf 87' lang='lat' dir='ltr'>Livius,</span> <span class='ocrx_word' id='word_1_14' title='bbox 289 351 360 381; x_wconf 89' lang='lat' dir='ltr'>trib.</span> <span class='ocrx_word' id='word_1_15' title='bbox 377 350 421 390; x_wconf 91' lang='lat' dir='ltr'>pl.</span> <span class='ocrx_word' id='word_1_16' title='bbox 437 358 470 391; x_wconf 99' lang='lat'>9,</span> <span class='ocrx_word' id='word_1_17' title='bbox 484 349 514 380; x_wconf 89' lang='lat'>8.</span> 
     </span>
    </p>

    <p class='ocr_par' dir='ltr' id='par_1_4' title="bbox 95 393 550 433">
     <span class='ocr_line' id='line_1_5' title="bbox 95 393 550 433; baseline -0.013 -7"><span class='ocrx_word' id='word_1_18' title='bbox 95 393 135 426; x_wconf 85' lang='lat' dir='ltr'>L.</span> <span class='ocrx_word' id='word_1_19' title='bbox 152 394 272 431; x_wconf 84' lang='lat' dir='ltr'>Livius,</span> <span class='ocrx_word' id='word_1_20' title='bbox 287 396 416 433; x_wconf 85' lang='lat' dir='ltr'>praetor</span> <span class='ocrx_word' id='word_1_21' title='bbox 431 400 483 432; x_wconf 86' lang='lat'>45,</span> <span class='ocrx_word' id='word_1_22' title='bbox 499 402 550 430; x_wconf 83' lang='lat'>44.</span> 
     </span>
    </p>

    <p class='ocr_par' dir='ltr' id='par_1_5' title="bbox 95 433 766 1457">
     <span class='ocr_line' id='line_1_6' title="bbox 95 433 762 475; baseline -0.004 -7"><span class='ocrx_word' id='word_1_23' title='bbox 95 435 144 468; x_wconf 88' lang='lat' dir='ltr'>M.</span> <span class='ocrx_word' id='word_1_24' title='bbox 164 436 275 468; x_wconf 80' lang='lat' dir='ltr'>Livius</span> <span class='ocrx_word' id='word_1_25' title='bbox 304 435 414 466; x_wconf 87' lang='lat' dir='ltr'>consul</span> <span class='ocrx_word' id='word_1_26' title='bbox 444 434 569 474; x_wconf 84' lang='lat' dir='ltr'>legatus</span> <span class='ocrx_word' id='word_1_27' title='bbox 597 433 762 475; x_wconf 82' lang='lat' dir='ltr'>Carthagi-</span> 
     </span>
     <span class='ocr_line' id='line_1_7' title="bbox 136 477 764 517; baseline -0.003 -7"><span class='ocrx_word' id='word_1_28' title='bbox 136 488 212 510; x_wconf 87' lang='lat' dir='ltr'>nem</span> <span class='ocrx_word' id='word_1_29' title='bbox 240 478 356 509; x_wconf 85' lang='lat' dir='ltr'>missus</span> <span class='ocrx_word' id='word_1_30' title='bbox 385 487 437 516; x_wconf 87' lang='lat'>21,</span> <span class='ocrx_word' id='word_1_31' title='bbox 466 477 513 508; x_wconf 88' lang='lat'>18.</span> <span class='ocrx_word' id='word_1_32' title='bbox 548 480 662 508; x_wconf 86' lang='lat' dir='ltr'>octavo</span> <span class='ocrx_word' id='word_1_33' title='bbox 691 481 764 517; x_wconf 90' lang='lat' dir='ltr'>post</span> 
     </span>
     <span class='ocr_line' id='line_1_8' title="bbox 136 519 764 552; baseline -0.003 0"><span class='ocrx_word' id='word_1_34' title='bbox 136 521 379 552; x_wconf 84' lang='lat' dir='ltr'><strong>damnationem</strong></span> <span class='ocrx_word' id='word_1_35' title='bbox 417 529 502 551; x_wconf 91' lang='lat' dir='ltr'>anno</span> <span class='ocrx_word' id='word_1_36' title='bbox 537 519 702 551; x_wconf 84' lang='lat' dir='ltr'>reducitur</span> <span class='ocrx_word' id='word_1_37' title='bbox 744 530 764 551; x_wconf 88' lang='lat' dir='ltr'>a</span> 
     </span>
     <span class='ocr_line' id='line_1_9' title="bbox 137 563 764 602; baseline -0.003 -7"><span class='ocrx_word' id='word_1_38' title='bbox 137 563 322 595; x_wconf 87' lang='lat' dir='ltr'>consulibus</span> <span class='ocrx_word' id='word_1_39' title='bbox 347 563 380 593; x_wconf 93' lang='lat' dir='ltr'>in</span> <span class='ocrx_word' id='word_1_40' title='bbox 407 563 518 594; x_wconf 88' lang='lat' dir='ltr'>urbem</span> <span class='ocrx_word' id='word_1_41' title='bbox 546 572 598 602; x_wconf 90' lang='grc'>27,</span> <span class='ocrx_word' id='word_1_42' title='bbox 624 571 674 602; x_wconf 74' lang='grc'>34.</span> <span class='ocrx_word' id='word_1_43' title='bbox 706 572 764 602; x_wconf 92' lang='lat' dir='ltr'>pro</span> 
     </span>
     <span class='ocr_line' id='line_1_10' title="bbox 137 605 763 647; baseline -0.002 -10"><span class='ocrx_word' id='word_1_44' title='bbox 137 609 285 647; x_wconf 83' lang='lat' dir='ltr'>cognato,</span> <span class='ocrx_word' id='word_1_45' title='bbox 301 606 349 637; x_wconf 88' lang='lat' dir='ltr'>M.</span> <span class='ocrx_word' id='word_1_46' title='bbox 365 605 458 637; x_wconf 85' lang='lat' dir='ltr'>Livio</span> <span class='ocrx_word' id='word_1_47' title='bbox 474 605 620 643; x_wconf 85' lang='lat' dir='ltr'>Macato,</span> <span class='ocrx_word' id='word_1_48' title='bbox 636 605 714 636; x_wconf 88' lang='lat' dir='ltr'>dicit</span> <span class='ocrx_word' id='word_1_49' title='bbox 730 605 763 636; x_wconf 92' lang='lat' dir='ltr'>in</span> 
     </span>
     <span class='ocr_line' id='line_1_11' title="bbox 136 647 763 688; baseline -0.003 -8"><span class='ocrx_word' id='word_1_50' title='bbox 136 653 262 688; x_wconf 89' lang='lat' dir='ltr'>senatu,</span> <span class='ocrx_word' id='word_1_51' title='bbox 285 647 361 679; x_wconf 89' lang='lat' dir='ltr'><strong>ibid.</strong></span> <span class='ocrx_word' id='word_1_52' title='bbox 388 648 429 679; x_wconf 91' lang='lat' dir='ltr'>ad</span> <span class='ocrx_word' id='word_1_53' title='bbox 452 648 628 679; x_wconf 87' lang='lat' dir='ltr'>secundum</span> <span class='ocrx_word' id='word_1_54' title='bbox 652 658 763 678; x_wconf 88' lang='lat' dir='ltr'>consu-</span> 
     </span>
     <span class='ocr_line' id='line_1_12' title="bbox 136 690 763 731; baseline -0.002 -9"><span class='ocrx_word' id='word_1_55' title='bbox 136 691 240 723; x_wconf 80' lang='lat' dir='ltr'>latum</span> <span class='ocrx_word' id='word_1_56' title='bbox 270 700 374 731; x_wconf 88' lang='lat' dir='ltr'>paene</span> <span class='ocrx_word' id='word_1_57' title='bbox 405 690 524 722; x_wconf 84' lang='lat' dir='ltr'>invitus</span> <span class='ocrx_word' id='word_1_58' title='bbox 557 690 763 731; x_wconf 86' lang='lat' dir='ltr'>protrahitur,</span> 
     </span>
     <span class='ocr_line' id='line_1_13' title="bbox 135 733 764 774; baseline -0.002 -9"><span class='ocrx_word' id='word_1_59' title='bbox 135 733 214 766; x_wconf 87' lang='lat' dir='ltr'><strong>ibid.</strong></span> <span class='ocrx_word' id='word_1_60' title='bbox 245 744 338 774; x_wconf 83' lang='lat' dir='ltr'>aegre</span> <span class='ocrx_word' id='word_1_61' title='bbox 363 744 397 765; x_wconf 87' lang='lat' dir='ltr'>se</span> <span class='ocrx_word' id='word_1_62' title='bbox 421 733 620 765; x_wconf 89' lang='lat' dir='ltr'>reconciliari</span> <span class='ocrx_word' id='word_1_63' title='bbox 642 733 764 774; x_wconf 89' lang='lat' dir='ltr'>patitur</span> 
     </span>
     <span class='ocr_line' id='line_1_14' title="bbox 137 776 765 816; baseline -0.003 -8"><span class='ocrx_word' id='word_1_64' title='bbox 137 787 211 808; x_wconf 90' lang='lat' dir='ltr'>cum</span> <span class='ocrx_word' id='word_1_65' title='bbox 225 776 357 808; x_wconf 86' lang='lat' dir='ltr'>Nerone</span> <span class='ocrx_word' id='word_1_66' title='bbox 369 777 493 816; x_wconf 83' lang='lat' dir='ltr'>collega</span> <span class='ocrx_word' id='word_1_67' title='bbox 505 784 555 815; x_wconf 84' lang='lat'>35.</span> <span class='ocrx_word' id='word_1_68' title='bbox 571 776 636 807; x_wconf 89' lang='lat' dir='ltr'>irae</span> <span class='ocrx_word' id='word_1_69' title='bbox 649 777 765 816; x_wconf 87' lang='lat' dir='ltr'>plenus</span> 
     </span>
     <span class='ocr_line' id='line_1_15' title="bbox 136 818 764 860; baseline -0.003 -9"><span class='ocrx_word' id='word_1_70' title='bbox 136 819 244 851; x_wconf 82' lang='lat' dir='ltr'>adhuc</span> <span class='ocrx_word' id='word_1_71' title='bbox 259 819 292 850; x_wconf 91' lang='lat' dir='ltr'>in</span> <span class='ocrx_word' id='word_1_72' title='bbox 309 819 404 857; x_wconf 87' lang='lat' dir='ltr'>cives,</span> <span class='ocrx_word' id='word_1_73' title='bbox 418 818 628 860; x_wconf 84' lang='lat' dir='ltr'>proficiscitur</span> <span class='ocrx_word' id='word_1_74' title='bbox 641 819 683 850; x_wconf 83' lang='lat' dir='ltr'>ad</span> <span class='ocrx_word' id='word_1_75' title='bbox 699 819 764 850; x_wconf 90' lang='lat' dir='ltr'>bel-</span> 
     </span>
     <span class='ocr_line' id='line_1_16' title="bbox 138 861 764 902; baseline -0.002 -9"><span class='ocrx_word' id='word_1_76' title='bbox 138 862 206 893; x_wconf 91' lang='lat' dir='ltr'>lum</span> <span class='ocrx_word' id='word_1_77' title='bbox 235 872 285 901; x_wconf 90' lang='lat'>40.</span> <span class='ocrx_word' id='word_1_78' title='bbox 316 861 439 902; x_wconf 86' lang='lat' dir='ltr'>egregia</span> <span class='ocrx_word' id='word_1_79' title='bbox 466 861 535 893; x_wconf 92' lang='lat' dir='ltr'>eius</span> <span class='ocrx_word' id='word_1_80' title='bbox 562 861 694 892; x_wconf 77' lang='lat' dir='ltr'>victoria</span> <span class='ocrx_word' id='word_1_81' title='bbox 723 862 764 892; x_wconf 94' lang='lat' dir='ltr'>de</span> 
     </span>
     <span class='ocr_line' id='line_1_17' title="bbox 138 903 765 946; baseline -0.003 -9"><span class='ocrx_word' id='word_1_82' title='bbox 138 904 345 937; x_wconf 80' lang='lat' dir='ltr'>Hasdrubale</span> <span class='ocrx_word' id='word_1_83' title='bbox 361 903 496 946; x_wconf 81' lang='lat'><strong>46—49.</strong></span> <span class='ocrx_word' id='word_1_84' title='bbox 519 903 697 944; x_wconf 83' lang='lat' dir='ltr'>triumphat</span> <span class='ocrx_word' id='word_1_85' title='bbox 715 905 765 942; x_wconf 92' lang='grc'>28,</span> 
     </span>
     <span class='ocr_line' id='line_1_18' title="bbox 137 946 764 989; baseline -0.003 -10"><span class='ocrx_word' id='word_1_86' title='bbox 137 957 168 989; x_wconf 93' lang='lat'>9.</span> <span class='ocrx_word' id='word_1_87' title='bbox 191 948 329 979; x_wconf 86' lang='lat' dir='ltr'>dictator</span> <span class='ocrx_word' id='word_1_88' title='bbox 344 951 469 978; x_wconf 88' lang='lat' dir='ltr'>creatur</span> <span class='ocrx_word' id='word_1_89' title='bbox 487 957 533 978; x_wconf 91' lang='lat'>10.</span> <span class='ocrx_word' id='word_1_90' title='bbox 553 946 582 977; x_wconf 93' lang='lat' dir='ltr'>ei</span> <span class='ocrx_word' id='word_1_91' title='bbox 598 947 630 977; x_wconf 92' lang='lat' dir='ltr'>in</span> <span class='ocrx_word' id='word_1_92' title='bbox 643 957 764 978; x_wconf 90' lang='lat' dir='ltr'>annum</span> 
     </span>
     <span class='ocr_line' id='line_1_19' title="bbox 137 989 764 1031; baseline -0.002 -10"><span class='ocrx_word' id='word_1_93' title='bbox 137 994 341 1031; x_wconf 86' lang='lat' dir='ltr'>prorogatum</span> <span class='ocrx_word' id='word_1_94' title='bbox 366 989 549 1030; x_wconf 89' lang='lat' dir='ltr'>imperium,</span> <span class='ocrx_word' id='word_1_95' title='bbox 571 989 646 1021; x_wconf 89' lang='lat' dir='ltr'><strong>ibid.</strong></span> <span class='ocrx_word' id='word_1_96' title='bbox 679 990 764 1020; x_wconf 79' lang='lat' dir='ltr'>volo-</span> 
     </span>
     <span class='ocr_line' id='line_1_20' title="bbox 136 1032 764 1064; baseline -0.002 0"><span class='ocrx_word' id='word_1_97' title='bbox 136 1043 215 1064; x_wconf 87' lang='lat' dir='ltr'>num</span> <span class='ocrx_word' id='word_1_98' title='bbox 226 1033 402 1064; x_wconf 85' lang='lat' dir='ltr'>exercitum</span> <span class='ocrx_word' id='word_1_99' title='bbox 415 1033 447 1063; x_wconf 90' lang='lat' dir='ltr'>in</span> <span class='ocrx_word' id='word_1_100' title='bbox 459 1032 603 1064; x_wconf 82' lang='lat' dir='ltr'>Galliam</span> <span class='ocrx_word' id='word_1_101' title='bbox 616 1043 655 1063; x_wconf 89' lang='lat' dir='ltr'>ex</span> <span class='ocrx_word' id='word_1_102' title='bbox 670 1032 764 1063; x_wconf 89' lang='lat' dir='ltr'>Etru-</span> 
     </span>
     <span class='ocr_line' id='line_1_21' title="bbox 136 1075 766 1117; baseline -0.002 -11"><span class='ocrx_word' id='word_1_103' title='bbox 136 1075 185 1106; x_wconf 86' lang='lat' dir='ltr'>ria</span> <span class='ocrx_word' id='word_1_104' title='bbox 213 1075 352 1106; x_wconf 84' lang='lat' dir='ltr'>traducit</span> <span class='ocrx_word' id='word_1_105' title='bbox 383 1084 433 1117; x_wconf 91' lang='grc'>29,</span> <span class='ocrx_word' id='word_1_106' title='bbox 458 1083 487 1115; x_wconf 88' lang='lat'>5.</span> <span class='ocrx_word' id='word_1_107' title='bbox 520 1075 550 1105; x_wconf 91' lang='lat' dir='ltr'>ei</span> <span class='ocrx_word' id='word_1_108' title='bbox 580 1078 766 1115; x_wconf 86' lang='lat' dir='ltr'>prorogatur</span> 
     </span>
     <span class='ocr_line' id='line_1_22' title="bbox 135 1117 765 1158; baseline 0 -9"><span class='ocrx_word' id='word_1_109' title='bbox 135 1117 307 1158; x_wconf 88' lang='lat' dir='ltr'>imperium</span> <span class='ocrx_word' id='word_1_110' title='bbox 338 1126 385 1156; x_wconf 85' lang='lat'>13.</span> <span class='ocrx_word' id='word_1_111' title='bbox 420 1121 547 1148; x_wconf 86' lang='lat' dir='ltr'>creatur</span> <span class='ocrx_word' id='word_1_112' title='bbox 577 1127 688 1148; x_wconf 91' lang='lat' dir='ltr'>censor</span> <span class='ocrx_word' id='word_1_113' title='bbox 714 1125 765 1156; x_wconf 82' lang='lat'>37.</span> 
     </span>
     <span class='ocr_line' id='line_1_23' title="bbox 136 1159 763 1200; baseline -0.003 -8"><span class='ocrx_word' id='word_1_114' title='bbox 136 1159 325 1192; x_wconf 82' lang='lat' dir='ltr'>Salinatoris</span> <span class='ocrx_word' id='word_1_115' title='bbox 351 1170 449 1200; x_wconf 87' lang='lat' dir='ltr'>quare</span> <span class='ocrx_word' id='word_1_116' title='bbox 475 1169 651 1199; x_wconf 87' lang='lat' dir='ltr'>cognomen</span> <span class='ocrx_word' id='word_1_117' title='bbox 677 1160 763 1190; x_wconf 65' lang='grc'><strong>11110</strong></span> 
     </span>
     <span class='ocr_line' id='line_1_24' title="bbox 136 1202 764 1242; baseline -0.002 -8"><span class='ocrx_word' id='word_1_118' title='bbox 136 1203 232 1242; x_wconf 82' lang='grc'><strong>110111,</strong></span> <span class='ocrx_word' id='word_1_119' title='bbox 251 1203 327 1234; x_wconf 93' lang='lat' dir='ltr'><strong>ibid.</strong></span> <span class='ocrx_word' id='word_1_120' title='bbox 355 1212 490 1242; x_wconf 81' lang='lat' dir='ltr'>pravum</span> <span class='ocrx_word' id='word_1_121' title='bbox 513 1202 581 1233; x_wconf 91' lang='lat' dir='ltr'>eius</span> <span class='ocrx_word' id='word_1_122' title='bbox 601 1206 764 1234; x_wconf 86' lang='lat' dir='ltr'>certamen</span> 
     </span>
     <span class='ocr_line' id='line_1_25' title="bbox 137 1244 764 1286; baseline -0.002 -9"><span class='ocrx_word' id='word_1_123' title='bbox 137 1255 213 1277; x_wconf 89' lang='lat' dir='ltr'>cum</span> <span class='ocrx_word' id='word_1_124' title='bbox 233 1245 357 1286; x_wconf 85' lang='lat' dir='ltr'>collega</span> <span class='ocrx_word' id='word_1_125' title='bbox 377 1245 520 1283; x_wconf 89' lang='lat' dir='ltr'>Nerone,</span> <span class='ocrx_word' id='word_1_126' title='bbox 534 1244 611 1276; x_wconf 91' lang='lat' dir='ltr'><strong>ibid.</strong></span> <span class='ocrx_word' id='word_1_127' title='bbox 636 1249 764 1286; x_wconf 89' lang='lat' dir='ltr'>praetor</span> 
     </span>
     <span class='ocr_line' id='line_1_26' title="bbox 136 1287 764 1328; baseline 0 -8"><span class='ocrx_word' id='word_1_128' title='bbox 136 1288 256 1320; x_wconf 85' lang='lat' dir='ltr'>tribum</span> <span class='ocrx_word' id='word_1_129' title='bbox 284 1287 457 1326; x_wconf 84' lang='lat' dir='ltr'>Maeciam,</span> <span class='ocrx_word' id='word_1_130' title='bbox 481 1288 639 1328; x_wconf 89' lang='lat' dir='ltr'>populum</span> <span class='ocrx_word' id='word_1_131' title='bbox 667 1288 764 1320; x_wconf 87' lang='lat' dir='ltr'>Rom.</span> 
     </span>
     <span class='ocr_line' id='line_1_27' title="bbox 137 1329 765 1371; baseline -0.002 -9"><span class='ocrx_word' id='word_1_132' title='bbox 137 1340 279 1368; x_wconf 88' lang='lat' dir='ltr'>omnem,</span> <span class='ocrx_word' id='word_1_133' title='bbox 295 1335 447 1371; x_wconf 88' lang='lat' dir='ltr'>quattuor</span> <span class='ocrx_word' id='word_1_134' title='bbox 461 1334 493 1362; x_wconf 88' lang='lat' dir='ltr'>et</span> <span class='ocrx_word' id='word_1_135' title='bbox 508 1329 637 1371; x_wconf 87' lang='lat' dir='ltr'>triginta</span> <span class='ocrx_word' id='word_1_136' title='bbox 652 1331 765 1367; x_wconf 72' lang='lat' dir='ltr'>tribus,</span> 
     </span>
     <span class='ocr_line' id='line_1_28' title="bbox 136 1372 764 1414; baseline 0 -10"><span class='ocrx_word' id='word_1_137' title='bbox 136 1374 275 1405; x_wconf 84' lang='lat' dir='ltr'>aerarios</span> <span class='ocrx_word' id='word_1_138' title='bbox 289 1373 452 1414; x_wconf 80' lang='lat' dir='ltr'>relinquit,</span> <span class='ocrx_word' id='word_1_139' title='bbox 464 1373 540 1404; x_wconf 89' lang='lat' dir='ltr'><strong>ibid.</strong></span> <span class='ocrx_word' id='word_1_140' title='bbox 554 1373 593 1405; x_wconf 86' lang='lat' dir='ltr'>cf.</span> <span class='ocrx_word' id='word_1_141' title='bbox 606 1377 638 1404; x_wconf 92' lang='lat' dir='ltr'>et</span> <span class='ocrx_word' id='word_1_142' title='bbox 650 1372 702 1414; x_wconf 88' lang='lat'>36,</span> <span class='ocrx_word' id='word_1_143' title='bbox 713 1372 764 1414; x_wconf 82' lang='lat'>36.</span> 
     </span>
     <span class='ocr_line' id='line_1_29' title="bbox 141 1425 236 1457; baseline -0.011 -1"><span class='ocrx_word' id='word_1_144' title='bbox 141 1425 158 1457; x_wconf 87' lang='grc'>3</span> <span class='ocrx_word' id='word_1_145' title='bbox 183 1439 193 1454; x_wconf 70' lang='lat'><strong><em>⁹</em></strong></span> <span class='ocrx_word' id='word_1_146' title='bbox 208 1425 236 1456; x_wconf 85' lang='lat'>3·</span> 
     </span>
    </p>

    <p class='ocr_par' dir='ltr' id='par_1_6' title="bbox 97 1426 765 1671">
     <span class='ocr_line' id='line_1_30' title="bbox 97 1426 764 1497; baseline 0.001 -7"><span class='ocrx_word' id='word_1_147' title='bbox 97 1459 148 1491; x_wconf 82' lang='lat' dir='ltr'>M.</span> <span class='ocrx_word' id='word_1_148' title='bbox 161 1426 276 1490; x_wconf 56' lang='lat' dir='ltr'>SLivius</span> <span class='ocrx_word' id='word_1_149' title='bbox 301 1459 481 1490; x_wconf 85' lang='lat' dir='ltr'>Tarentum</span> <span class='ocrx_word' id='word_1_150' title='bbox 507 1462 616 1490; x_wconf 84' lang='lat' dir='ltr'>tuetur</span> <span class='ocrx_word' id='word_1_151' title='bbox 641 1467 691 1497; x_wconf 86' lang='lat'>24,</span> <span class='ocrx_word' id='word_1_152' title='bbox 714 1468 764 1491; x_wconf 89' lang='lat'>20.</span> 
     </span>
     <span class='ocr_line' id='line_1_31' title="bbox 139 1501 764 1542; baseline -0.002 -9"><span class='ocrx_word' id='word_1_153' title='bbox 139 1502 218 1533; x_wconf 90' lang='lat' dir='ltr'>urbe</span> <span class='ocrx_word' id='word_1_154' title='bbox 236 1506 332 1542; x_wconf 88' lang='lat' dir='ltr'>capta</span> <span class='ocrx_word' id='word_1_155' title='bbox 350 1503 391 1533; x_wconf 94' lang='lat' dir='ltr'>ab</span> <span class='ocrx_word' id='word_1_156' title='bbox 408 1502 595 1533; x_wconf 84' lang='lat' dir='ltr'>Hannibale</span> <span class='ocrx_word' id='word_1_157' title='bbox 609 1501 642 1532; x_wconf 90' lang='lat' dir='ltr'>in</span> <span class='ocrx_word' id='word_1_158' title='bbox 657 1511 764 1532; x_wconf 88' lang='lat' dir='ltr'>arcem</span> 
     </span>
     <span class='ocr_line' id='line_1_32' title="bbox 139 1544 765 1585; baseline 0.002 -10"><span class='ocrx_word' id='word_1_159' title='bbox 139 1545 283 1585; x_wconf 84' lang='lat' dir='ltr'>confugit</span> <span class='ocrx_word' id='word_1_160' title='bbox 301 1554 351 1585; x_wconf 86' lang='lat'>25,</span> <span class='ocrx_word' id='word_1_161' title='bbox 367 1554 412 1576; x_wconf 90' lang='lat'>10.</span> <span class='ocrx_word' id='word_1_162' title='bbox 435 1555 541 1576; x_wconf 90' lang='lat' dir='ltr'>arcem</span> <span class='ocrx_word' id='word_1_163' title='bbox 558 1544 701 1576; x_wconf 83' lang='lat' dir='ltr'>defendit</span> <span class='ocrx_word' id='word_1_164' title='bbox 718 1553 765 1576; x_wconf 91' lang='lat'>11.</span> 
     </span>
     <span class='ocr_line' id='line_1_33' title="bbox 139 1586 765 1630; baseline -0.002 -12"><span class='ocrx_word' id='word_1_165' title='bbox 139 1591 172 1619; x_wconf 91' lang='lat' dir='ltr'>et</span> <span class='ocrx_word' id='word_1_166' title='bbox 196 1586 247 1625; x_wconf 92' lang='grc'>26,</span> <span class='ocrx_word' id='word_1_167' title='bbox 270 1597 319 1630; x_wconf 91' lang='grc'>39.</span> <span class='ocrx_word' id='word_1_168' title='bbox 352 1588 392 1618; x_wconf 83' lang='grc'>(10</span> <span class='ocrx_word' id='word_1_169' title='bbox 416 1598 454 1619; x_wconf 88' lang='lat' dir='ltr'>eo</span> <span class='ocrx_word' id='word_1_170' title='bbox 478 1591 639 1619; x_wconf 86' lang='lat' dir='ltr'>certamen</span> <span class='ocrx_word' id='word_1_171' title='bbox 663 1587 696 1617; x_wconf 92' lang='lat' dir='ltr'>in</span> <span class='ocrx_word' id='word_1_172' title='bbox 719 1597 765 1618; x_wconf 87' lang='lat' dir='ltr'>se-</span> 
     </span>
     <span class='ocr_line' id='line_1_34' title="bbox 139 1633 355 1671; baseline -0.005 -10"><span class='ocrx_word' id='word_1_173' title='bbox 139 1633 217 1661; x_wconf 87' lang='lat' dir='ltr'>natu</span> <span class='ocrx_word' id='word_1_174' title='bbox 235 1638 286 1670; x_wconf 89' lang='lat'>27,</span> <span class='ocrx_word' id='word_1_175' title='bbox 303 1639 355 1671; x_wconf 89' lang='lat'>25.</span> 
     </span>
    </p>

    <p class='ocr_par' dir='ltr' id='par_1_7' title="bbox 97 1671 768 1885">
     <span class='ocr_line' id='line_1_35' title="bbox 97 1671 764 1711; baseline 0 -7"><span class='ocrx_word' id='word_1_176' title='bbox 97 1671 147 1705; x_wconf 80' lang='lat' dir='ltr'>M.</span> <span class='ocrx_word' id='word_1_177' title='bbox 160 1673 271 1704; x_wconf 86' lang='lat' dir='ltr'>Livius</span> <span class='ocrx_word' id='word_1_178' title='bbox 288 1673 423 1711; x_wconf 86' lang='lat' dir='ltr'>Denter,</span> <span class='ocrx_word' id='word_1_179' title='bbox 439 1683 501 1704; x_wconf 91' lang='lat' dir='ltr'>cos.</span> <span class='ocrx_word' id='word_1_180' title='bbox 521 1683 570 1711; x_wconf 91' lang='lat'>10,</span> <span class='ocrx_word' id='word_1_181' title='bbox 589 1682 614 1705; x_wconf 92' lang='lat'>1.</span> <span class='ocrx_word' id='word_1_182' title='bbox 638 1682 676 1704; x_wconf 91' lang='lat' dir='ltr'>eo</span> <span class='ocrx_word' id='word_1_183' title='bbox 692 1682 764 1704; x_wconf 92' lang='lat' dir='ltr'>con-</span> 
     </span>
     <span class='ocr_line' id='line_1_36' title="bbox 139 1715 766 1756; baseline -0.002 -9"><span class='ocrx_word' id='word_1_184' title='bbox 139 1715 222 1754; x_wconf 85' lang='lat' dir='ltr'>sule,</span> <span class='ocrx_word' id='word_1_185' title='bbox 251 1716 432 1756; x_wconf 84' lang='lat' dir='ltr'>Aequicum</span> <span class='ocrx_word' id='word_1_186' title='bbox 470 1717 592 1747; x_wconf 91' lang='lat' dir='ltr'>bellum</span> <span class='ocrx_word' id='word_1_187' title='bbox 628 1715 766 1747; x_wconf 88' lang='lat' dir='ltr'>redinte-</span> 
     </span>
     <span class='ocr_line' id='line_1_37' title="bbox 139 1758 767 1799; baseline -0.002 -9"><span class='ocrx_word' id='word_1_188' title='bbox 139 1762 277 1799; x_wconf 83' lang='lat' dir='ltr'>gratum,</span> <span class='ocrx_word' id='word_1_189' title='bbox 288 1759 366 1791; x_wconf 92' lang='lat' dir='ltr'><strong>ibid.</strong></span> <span class='ocrx_word' id='word_1_190' title='bbox 389 1763 514 1790; x_wconf 88' lang='lat' dir='ltr'>creatur</span> <span class='ocrx_word' id='word_1_191' title='bbox 527 1758 671 1799; x_wconf 83' lang='lat' dir='ltr'>pontifex</span> <span class='ocrx_word' id='word_1_192' title='bbox 684 1758 767 1789; x_wconf 83' lang='lat' dir='ltr'>inter</span> 
     </span>
     <span class='ocr_line' id='line_1_38' title="bbox 139 1801 766 1844; baseline 0 -12"><span class='ocrx_word' id='word_1_193' title='bbox 139 1801 261 1842; x_wconf 88' lang='lat' dir='ltr'>primos</span> <span class='ocrx_word' id='word_1_194' title='bbox 279 1812 297 1832; x_wconf 92' lang='lat' dir='ltr'>e</span> <span class='ocrx_word' id='word_1_195' title='bbox 319 1803 413 1842; x_wconf 88' lang='lat' dir='ltr'>plebe</span> <span class='ocrx_word' id='word_1_196' title='bbox 431 1812 461 1844; x_wconf 91' lang='lat'><strong>9.</strong></span> <span class='ocrx_word' id='word_1_197' title='bbox 485 1802 587 1842; x_wconf 79' lang='lat' dir='ltr'>praeit</span> <span class='ocrx_word' id='word_1_198' title='bbox 603 1802 699 1832; x_wconf 77' lang='lat' dir='ltr'>verba</span> <span class='ocrx_word' id='word_1_199' title='bbox 713 1802 766 1832; x_wconf 87' lang='lat' dir='ltr'>de-</span> 
     </span>
     <span class='ocr_line' id='line_1_39' title="bbox 140 1843 768 1885; baseline 0 -11"><span class='ocrx_word' id='word_1_200' title='bbox 140 1843 278 1876; x_wconf 84' lang='lat' dir='ltr'>votionis</span> <span class='ocrx_word' id='word_1_201' title='bbox 304 1845 341 1876; x_wconf 88' lang='lat' dir='ltr'><strong>P.</strong></span> <span class='ocrx_word' id='word_1_202' title='bbox 368 1844 472 1876; x_wconf 89' lang='lat' dir='ltr'>Decio</span> <span class='ocrx_word' id='word_1_203' title='bbox 499 1845 549 1876; x_wconf 95' lang='grc'>28.</span> <span class='ocrx_word' id='word_1_204' title='bbox 582 1848 768 1885; x_wconf 85' lang='lat' dir='ltr'>propraetor</span> 
     </span>
    </p>
   </div>
   <div class='ocr_carea' id='block_1_3' title="bbox 98 1896 773 2953">
    <p class='ocr_par' dir='ltr' id='par_1_8' title="bbox 98 1896 773 2953">
     <span class='ocr_line' id='line_1_40' title="bbox 98 1896 765 1978; baseline 0.001 -17"><span class='ocrx_word' id='word_1_205' title='bbox 98 1896 276 1961; x_wconf 51' lang='lat' dir='ltr'>Mazivms</span> <span class='ocrx_word' id='word_1_206' title='bbox 291 1929 442 1961; x_wconf 83' lang='lat' dir='ltr'>Macatus</span> <span class='ocrx_word' id='word_1_207' title='bbox 458 1938 510 1970; x_wconf 94' lang='grc'>27,</span> <span class='ocrx_word' id='word_1_208' title='bbox 525 1939 575 1970; x_wconf 88' lang='grc'>34.</span> <span class='ocrx_word' id='word_1_209' title='bbox 759 1971 765 1978; x_wconf 91' lang='lat'>.</span> 
     </span>
     <span class='ocr_line' id='line_1_41' title="bbox 99 1971 766 2013; baseline -0.001 -9"><span class='ocrx_word' id='word_1_210' title='bbox 99 1971 139 2004; x_wconf 83' lang='lat' dir='ltr'>T.</span> <span class='ocrx_word' id='word_1_211' title='bbox 158 1972 285 2004; x_wconf 87' lang='lat' dir='ltr'>Livium</span> <span class='ocrx_word' id='word_1_212' title='bbox 301 1983 383 2013; x_wconf 85' lang='lat' dir='ltr'>quae</span> <span class='ocrx_word' id='word_1_213' title='bbox 399 1983 513 2004; x_wconf 86' lang='lat' dir='ltr'>causae</span> <span class='ocrx_word' id='word_1_214' title='bbox 529 1973 570 2004; x_wconf 88' lang='lat' dir='ltr'>ad</span> <span class='ocrx_word' id='word_1_215' title='bbox 590 1982 639 2004; x_wconf 87' lang='lat' dir='ltr'>res</span> <span class='ocrx_word' id='word_1_216' title='bbox 654 1973 766 2013; x_wconf 76' lang='lat' dir='ltr'>populi</span> 
     </span>
     <span class='ocr_line' id='line_1_42' title="bbox 141 2015 767 2056; baseline 0 -9"><span class='ocrx_word' id='word_1_217' title='bbox 141 2015 239 2047; x_wconf 86' lang='lat' dir='ltr'>Rom.</span> <span class='ocrx_word' id='word_1_218' title='bbox 252 2016 434 2047; x_wconf 79' lang='lat' dir='ltr'>scribendas</span> <span class='ocrx_word' id='word_1_219' title='bbox 448 2015 646 2056; x_wconf 84' lang='lat' dir='ltr'>impulerint,</span> <span class='ocrx_word' id='word_1_220' title='bbox 663 2016 767 2048; x_wconf 85' lang='lat' dir='ltr'>Praef.</span> 
     </span>
     <span class='ocr_line' id='line_1_43' title="bbox 140 2059 767 2098; baseline 0.002 -9"><span class='ocrx_word' id='word_1_221' title='bbox 140 2067 205 2097; x_wconf 91' lang='lat' dir='ltr'>quo</span> <span class='ocrx_word' id='word_1_222' title='bbox 227 2062 372 2098; x_wconf 86' lang='lat' dir='ltr'>tempore</span> <span class='ocrx_word' id='word_1_223' title='bbox 394 2059 507 2090; x_wconf 82' lang='lat' dir='ltr'>vixerit</span> <span class='ocrx_word' id='word_1_224' title='bbox 529 2070 559 2097; x_wconf 88' lang='grc'>4,</span> <span class='ocrx_word' id='word_1_225' title='bbox 576 2068 624 2090; x_wconf 90' lang='grc' dir='ltr'>2ο.</span> <span class='ocrx_word' id='word_1_226' title='bbox 650 2059 700 2096; x_wconf 92' lang='grc'>28,</span> <span class='ocrx_word' id='word_1_227' title='bbox 721 2067 767 2090; x_wconf 97' lang='grc'>12.</span> 
     </span>
     <span class='ocr_line' id='line_1_44' title="bbox 100 2102 766 2185; baseline 0.002 -11"><span class='ocrx_word' id='word_1_228' title='bbox 100 2106 367 2175; x_wconf 41' lang='lat' dir='ltr'>stiffi&amp;</span> <span class='ocrx_word' id='word_1_229' title='bbox 380 2102 633 2185; x_wconf 44' lang='lat' dir='ltr'>{Elateia</span> <span class='ocrx_word' id='word_1_230' title='bbox 645 2110 700 2181; x_wconf 59' lang='grc' dir='ltr'>ἓξ,</span> <span class='ocrx_word' id='word_1_231' title='bbox 717 2152 766 2185; x_wconf 74' lang='lat'>39.</span> 
     </span>
     <span class='ocr_line' id='line_1_45' title="bbox 142 2185 767 2236; baseline -0.002 -18"><span class='ocrx_word' id='word_1_232' title='bbox 142 2195 195 2225; x_wconf 85' lang='lat'>30,</span> <span class='ocrx_word' id='word_1_233' title='bbox 215 2194 260 2226; x_wconf 89' lang='lat'><strong>17.</strong></span> <span class='ocrx_word' id='word_1_234' title='bbox 285 2196 336 2236; x_wconf 74' lang='grc'>33,</span> <span class='ocrx_word' id='word_1_235' title='bbox 355 2197 415 2236; x_wconf 86' lang='lat'><strong>.²4·.</strong></span> <span class='ocrx_word' id='word_1_236' title='bbox 428 2195 480 2227; x_wconf 86' lang='grc'>35,</span> <span class='ocrx_word' id='word_1_237' title='bbox 500 2196 549 2226; x_wconf 90' lang='grc'>23.</span> <span class='ocrx_word' id='word_1_238' title='bbox 573 2185 696 2235; x_wconf 41' lang='grc'><strong>42,.26.</strong></span> <span class='ocrx_word' id='word_1_239' title='bbox 722 2187 767 2217; x_wconf 93' lang='lat' dir='ltr'>lo-</span> 
     </span>
     <span class='ocr_line' id='line_1_46' title="bbox 142 2230 766 2270; baseline 0.002 -10"><span class='ocrx_word' id='word_1_240' title='bbox 142 2239 251 2260; x_wconf 89' lang='lat' dir='ltr'>corum</span> <span class='ocrx_word' id='word_1_241' title='bbox 273 2230 385 2261; x_wconf 79' lang='lat' dir='ltr'>divisio</span> <span class='ocrx_word' id='word_1_242' title='bbox 406 2240 438 2260; x_wconf 94' lang='lat' dir='ltr'>1n</span> <span class='ocrx_word' id='word_1_243' title='bbox 462 2230 654 2270; x_wconf 77' lang='lat' dir='ltr'>spectaculis</span> <span class='ocrx_word' id='word_1_244' title='bbox 673 2239 700 2267; x_wconf 94' lang='lat'>1,</span> <span class='ocrx_word' id='word_1_245' title='bbox 717 2237 766 2268; x_wconf 83' lang='lat'>35.</span> 
     </span>
     <span class='ocr_line' id='line_1_47' title="bbox 143 2271 768 2313; baseline 0 -10"><span class='ocrx_word' id='word_1_246' title='bbox 143 2279 196 2310; x_wconf 85' lang='lat'>34,</span> <span class='ocrx_word' id='word_1_247' title='bbox 220 2280 270 2311; x_wconf 64' lang='lat'>54„</span> <span class='ocrx_word' id='word_1_248' title='bbox 300 2272 379 2304; x_wconf 87' lang='lat' dir='ltr'>locis</span> <span class='ocrx_word' id='word_1_249' title='bbox 401 2273 570 2304; x_wconf 78' lang='lat' dir='ltr'>sanctitate</span> <span class='ocrx_word' id='word_1_250' title='bbox 594 2271 768 2313; x_wconf 78' lang='lat' dir='ltr'>insignibus</span> 
     </span>
     <span class='ocr_line' id='line_1_48' title="bbox 143 2314 647 2355; baseline 0.004 -10"><span class='ocrx_word' id='word_1_251' title='bbox 143 2314 240 2345; x_wconf 86' lang='lat' dir='ltr'>etiam</span> <span class='ocrx_word' id='word_1_252' title='bbox 257 2315 364 2346; x_wconf 82' lang='lat' dir='ltr'>afficta</span> <span class='ocrx_word' id='word_1_253' title='bbox 379 2315 534 2346; x_wconf 79' lang='lat' dir='ltr'>miracula</span> <span class='ocrx_word' id='word_1_254' title='bbox 551 2325 602 2354; x_wconf 87' lang='lat'>24,</span> <span class='ocrx_word' id='word_1_255' title='bbox 619 2325 647 2355; x_wconf 92' lang='grc'>3.</span> 
     </span>
     <span class='ocr_line' id='line_1_49' title="bbox 101 2356 768 2400; baseline 0.003 -13"><span class='ocrx_word' id='word_1_256' title='bbox 101 2356 278 2389; x_wconf 78' lang='lat' dir='ltr'>Locrenses</span> <span class='ocrx_word' id='word_1_257' title='bbox 301 2366 353 2397; x_wconf 91' lang='grc'>23,</span> <span class='ocrx_word' id='word_1_258' title='bbox 373 2366 423 2397; x_wconf 90' lang='grc' dir='ltr'>3ο.</span> <span class='ocrx_word' id='word_1_259' title='bbox 448 2367 499 2397; x_wconf 89' lang='grc'>24,</span> <span class='ocrx_word' id='word_1_260' title='bbox 524 2367 549 2389; x_wconf 91' lang='grc'>1.</span> <span class='ocrx_word' id='word_1_261' title='bbox 574 2367 625 2400; x_wconf 90' lang='grc'>29,</span> <span class='ocrx_word' id='word_1_262' title='bbox 645 2367 675 2400; x_wconf 92' lang='lat'><strong>9.</strong></span> <span class='ocrx_word' id='word_1_263' title='bbox 707 2357 768 2389; x_wconf 92' lang='lat' dir='ltr'>Lo-</span> 
     </span>
     <span class='ocr_line' id='line_1_50' title="bbox 143 2400 770 2432; baseline 0.002 -1"><span class='ocrx_word' id='word_1_264' title='bbox 143 2409 270 2432; x_wconf 84' lang='lat' dir='ltr'>crenses</span> <span class='ocrx_word' id='word_1_265' title='bbox 289 2400 322 2431; x_wconf 92' lang='lat' dir='ltr'>in</span> <span class='ocrx_word' id='word_1_266' title='bbox 338 2400 476 2432; x_wconf 84' lang='lat' dir='ltr'>Graecia</span> <span class='ocrx_word' id='word_1_267' title='bbox 493 2400 629 2432; x_wconf 76' lang='lat' dir='ltr'>restituti</span> <span class='ocrx_word' id='word_1_268' title='bbox 645 2401 770 2432; x_wconf 78' lang='lat' dir='ltr'>Aetolis</span> 
     </span>
     <span class='ocr_line' id='line_1_51' title="bbox 102 2451 768 2526; baseline 0 -9"><span class='ocrx_word' id='word_1_269' title='bbox 102 2451 338 2526; x_wconf 49' lang='lat' dir='ltr'>1003c3ri.32pud</span> <span class='ocrx_word' id='word_1_270' title='bbox 354 2496 408 2517; x_wconf 91' lang='lat' dir='ltr'>eos</span> <span class='ocrx_word' id='word_1_271' title='bbox 421 2486 544 2524; x_wconf 83' lang='lat' dir='ltr'>fanum,</span> <span class='ocrx_word' id='word_1_272' title='bbox 560 2485 592 2517; x_wconf 89' lang='grc'>111</span> <span class='ocrx_word' id='word_1_273' title='bbox 615 2496 678 2526; x_wconf 93' lang='lat' dir='ltr'>quo</span> <span class='ocrx_word' id='word_1_274' title='bbox 701 2486 768 2517; x_wconf 89' lang='lat' dir='ltr'>the-</span> 
     </span>
     <span class='ocr_line' id='line_1_52' title="bbox 141 2528 769 2570; baseline 0 -10"><span class='ocrx_word' id='word_1_275' title='bbox 141 2528 226 2560; x_wconf 80' lang='lat' dir='ltr'>sami</span> <span class='ocrx_word' id='word_1_276' title='bbox 272 2529 494 2570; x_wconf 80' lang='lat' dir='ltr'>Proserpinae,</span> <span class='ocrx_word' id='word_1_277' title='bbox 537 2539 617 2569; x_wconf 87' lang='lat' dir='ltr'>quos</span> <span class='ocrx_word' id='word_1_278' title='bbox 660 2528 769 2569; x_wconf 86' lang='lat' dir='ltr'>diripit</span> 
     </span>
     <span class='ocr_line' id='line_1_53' title="bbox 144 2571 769 2613; baseline -0.002 -10"><span class='ocrx_word' id='word_1_279' title='bbox 144 2571 289 2612; x_wconf 85' lang='lat' dir='ltr'>Pyrrhus</span> <span class='ocrx_word' id='word_1_280' title='bbox 301 2581 353 2613; x_wconf 85' lang='grc'>29,</span> <span class='ocrx_word' id='word_1_281' title='bbox 369 2572 415 2603; x_wconf 90' lang='grc'>18.</span> <span class='ocrx_word' id='word_1_282' title='bbox 431 2571 586 2603; x_wconf 79' lang='lat' dir='ltr'>deficiunt</span> <span class='ocrx_word' id='word_1_283' title='bbox 602 2575 674 2612; x_wconf 79' lang='lat' dir='ltr'>post</span> <span class='ocrx_word' id='word_1_284' title='bbox 685 2572 769 2603; x_wconf 87' lang='lat' dir='ltr'>Can-</span> 
     </span>
     <span class='ocr_line' id='line_1_54' title="bbox 143 2612 769 2651; baseline -0.002 -5"><span class='ocrx_word' id='word_1_285' title='bbox 143 2624 275 2646; x_wconf 84' lang='lat' dir='ltr'>nensem</span> <span class='ocrx_word' id='word_1_286' title='bbox 296 2615 421 2646; x_wconf 82' lang='lat' dir='ltr'>cladem</span> <span class='ocrx_word' id='word_1_287' title='bbox 441 2616 482 2646; x_wconf 78' lang='lat' dir='ltr'>ad</span> <span class='ocrx_word' id='word_1_288' title='bbox 504 2615 629 2646; x_wconf 86' lang='lat' dir='ltr'>Poenos</span> <span class='ocrx_word' id='word_1_289' title='bbox 651 2624 701 2651; x_wconf 90' lang='grc'>22,</span> <span class='ocrx_word' id='word_1_290' title='bbox 716 2612 769 2645; x_wconf 87' lang='grc'>61.</span> 
     </span>
     <span class='ocr_line' id='line_1_55' title="bbox 144 2657 771 2698; baseline 0 -10"><span class='ocrx_word' id='word_1_291' title='bbox 144 2657 184 2689; x_wconf 82' lang='lat' dir='ltr'>cf.</span> <span class='ocrx_word' id='word_1_292' title='bbox 201 2661 234 2688; x_wconf 85' lang='lat' dir='ltr'>et</span> <span class='ocrx_word' id='word_1_293' title='bbox 251 2666 302 2696; x_wconf 89' lang='grc'>23,</span> <span class='ocrx_word' id='word_1_294' title='bbox 314 2666 365 2697; x_wconf 89' lang='grc' dir='ltr'>3ο,</span> <span class='ocrx_word' id='word_1_295' title='bbox 378 2661 411 2689; x_wconf 88' lang='grc'>01</span> <span class='ocrx_word' id='word_1_296' title='bbox 426 2667 479 2697; x_wconf 86' lang='grc'>24,</span> <span class='ocrx_word' id='word_1_297' title='bbox 495 2667 520 2689; x_wconf 95' lang='grc'>1.</span> <span class='ocrx_word' id='word_1_298' title='bbox 543 2661 771 2698; x_wconf 79' lang='lat' dir='ltr'>oppugnantur</span> 
     </span>
     <span class='ocr_line' id='line_1_56' title="bbox 144 2699 771 2741; baseline 0 -11"><span class='ocrx_word' id='word_1_299' title='bbox 144 2709 165 2730; x_wconf 86' lang='lat' dir='ltr'>a</span> <span class='ocrx_word' id='word_1_300' title='bbox 189 2699 338 2741; x_wconf 86' lang='lat' dir='ltr'>Crispino</span> <span class='ocrx_word' id='word_1_301' title='bbox 366 2709 417 2740; x_wconf 88' lang='grc'>27,</span> <span class='ocrx_word' id='word_1_302' title='bbox 444 2709 493 2740; x_wconf 93' lang='grc'>25.</span> <span class='ocrx_word' id='word_1_303' title='bbox 528 2700 726 2741; x_wconf 86' lang='lat' dir='ltr'>recipiuntur</span> <span class='ocrx_word' id='word_1_304' title='bbox 751 2711 771 2731; x_wconf 87' lang='grc'>3</span> 
     </span>
     <span class='ocr_line' id='line_1_57' title="bbox 145 2741 769 2785; baseline 0 -12"><span class='ocrx_word' id='word_1_305' title='bbox 145 2741 296 2783; x_wconf 82' lang='lat' dir='ltr'>Scipione</span> <span class='ocrx_word' id='word_1_306' title='bbox 323 2753 373 2785; x_wconf 84' lang='lat'>29,</span> <span class='ocrx_word' id='word_1_307' title='bbox 397 2742 429 2781; x_wconf 89' lang='grc'>6,</span> <span class='ocrx_word' id='word_1_308' title='bbox 453 2750 480 2783; x_wconf 88' lang='grc'>7.</span> <span class='ocrx_word' id='word_1_309' title='bbox 511 2743 564 2783; x_wconf 92' lang='lat' dir='ltr'>qui</span> <span class='ocrx_word' id='word_1_310' title='bbox 589 2743 627 2774; x_wconf 90' lang='lat' dir='ltr'>iis</span> <span class='ocrx_word' id='word_1_311' title='bbox 651 2743 769 2775; x_wconf 80' lang='lat' dir='ltr'>Plemi-</span> 
     </span>
     <span class='ocr_line' id='line_1_58' title="bbox 145 2783 772 2827; baseline 0.002 -12"><span class='ocrx_word' id='word_1_312' title='bbox 145 2783 235 2815; x_wconf 88' lang='lat' dir='ltr'>nium</span> <span class='ocrx_word' id='word_1_313' title='bbox 252 2786 449 2825; x_wconf 79' lang='lat' dir='ltr'>praet&#39;ectum</span> <span class='ocrx_word' id='word_1_314' title='bbox 467 2786 603 2827; x_wconf 82' lang='lat' dir='ltr'>imponit</span> <span class='ocrx_word' id='word_1_315' title='bbox 619 2787 648 2817; x_wconf 86' lang='lat'>8.</span> <span class='ocrx_word' id='word_1_316' title='bbox 671 2786 702 2816; x_wconf 87' lang='lat' dir='ltr'>in</span> <span class='ocrx_word' id='word_1_317' title='bbox 717 2796 772 2816; x_wconf 84' lang='lat' dir='ltr'>eos</span> 
     </span>
     <span class='ocr_line' id='line_1_59' title="bbox 146 2826 770 2867; baseline 0.003 -10"><span class='ocrx_word' id='word_1_318' title='bbox 146 2826 341 2867; x_wconf 82' lang='lat' dir='ltr'>impotenter</span> <span class='ocrx_word' id='word_1_319' title='bbox 361 2827 460 2859; x_wconf 82' lang='lat' dir='ltr'>saevit</span> <span class='ocrx_word' id='word_1_320' title='bbox 483 2828 673 2867; x_wconf 78' lang='lat' dir='ltr'>Pleminius,</span> <span class='ocrx_word' id='word_1_321' title='bbox 695 2829 770 2859; x_wconf 84' lang='lat' dir='ltr'>ibid.</span> 
     </span>
     <span class='ocr_line' id='line_1_60' title="bbox 146 2871 773 2912; baseline 0 -11"><span class='ocrx_word' id='word_1_322' title='bbox 146 2874 178 2901; x_wconf 85' lang='lat' dir='ltr'>et</span> <span class='ocrx_word' id='word_1_323' title='bbox 199 2880 228 2911; x_wconf 91' lang='lat'><strong>9.</strong></span> <span class='ocrx_word' id='word_1_324' title='bbox 257 2880 366 2901; x_wconf 86' lang='lat' dir='ltr'>eorum</span> <span class='ocrx_word' id='word_1_325' title='bbox 393 2871 543 2910; x_wconf 80' lang='lat' dir='ltr'>querelae</span> <span class='ocrx_word' id='word_1_326' title='bbox 570 2881 626 2912; x_wconf 89' lang='lat' dir='ltr'>per</span> <span class='ocrx_word' id='word_1_327' title='bbox 652 2871 773 2912; x_wconf 74' lang='lat' dir='ltr'>legatos</span> 
     </span>
     <span class='ocr_line' id='line_1_61' title="bbox 147 2913 770 2953; baseline 0 -9"><span class='ocrx_word' id='word_1_328' title='bbox 147 2913 274 2944; x_wconf 70' lang='lat' dir='ltr'>delatae</span> <span class='ocrx_word' id='word_1_329' title='bbox 306 2913 347 2944; x_wconf 81' lang='lat' dir='ltr'>ad</span> <span class='ocrx_word' id='word_1_330' title='bbox 377 2917 522 2944; x_wconf 82' lang='lat' dir='ltr'>senatum</span> <span class='ocrx_word' id='word_1_331' title='bbox 560 2913 607 2951; x_wconf 83' lang='lat'>16,</span> <span class='ocrx_word' id='word_1_332' title='bbox 641 2922 690 2953; x_wconf 82' lang='lat'>17,</span> <span class='ocrx_word' id='word_1_333' title='bbox 725 2915 770 2944; x_wconf 82' lang='lat'>18.</span> 
     </span>
    </p>
   </div>
   <div class='ocr_carea' id='block_1_4' title="bbox 807 264 1488 2951">
    <p class='ocr_par' dir='ltr' id='par_1_9' title="bbox 849 264 1477 347">
     <span class='ocr_line' id='line_1_62' title="bbox 851 264 1477 306; baseline 0.008 -12"><span class='ocrx_word' id='word_1_334' title='bbox 851 264 982 296; x_wconf 88' lang='lat' dir='ltr'>libertas</span> <span class='ocrx_word' id='word_1_335' title='bbox 1007 265 1047 296; x_wconf 86' lang='lat' dir='ltr'>iis</span> <span class='ocrx_word' id='word_1_336' title='bbox 1072 266 1222 306; x_wconf 74' lang='lat' dir='ltr'>legesque</span> <span class='ocrx_word' id='word_1_337' title='bbox 1247 276 1323 297; x_wconf 86' lang='lat' dir='ltr'>suae</span> <span class='ocrx_word' id='word_1_338' title='bbox 1352 267 1477 299; x_wconf 86' lang='lat' dir='ltr'>restitu-</span> 
     </span>
     <span class='ocr_line' id='line_1_63' title="bbox 849 308 1413 347; baseline 0.007 -10"><span class='ocrx_word' id='word_1_339' title='bbox 849 310 948 337; x_wconf 89' lang='lat' dir='ltr'>untur</span> <span class='ocrx_word' id='word_1_340' title='bbox 962 317 982 338; x_wconf 89' lang='lat' dir='ltr'>a</span> <span class='ocrx_word' id='word_1_341' title='bbox 996 312 1109 339; x_wconf 85' lang='lat' dir='ltr'>senatu</span> <span class='ocrx_word' id='word_1_342' title='bbox 1127 318 1176 339; x_wconf 90' lang='lat'>21.</span> <span class='ocrx_word' id='word_1_343' title='bbox 1192 308 1231 339; x_wconf 83' lang='lat' dir='ltr'>cf.</span> <span class='ocrx_word' id='word_1_344' title='bbox 1247 312 1278 339; x_wconf 91' lang='lat' dir='ltr'>et</span> <span class='ocrx_word' id='word_1_345' title='bbox 1297 319 1346 347; x_wconf 83' lang='lat'>31,</span> <span class='ocrx_word' id='word_1_346' title='bbox 1366 320 1413 342; x_wconf 91' lang='lat'>12.</span> 
     </span>
    </p>

    <p class='ocr_par' dir='ltr' id='par_1_10' title="bbox 808 349 1376 389">
     <span class='ocr_line' id='line_1_64' title="bbox 808 349 1376 389; baseline 0.007 -10"><span class='ocrx_word' id='word_1_347' title='bbox 808 349 918 380; x_wconf 89' lang='lat' dir='ltr'>Locris</span> <span class='ocrx_word' id='word_1_348' title='bbox 933 349 965 379; x_wconf 90' lang='lat' dir='ltr'>in</span> <span class='ocrx_word' id='word_1_349' title='bbox 982 350 1120 381; x_wconf 87' lang='lat' dir='ltr'>Graecia</span> <span class='ocrx_word' id='word_1_350' title='bbox 1136 349 1187 388; x_wconf 89' lang='grc'>26,</span> <span class='ocrx_word' id='word_1_351' title='bbox 1205 349 1254 382; x_wconf 88' lang='grc'><strong>26.</strong></span> <span class='ocrx_word' id='word_1_352' title='bbox 1280 351 1330 389; x_wconf 87' lang='grc'>28,</span> <span class='ocrx_word' id='word_1_353' title='bbox 1347 350 1376 383; x_wconf 94' lang='lat'>6.</span> 
     </span>
    </p>

    <p class='ocr_par' dir='ltr' id='par_1_11' title="bbox 807 391 1479 688">
     <span class='ocr_line' id='line_1_65' title="bbox 807 391 1477 433; baseline 0.006 -11"><span class='ocrx_word' id='word_1_354' title='bbox 807 391 1018 423; x_wconf 87' lang='lat' dir='ltr'>Locustarum</span> <span class='ocrx_word' id='word_1_355' title='bbox 1046 393 1092 423; x_wconf 82' lang='lat' dir='ltr'>vis</span> <span class='ocrx_word' id='word_1_356' title='bbox 1115 393 1236 433; x_wconf 86' lang='lat' dir='ltr'>ingens,</span> <span class='ocrx_word' id='word_1_357' title='bbox 1260 392 1306 423; x_wconf 85' lang='lat' dir='ltr'>ita</span> <span class='ocrx_word' id='word_1_358' title='bbox 1330 398 1366 424; x_wconf 83' lang='lat' dir='ltr'>ut</span> <span class='ocrx_word' id='word_1_359' title='bbox 1391 396 1477 426; x_wconf 92' lang='lat' dir='ltr'>unde</span> 
     </span>
     <span class='ocr_line' id='line_1_66' title="bbox 848 434 1478 475; baseline 0.005 -11"><span class='ocrx_word' id='word_1_360' title='bbox 848 434 1061 472; x_wconf 80' lang='lat' dir='ltr'>advenissent,</span> <span class='ocrx_word' id='word_1_361' title='bbox 1077 445 1190 475; x_wconf 89' lang='lat' dir='ltr'>parum</span> <span class='ocrx_word' id='word_1_362' title='bbox 1207 440 1378 473; x_wconf 86' lang='lat' dir='ltr'>constaret,</span> <span class='ocrx_word' id='word_1_363' title='bbox 1394 437 1478 467; x_wconf 88' lang='lat' dir='ltr'>circa</span> 
     </span>
     <span class='ocr_line' id='line_1_67' title="bbox 850 477 1479 518; baseline 0.003 -10"><span class='ocrx_word' id='word_1_364' title='bbox 850 477 999 517; x_wconf 87' lang='lat' dir='ltr'>Capuam</span> <span class='ocrx_word' id='word_1_365' title='bbox 1021 487 1150 508; x_wconf 89' lang='lat' dir='ltr'>omnem</span> <span class='ocrx_word' id='word_1_366' title='bbox 1172 488 1283 518; x_wconf 85' lang='lat' dir='ltr'>agrum</span> <span class='ocrx_word' id='word_1_367' title='bbox 1305 479 1479 518; x_wconf 79' lang='lat' dir='ltr'>complevit</span> 
     </span>
     <span class='ocr_line' id='line_1_68' title="bbox 851 519 1479 559; baseline 0.003 -9"><span class='ocrx_word' id='word_1_368' title='bbox 851 528 903 559; x_wconf 86' lang='grc' dir='ltr'>3ο,</span> <span class='ocrx_word' id='word_1_369' title='bbox 926 528 954 551; x_wconf 87' lang='grc'>2.</span> <span class='ocrx_word' id='word_1_370' title='bbox 976 519 1014 551; x_wconf 91' lang='lat' dir='ltr'>cf.</span> <span class='ocrx_word' id='word_1_371' title='bbox 1037 523 1068 550; x_wconf 89' lang='lat' dir='ltr'>et</span> <span class='ocrx_word' id='word_1_372' title='bbox 1094 529 1146 558; x_wconf 87' lang='grc'>42,</span> <span class='ocrx_word' id='word_1_373' title='bbox 1172 529 1199 552; x_wconf 94' lang='grc'>2.</span> <span class='ocrx_word' id='word_1_374' title='bbox 1232 530 1342 551; x_wconf 86' lang='grc'><strong>03111111</strong></span> <span class='ocrx_word' id='word_1_375' title='bbox 1369 524 1479 552; x_wconf 84' lang='lat' dir='ltr'>tantae</span> 
     </span>
     <span class='ocr_line' id='line_1_69' title="bbox 849 563 1478 603; baseline 0.002 -10"><span class='ocrx_word' id='word_1_376' title='bbox 849 563 952 593; x_wconf 85' lang='lat' dir='ltr'>nubes</span> <span class='ocrx_word' id='word_1_377' title='bbox 979 572 999 593; x_wconf 89' lang='lat' dir='ltr'>a</span> <span class='ocrx_word' id='word_1_378' title='bbox 1028 563 1108 593; x_wconf 89' lang='lat' dir='ltr'>mari</span> <span class='ocrx_word' id='word_1_379' title='bbox 1136 567 1233 593; x_wconf 86' lang='lat' dir='ltr'>vento</span> <span class='ocrx_word' id='word_1_380' title='bbox 1262 563 1295 594; x_wconf 91' lang='lat' dir='ltr'>in</span> <span class='ocrx_word' id='word_1_381' title='bbox 1323 564 1478 603; x_wconf 88' lang='lat' dir='ltr'>Apuliam</span> 
     </span>
     <span class='ocr_line' id='line_1_70' title="bbox 849 603 1479 643; baseline 0.005 -8"><span class='ocrx_word' id='word_1_382' title='bbox 849 603 970 643; x_wconf 89' lang='lat' dir='ltr'>illatae,</span> <span class='ocrx_word' id='word_1_383' title='bbox 1000 609 1036 636; x_wconf 91' lang='lat' dir='ltr'>ut</span> <span class='ocrx_word' id='word_1_384' title='bbox 1073 605 1276 636; x_wconf 87' lang='lat' dir='ltr'>examinibus</span> <span class='ocrx_word' id='word_1_385' title='bbox 1311 606 1377 637; x_wconf 84' lang='lat' dir='ltr'>suis</span> <span class='ocrx_word' id='word_1_386' title='bbox 1413 607 1479 638; x_wconf 87' lang='lat' dir='ltr'>late</span> 
     </span>
     <span class='ocr_line' id='line_1_71' title="bbox 849 647 1250 688; baseline 0.005 -10"><span class='ocrx_word' id='word_1_387' title='bbox 849 658 939 688; x_wconf 87' lang='lat' dir='ltr'>agros</span> <span class='ocrx_word' id='word_1_388' title='bbox 953 647 1114 688; x_wconf 88' lang='lat' dir='ltr'>operirent</span> <span class='ocrx_word' id='word_1_389' title='bbox 1130 658 1183 687; x_wconf 83' lang='grc'>42,</span> <span class='ocrx_word' id='word_1_390' title='bbox 1203 658 1250 680; x_wconf 90' lang='lat'>10.</span> 
     </span>
    </p>

    <p class='ocr_par' dir='ltr' id='par_1_12' title="bbox 807 689 1480 815">
     <span class='ocr_line' id='line_1_72' title="bbox 807 689 1475 731; baseline 0.001 -10"><span class='ocrx_word' id='word_1_391' title='bbox 807 689 972 731; x_wconf 82' lang='lat' dir='ltr'>Longarus</span> <span class='ocrx_word' id='word_1_392' title='bbox 982 691 1104 722; x_wconf 87' lang='lat' dir='ltr'>bellum</span> <span class='ocrx_word' id='word_1_393' title='bbox 1118 701 1190 722; x_wconf 93' lang='lat' dir='ltr'>cum</span> <span class='ocrx_word' id='word_1_394' title='bbox 1205 691 1386 729; x_wconf 89' lang='lat' dir='ltr'>Demetrio,</span> <span class='ocrx_word' id='word_1_395' title='bbox 1400 691 1475 722; x_wconf 85' lang='lat' dir='ltr'>Phi-</span> 
     </span>
     <span class='ocr_line' id='line_1_73' title="bbox 849 733 1480 775; baseline 0.003 -12"><span class='ocrx_word' id='word_1_396' title='bbox 849 733 930 773; x_wconf 91' lang='lat' dir='ltr'>lippi</span> <span class='ocrx_word' id='word_1_397' title='bbox 947 733 1159 765; x_wconf 86' lang='lat' dir='ltr'>Macedoniae</span> <span class='ocrx_word' id='word_1_398' title='bbox 1174 735 1254 774; x_wconf 83' lang='lat' dir='ltr'>regis</span> <span class='ocrx_word' id='word_1_399' title='bbox 1270 738 1372 774; x_wconf 90' lang='lat' dir='ltr'>patre,</span> <span class='ocrx_word' id='word_1_400' title='bbox 1383 735 1480 775; x_wconf 83' lang='lat' dir='ltr'>gessit</span> 
     </span>
     <span class='ocr_line' id='line_1_74' title="bbox 851 777 969 815; baseline 0.017 -10"><span class='ocrx_word' id='word_1_401' title='bbox 851 784 903 815; x_wconf 83' lang='lat'>31,</span> <span class='ocrx_word' id='word_1_402' title='bbox 921 777 969 807; x_wconf 93' lang='grc'>28.</span> 
     </span>
    </p>

    <p class='ocr_par' dir='ltr' id='par_1_13' title="bbox 808 817 1479 905">
     <span class='ocr_line' id='line_1_75' title="bbox 808 817 1479 860; baseline 0.004 -12"><span class='ocrx_word' id='word_1_403' title='bbox 808 817 967 858; x_wconf 83' lang='lat' dir='ltr'>Longula,</span> <span class='ocrx_word' id='word_1_404' title='bbox 997 829 1072 859; x_wconf 90' lang='lat' dir='ltr'>opp.</span> <span class='ocrx_word' id='word_1_405' title='bbox 1105 828 1135 857; x_wconf 91' lang='grc'>2,</span> <span class='ocrx_word' id='word_1_406' title='bbox 1165 828 1215 860; x_wconf 86' lang='grc'>33.</span> <span class='ocrx_word' id='word_1_407' title='bbox 1252 830 1272 851; x_wconf 86' lang='grc'>3</span> <span class='ocrx_word' id='word_1_408' title='bbox 1305 819 1479 851; x_wconf 87' lang='lat' dir='ltr'>Coriolano</span> 
     </span>
     <span class='ocr_line' id='line_1_76' title="bbox 850 861 1460 905; baseline 0.007 -14"><span class='ocrx_word' id='word_1_409' title='bbox 850 861 1007 892; x_wconf 87' lang='lat' dir='ltr'>Romanis</span> <span class='ocrx_word' id='word_1_410' title='bbox 1022 861 1175 892; x_wconf 90' lang='lat' dir='ltr'>adimitur</span> <span class='ocrx_word' id='word_1_411' title='bbox 1191 871 1240 904; x_wconf 83' lang='lat'>39.</span> <span class='ocrx_word' id='word_1_412' title='bbox 1257 863 1297 894; x_wconf 90' lang='lat' dir='ltr'>cf.</span> <span class='ocrx_word' id='word_1_413' title='bbox 1314 867 1346 893; x_wconf 88' lang='lat' dir='ltr'>et</span> <span class='ocrx_word' id='word_1_414' title='bbox 1361 872 1393 904; x_wconf 90' lang='lat'>9,</span> <span class='ocrx_word' id='word_1_415' title='bbox 1410 872 1460 905; x_wconf 84' lang='lat'>39.</span> 
     </span>
    </p>

    <p class='ocr_par' dir='ltr' id='par_1_14' title="bbox 810 903 1145 944">
     <span class='ocr_line' id='line_1_77' title="bbox 810 903 1145 944; baseline 0.006 -10"><span class='ocrx_word' id='word_1_416' title='bbox 810 903 1013 944; x_wconf 88' lang='lat' dir='ltr'>Longuntica</span> <span class='ocrx_word' id='word_1_417' title='bbox 1029 914 1080 942; x_wconf 83' lang='lat'>22,</span> <span class='ocrx_word' id='word_1_418' title='bbox 1097 914 1145 936; x_wconf 92' lang='lat'>20.</span> 
     </span>
    </p>

    <p class='ocr_par' dir='ltr' id='par_1_15' title="bbox 809 946 1222 988">
     <span class='ocr_line' id='line_1_78' title="bbox 809 946 1222 988; baseline 0.005 -11"><span class='ocrx_word' id='word_1_419' title='bbox 809 946 977 985; x_wconf 88' lang='lat' dir='ltr'>Loracina,</span> <span class='ocrx_word' id='word_1_420' title='bbox 994 947 1110 977; x_wconf 84' lang='lat' dir='ltr'>fluvius</span> <span class='ocrx_word' id='word_1_421' title='bbox 1125 957 1176 988; x_wconf 81' lang='grc'>43,</span> <span class='ocrx_word' id='word_1_422' title='bbox 1193 946 1222 979; x_wconf 95' lang='lat'>6.</span> 
     </span>
    </p>

    <p class='ocr_par' dir='ltr' id='par_1_16' title="bbox 810 989 1480 1106">
     <span class='ocr_line' id='line_1_79' title="bbox 810 989 1480 1032; baseline 0.003 -12"><span class='ocrx_word' id='word_1_423' title='bbox 810 989 961 1030; x_wconf 72' lang='lat' dir='ltr'>Loryma,</span> <span class='ocrx_word' id='word_1_424' title='bbox 978 994 1087 1029; x_wconf 85' lang='lat' dir='ltr'>portus</span> <span class='ocrx_word' id='word_1_425' title='bbox 1100 998 1151 1030; x_wconf 84' lang='lat'>37,</span> <span class='ocrx_word' id='word_1_426' title='bbox 1171 998 1217 1030; x_wconf 89' lang='grc'>17.</span> <span class='ocrx_word' id='word_1_427' title='bbox 1242 990 1351 1030; x_wconf 83' lang='lat' dir='ltr'>viginti</span> <span class='ocrx_word' id='word_1_428' title='bbox 1369 992 1480 1032; x_wconf 90' lang='lat' dir='ltr'>paullo</span> 
     </span>
     <span class='ocr_line' id='line_1_80' title="bbox 850 1032 1480 1074; baseline 0.003 -12"><span class='ocrx_word' id='word_1_429' title='bbox 850 1032 991 1072; x_wconf 88' lang='lat' dir='ltr'>amplius</span> <span class='ocrx_word' id='word_1_430' title='bbox 1008 1033 1112 1063; x_wconf 88' lang='lat' dir='ltr'>millia</span> <span class='ocrx_word' id='word_1_431' title='bbox 1130 1033 1171 1064; x_wconf 90' lang='lat' dir='ltr'>ab</span> <span class='ocrx_word' id='word_1_432' title='bbox 1188 1033 1306 1064; x_wconf 86' lang='lat' dir='ltr'>Rhodo</span> <span class='ocrx_word' id='word_1_433' title='bbox 1322 1034 1411 1064; x_wconf 85' lang='lat' dir='ltr'>abest</span> <span class='ocrx_word' id='word_1_434' title='bbox 1428 1042 1480 1074; x_wconf 86' lang='lat'>45,</span> 
     </span>
     <span class='ocr_line' id='line_1_81' title="bbox 855 1084 901 1106; baseline 0.043 -2"><span class='ocrx_word' id='word_1_435' title='bbox 855 1084 901 1106; x_wconf 91' lang='lat'>10.</span> 
     </span>
    </p>

    <p class='ocr_par' dir='ltr' id='par_1_17' title="bbox 809 1115 1480 1244">
     <span class='ocr_line' id='line_1_82' title="bbox 809 1115 1480 1156; baseline 0.003 -8"><span class='ocrx_word' id='word_1_436' title='bbox 809 1115 880 1148; x_wconf 87' lang='lat' dir='ltr'>Lua</span> <span class='ocrx_word' id='word_1_437' title='bbox 903 1117 1011 1149; x_wconf 87' lang='lat' dir='ltr'>Mater</span> <span class='ocrx_word' id='word_1_438' title='bbox 1037 1118 1068 1156; x_wconf 89' lang='lat'>8,</span> <span class='ocrx_word' id='word_1_439' title='bbox 1093 1127 1118 1148; x_wconf 90' lang='lat'>1.</span> <span class='ocrx_word' id='word_1_440' title='bbox 1151 1117 1179 1149; x_wconf 90' lang='lat' dir='ltr'>ei</span> <span class='ocrx_word' id='word_1_441' title='bbox 1202 1128 1291 1149; x_wconf 87' lang='lat' dir='ltr'>arma</span> <span class='ocrx_word' id='word_1_442' title='bbox 1315 1129 1480 1150; x_wconf 82' lang='lat' dir='ltr'>caesorum</span> 
     </span>
     <span class='ocr_line' id='line_1_83' title="bbox 852 1159 1480 1199; baseline 0.005 -10"><span class='ocrx_word' id='word_1_443' title='bbox 852 1159 1043 1191; x_wconf 82' lang='lat' dir='ltr'>Volscorum</span> <span class='ocrx_word' id='word_1_444' title='bbox 1061 1161 1137 1191; x_wconf 89' lang='lat' dir='ltr'>data</span> <span class='ocrx_word' id='word_1_445' title='bbox 1156 1171 1175 1190; x_wconf 89' lang='lat' dir='ltr'>a</span> <span class='ocrx_word' id='word_1_446' title='bbox 1191 1162 1334 1199; x_wconf 86' lang='lat' dir='ltr'>consule,</span> <span class='ocrx_word' id='word_1_447' title='bbox 1351 1161 1427 1194; x_wconf 92' lang='lat' dir='ltr'>ibid.</span> <span class='ocrx_word' id='word_1_448' title='bbox 1451 1161 1480 1193; x_wconf 93' lang='lat' dir='ltr'>ei</span> 
     </span>
     <span class='ocr_line' id='line_1_84' title="bbox 849 1202 1367 1244; baseline 0.006 -12"><span class='ocrx_word' id='word_1_449' title='bbox 849 1202 956 1233; x_wconf 81' lang='lat' dir='ltr'>dicata</span> <span class='ocrx_word' id='word_1_450' title='bbox 972 1202 1075 1243; x_wconf 88' lang='lat' dir='ltr'>spolia</span> <span class='ocrx_word' id='word_1_451' title='bbox 1090 1203 1230 1234; x_wconf 90' lang='lat' dir='ltr'>hostium</span> <span class='ocrx_word' id='word_1_452' title='bbox 1248 1212 1299 1242; x_wconf 92' lang='grc'>45,</span> <span class='ocrx_word' id='word_1_453' title='bbox 1317 1213 1367 1244; x_wconf 87' lang='grc'>33.</span> 
     </span>
    </p>

    <p class='ocr_par' dir='ltr' id='par_1_18' title="bbox 807 1244 1481 1326">
     <span class='ocr_line' id='line_1_85' title="bbox 807 1244 1481 1287; baseline 0.006 -12"><span class='ocrx_word' id='word_1_454' title='bbox 807 1244 908 1282; x_wconf 84' lang='grc'><strong>111103,</strong></span> <span class='ocrx_word' id='word_1_455' title='bbox 924 1247 998 1276; x_wconf 85' lang='lat' dir='ltr'>urbs</span> <span class='ocrx_word' id='word_1_456' title='bbox 1012 1255 1061 1283; x_wconf 88' lang='grc'>21,</span> <span class='ocrx_word' id='word_1_457' title='bbox 1073 1253 1123 1287; x_wconf 88' lang='grc'>59.</span> <span class='ocrx_word' id='word_1_458' title='bbox 1147 1255 1184 1276; x_wconf 88' lang='grc'>00</span> <span class='ocrx_word' id='word_1_459' title='bbox 1201 1246 1326 1277; x_wconf 85' lang='grc'><strong>00101113</strong></span> <span class='ocrx_word' id='word_1_460' title='bbox 1342 1247 1481 1279; x_wconf 87' lang='lat' dir='ltr'>deducta</span> 
     </span>
     <span class='ocr_line' id='line_1_86' title="bbox 851 1295 968 1326; baseline 0.017 -9"><span class='ocrx_word' id='word_1_461' title='bbox 851 1297 903 1326; x_wconf 89' lang='lat'>41,</span> <span class='ocrx_word' id='word_1_462' title='bbox 922 1295 968 1319; x_wconf 84' lang='lat'><strong>1··.</strong></span> 
     </span>
    </p>

    <p class='ocr_par' dir='ltr' id='par_1_19' title="bbox 809 1306 1483 2097">
     <span class='ocr_line' id='line_1_87' title="bbox 809 1306 1480 1371; baseline 0.004 -10"><span class='ocrx_word' id='word_1_463' title='bbox 809 1329 932 1361; x_wconf 83' lang='lat' dir='ltr'>Lucani</span> <span class='ocrx_word' id='word_1_464' title='bbox 945 1306 1098 1371; x_wconf 61' lang='lat' dir='ltr'>‘pugnant</span> <span class='ocrx_word' id='word_1_465' title='bbox 1116 1341 1191 1362; x_wconf 92' lang='lat' dir='ltr'>cum</span> <span class='ocrx_word' id='word_1_466' title='bbox 1207 1331 1405 1363; x_wconf 88' lang='lat' dir='ltr'>Samnitibus</span> <span class='ocrx_word' id='word_1_467' title='bbox 1425 1333 1480 1364; x_wconf 87' lang='lat' dir='ltr'>ad-</span> 
     </span>
     <span class='ocr_line' id='line_1_88' title="bbox 851 1374 1482 1414; baseline 0.003 -10"><span class='ocrx_word' id='word_1_468' title='bbox 851 1383 959 1404; x_wconf 83' lang='lat' dir='ltr'>versus</span> <span class='ocrx_word' id='word_1_469' title='bbox 985 1374 1206 1405; x_wconf 85' lang='lat' dir='ltr'>Alexandrum</span> <span class='ocrx_word' id='word_1_470' title='bbox 1236 1374 1426 1414; x_wconf 86' lang='lat' dir='ltr'>Epirensem</span> <span class='ocrx_word' id='word_1_471' title='bbox 1450 1375 1482 1413; x_wconf 91' lang='lat'>8,</span> 
     </span>
     <span class='ocr_line' id='line_1_89' title="bbox 854 1416 1481 1458; baseline 0.003 -11"><span class='ocrx_word' id='word_1_472' title='bbox 854 1426 866 1447; x_wconf 90' lang='lat'><strong>1</strong></span> <span class='ocrx_word' id='word_1_473' title='bbox 875 1424 900 1456; x_wconf 88' lang='lat'>7.</span> <span class='ocrx_word' id='word_1_474' title='bbox 924 1416 1122 1458; x_wconf 83' lang='lat' dir='ltr'>recipiuntur</span> <span class='ocrx_word' id='word_1_475' title='bbox 1133 1427 1153 1447; x_wconf 88' lang='lat' dir='ltr'>a</span> <span class='ocrx_word' id='word_1_476' title='bbox 1165 1417 1324 1448; x_wconf 87' lang='lat' dir='ltr'>Romanis</span> <span class='ocrx_word' id='word_1_477' title='bbox 1338 1417 1370 1448; x_wconf 92' lang='lat' dir='ltr'>in</span> <span class='ocrx_word' id='word_1_478' title='bbox 1383 1417 1481 1449; x_wconf 82' lang='lat' dir='ltr'>fidem</span> 
     </span>
     <span class='ocr_line' id='line_1_90' title="bbox 854 1458 1481 1500; baseline 0.005 -11"><span class='ocrx_word' id='word_1_479' title='bbox 854 1468 892 1500; x_wconf 91' lang='lat'>19</span> <span class='ocrx_word' id='word_1_480' title='bbox 908 1463 941 1490; x_wconf 88' lang='lat' dir='ltr'>et</span> <span class='ocrx_word' id='word_1_481' title='bbox 957 1467 1006 1499; x_wconf 87' lang='grc'>25.</span> <span class='ocrx_word' id='word_1_482' title='bbox 1037 1458 1203 1498; x_wconf 86' lang='lat' dir='ltr'>deficiunt,</span> <span class='ocrx_word' id='word_1_483' title='bbox 1219 1460 1330 1490; x_wconf 82' lang='lat' dir='ltr'>fraude</span> <span class='ocrx_word' id='word_1_484' title='bbox 1349 1460 1481 1500; x_wconf 81' lang='lat' dir='ltr'>impulsi</span> 
     </span>
     <span class='ocr_line' id='line_1_91' title="bbox 852 1502 1480 1543; baseline 0.003 -11"><span class='ocrx_word' id='word_1_485' title='bbox 852 1509 902 1541; x_wconf 91' lang='grc'>27.</span> <span class='ocrx_word' id='word_1_486' title='bbox 933 1502 966 1533; x_wconf 91' lang='lat' dir='ltr'>in</span> <span class='ocrx_word' id='word_1_487' title='bbox 993 1512 1103 1533; x_wconf 90' lang='lat' dir='ltr'>eorum</span> <span class='ocrx_word' id='word_1_488' title='bbox 1129 1503 1290 1543; x_wconf 86' lang='lat' dir='ltr'>regionem</span> <span class='ocrx_word' id='word_1_489' title='bbox 1313 1507 1480 1534; x_wconf 86' lang='lat' dir='ltr'>transeunt</span> 
     </span>
     <span class='ocr_line' id='line_1_92' title="bbox 851 1544 1481 1586; baseline 0.003 -11"><span class='ocrx_word' id='word_1_490' title='bbox 851 1544 1010 1576; x_wconf 88' lang='lat' dir='ltr'>exercitus</span> <span class='ocrx_word' id='word_1_491' title='bbox 1030 1545 1126 1576; x_wconf 90' lang='lat' dir='ltr'>Rom.</span> <span class='ocrx_word' id='word_1_492' title='bbox 1146 1555 1178 1586; x_wconf 90' lang='lat'>9,</span> <span class='ocrx_word' id='word_1_493' title='bbox 1195 1555 1244 1577; x_wconf 89' lang='lat'>20.</span> <span class='ocrx_word' id='word_1_494' title='bbox 1275 1545 1481 1577; x_wconf 90' lang='lat' dir='ltr'>Lucanorum</span> 
     </span>
     <span class='ocr_line' id='line_1_93' title="bbox 851 1587 1481 1628; baseline 0.003 -10"><span class='ocrx_word' id='word_1_495' title='bbox 851 1591 990 1618; x_wconf 89' lang='lat' dir='ltr'>oratores</span> <span class='ocrx_word' id='word_1_496' title='bbox 1012 1591 1127 1628; x_wconf 89' lang='lat' dir='ltr'>petunt</span> <span class='ocrx_word' id='word_1_497' title='bbox 1142 1588 1175 1618; x_wconf 93' lang='lat' dir='ltr'>in</span> <span class='ocrx_word' id='word_1_498' title='bbox 1190 1587 1366 1619; x_wconf 88' lang='lat' dir='ltr'>amicitiam</span> <span class='ocrx_word' id='word_1_499' title='bbox 1383 1589 1481 1621; x_wconf 88' lang='lat' dir='ltr'>Rom.</span> 
     </span>
     <span class='ocr_line' id='line_1_94' title="bbox 851 1629 1480 1670; baseline 0.003 -10"><span class='ocrx_word' id='word_1_500' title='bbox 851 1629 949 1670; x_wconf 87' lang='lat' dir='ltr'>recipi</span> <span class='ocrx_word' id='word_1_501' title='bbox 969 1639 1017 1668; x_wconf 88' lang='lat'>10,</span> <span class='ocrx_word' id='word_1_502' title='bbox 1036 1639 1084 1661; x_wconf 92' lang='lat'>11.</span> <span class='ocrx_word' id='word_1_503' title='bbox 1107 1631 1220 1661; x_wconf 86' lang='lat' dir='ltr'>foedus</span> <span class='ocrx_word' id='word_1_504' title='bbox 1235 1640 1308 1661; x_wconf 90' lang='lat' dir='ltr'>cum</span> <span class='ocrx_word' id='word_1_505' title='bbox 1325 1631 1363 1661; x_wconf 91' lang='lat' dir='ltr'>iis</span> <span class='ocrx_word' id='word_1_506' title='bbox 1377 1631 1480 1662; x_wconf 89' lang='lat' dir='ltr'>ictum</span> 
     </span>
     <span class='ocr_line' id='line_1_95' title="bbox 855 1673 1483 1713; baseline 0.003 -10"><span class='ocrx_word' id='word_1_507' title='bbox 855 1682 903 1703; x_wconf 91' lang='grc'>12.</span> <span class='ocrx_word' id='word_1_508' title='bbox 933 1683 1043 1704; x_wconf 87' lang='grc'><strong>00111111</strong></span> <span class='ocrx_word' id='word_1_509' title='bbox 1064 1673 1178 1704; x_wconf 88' lang='lat' dir='ltr'>seditio</span> <span class='ocrx_word' id='word_1_510' title='bbox 1194 1673 1415 1713; x_wconf 90' lang='lat' dir='ltr'>comprimitur</span> <span class='ocrx_word' id='word_1_511' title='bbox 1433 1674 1483 1706; x_wconf 89' lang='lat'>18.</span> 
     </span>
     <span class='ocr_line' id='line_1_96' title="bbox 851 1715 1481 1754; baseline 0.003 -8"><span class='ocrx_word' id='word_1_512' title='bbox 851 1715 1007 1746; x_wconf 81' lang='lat' dir='ltr'>deficiunt</span> <span class='ocrx_word' id='word_1_513' title='bbox 1025 1716 1066 1746; x_wconf 87' lang='lat' dir='ltr'>ad</span> <span class='ocrx_word' id='word_1_514' title='bbox 1086 1715 1213 1747; x_wconf 90' lang='lat' dir='ltr'>Poenos</span> <span class='ocrx_word' id='word_1_515' title='bbox 1229 1725 1280 1754; x_wconf 86' lang='lat'>22,</span> <span class='ocrx_word' id='word_1_516' title='bbox 1295 1715 1346 1748; x_wconf 93' lang='lat'>61.</span> <span class='ocrx_word' id='word_1_517' title='bbox 1377 1716 1481 1748; x_wconf 86' lang='lat' dir='ltr'>Luca-</span> 
     </span>
     <span class='ocr_line' id='line_1_97' title="bbox 851 1758 1481 1799; baseline 0.005 -11"><span class='ocrx_word' id='word_1_518' title='bbox 851 1768 966 1789; x_wconf 87' lang='lat' dir='ltr'>norum</span> <span class='ocrx_word' id='word_1_519' title='bbox 985 1758 1108 1798; x_wconf 87' lang='lat' dir='ltr'>aliquot</span> <span class='ocrx_word' id='word_1_520' title='bbox 1124 1758 1275 1799; x_wconf 87' lang='lat' dir='ltr'>ignobilia</span> <span class='ocrx_word' id='word_1_521' title='bbox 1291 1759 1412 1799; x_wconf 89' lang='lat' dir='ltr'>oppida</span> <span class='ocrx_word' id='word_1_522' title='bbox 1427 1770 1481 1791; x_wconf 87' lang='lat' dir='ltr'>ex-</span> 
     </span>
     <span class='ocr_line' id='line_1_98' title="bbox 853 1801 1481 1842; baseline 0.005 -11"><span class='ocrx_word' id='word_1_523' title='bbox 853 1806 975 1841; x_wconf 86' lang='lat' dir='ltr'>pugnat</span> <span class='ocrx_word' id='word_1_524' title='bbox 998 1801 1049 1832; x_wconf 87' lang='lat' dir='ltr'>Ti.</span> <span class='ocrx_word' id='word_1_525' title='bbox 1064 1801 1271 1841; x_wconf 86' lang='lat' dir='ltr'>Sempronius</span> <span class='ocrx_word' id='word_1_526' title='bbox 1293 1811 1355 1832; x_wconf 90' lang='lat' dir='ltr'>cos.</span> <span class='ocrx_word' id='word_1_527' title='bbox 1379 1810 1430 1842; x_wconf 88' lang='grc'>25,</span> <span class='ocrx_word' id='word_1_528' title='bbox 1455 1812 1481 1834; x_wconf 91' lang='grc'>1.</span> 
     </span>
     <span class='ocr_line' id='line_1_99' title="bbox 853 1844 1481 1883; baseline 0.005 -9"><span class='ocrx_word' id='word_1_529' title='bbox 853 1844 975 1874; x_wconf 89' lang='lat' dir='ltr'>dedunt</span> <span class='ocrx_word' id='word_1_530' title='bbox 995 1854 1028 1875; x_wconf 89' lang='lat' dir='ltr'>se</span> <span class='ocrx_word' id='word_1_531' title='bbox 1047 1844 1204 1875; x_wconf 89' lang='lat' dir='ltr'>Romanis</span> <span class='ocrx_word' id='word_1_532' title='bbox 1220 1851 1270 1883; x_wconf 87' lang='lat'>27,</span> <span class='ocrx_word' id='word_1_533' title='bbox 1291 1852 1337 1883; x_wconf 91' lang='grc'>15.</span> <span class='ocrx_word' id='word_1_534' title='bbox 1364 1845 1414 1882; x_wconf 88' lang='grc'>28,</span> <span class='ocrx_word' id='word_1_535' title='bbox 1434 1855 1481 1877; x_wconf 90' lang='grc'>11.</span> 
     </span>
     <span class='ocr_line' id='line_1_100' title="bbox 854 1886 1482 1927; baseline 0.002 -10"><span class='ocrx_word' id='word_1_536' title='bbox 854 1886 1005 1918; x_wconf 88' lang='lat' dir='ltr'>Lucanae</span> <span class='ocrx_word' id='word_1_537' title='bbox 1033 1887 1173 1926; x_wconf 82' lang='lat' dir='ltr'>legiones</span> <span class='ocrx_word' id='word_1_538' title='bbox 1205 1897 1301 1927; x_wconf 88' lang='lat' dir='ltr'>saepe</span> <span class='ocrx_word' id='word_1_539' title='bbox 1326 1888 1415 1918; x_wconf 82' lang='lat' dir='ltr'>fusae</span> <span class='ocrx_word' id='word_1_540' title='bbox 1440 1888 1482 1918; x_wconf 86' lang='lat' dir='ltr'>ab</span> 
     </span>
     <span class='ocr_line' id='line_1_101' title="bbox 854 1929 1481 1970; baseline 0.002 -10"><span class='ocrx_word' id='word_1_541' title='bbox 854 1930 1040 1961; x_wconf 88' lang='lat' dir='ltr'>Alexandro</span> <span class='ocrx_word' id='word_1_542' title='bbox 1062 1929 1209 1970; x_wconf 70' lang='lat' dir='ltr'>Ep÷rensi</span> <span class='ocrx_word' id='word_1_543' title='bbox 1229 1930 1259 1965; x_wconf 88' lang='grc'>8,</span> <span class='ocrx_word' id='word_1_544' title='bbox 1276 1939 1325 1968; x_wconf 77' lang='grc'>24.</span> <span class='ocrx_word' id='word_1_545' title='bbox 1358 1930 1481 1961; x_wconf 91' lang='lat' dir='ltr'>Lucani</span> 
     </span>
     <span class='ocr_line' id='line_1_102' title="bbox 853 1972 1482 2020; baseline 0.003 -18"><span class='ocrx_word' id='word_1_546' title='bbox 853 1976 978 2002; x_wconf 88' lang='lat' dir='ltr'>montes</span> <span class='ocrx_word' id='word_1_547' title='bbox 986 1982 1020 2020; x_wconf 79' lang='lat'>9,</span> <span class='ocrx_word' id='word_1_548' title='bbox 1035 1980 1081 2012; x_wconf 91' lang='lat'>17.</span> <span class='ocrx_word' id='word_1_549' title='bbox 1103 1972 1254 2003; x_wconf 86' lang='lat' dir='ltr'>Lucanus</span> <span class='ocrx_word' id='word_1_550' title='bbox 1265 1973 1356 2003; x_wconf 87' lang='lat' dir='ltr'>exsul</span> <span class='ocrx_word' id='word_1_551' title='bbox 1371 1977 1482 2004; x_wconf 83' lang='lat' dir='ltr'>veruto</span> 
     </span>
     <span class='ocr_line' id='line_1_103' title="bbox 853 2015 1480 2055; baseline 0.002 -10"><span class='ocrx_word' id='word_1_552' title='bbox 853 2016 1009 2055; x_wconf 66' lang='lat' dir='ltr'>transfigat</span> <span class='ocrx_word' id='word_1_553' title='bbox 1036 2015 1258 2046; x_wconf 85' lang='lat' dir='ltr'>Alexandrum</span> <span class='ocrx_word' id='word_1_554' title='bbox 1290 2015 1480 2055; x_wconf 90' lang='lat' dir='ltr'>Epirensem</span> 
     </span>
     <span class='ocr_line' id='line_1_104' title="bbox 855 2058 952 2097; baseline 0.01 -9"><span class='ocrx_word' id='word_1_555' title='bbox 855 2058 886 2095; x_wconf 89' lang='grc'>8,</span> <span class='ocrx_word' id='word_1_556' title='bbox 904 2067 952 2097; x_wconf 86' lang='grc'>24.</span> 
     </span>
    </p>

    <p class='ocr_par' dir='ltr' id='par_1_20' title="bbox 813 2100 1483 2397">
     <span class='ocr_line' id='line_1_105' title="bbox 813 2100 1482 2142; baseline 0.001 -11"><span class='ocrx_word' id='word_1_557' title='bbox 813 2100 959 2138; x_wconf 89' lang='lat' dir='ltr'>Luceria,</span> <span class='ocrx_word' id='word_1_558' title='bbox 982 2102 1057 2131; x_wconf 88' lang='lat' dir='ltr'>urbs</span> <span class='ocrx_word' id='word_1_559' title='bbox 1079 2111 1110 2142; x_wconf 91' lang='lat'>9,</span> <span class='ocrx_word' id='word_1_560' title='bbox 1133 2110 1148 2131; x_wconf 88' lang='lat'><strong>2</strong></span> <span class='ocrx_word' id='word_1_561' title='bbox 1173 2104 1206 2132; x_wconf 88' lang='lat' dir='ltr'>et</span> <span class='ocrx_word' id='word_1_562' title='bbox 1230 2110 1276 2132; x_wconf 91' lang='lat'>12.</span> <span class='ocrx_word' id='word_1_563' title='bbox 1302 2110 1352 2136; x_wconf 78' lang='grc'>22,</span> <span class='ocrx_word' id='word_1_564' title='bbox 1372 2111 1402 2142; x_wconf 91' lang='lat'>9.</span> <span class='ocrx_word' id='word_1_565' title='bbox 1431 2110 1482 2141; x_wconf 87' lang='grc'>23,</span> 
     </span>
     <span class='ocr_line' id='line_1_106' title="bbox 853 2143 1482 2183; baseline 0.002 -9"><span class='ocrx_word' id='word_1_566' title='bbox 853 2150 904 2183; x_wconf 89' lang='grc'>37.</span> <span class='ocrx_word' id='word_1_567' title='bbox 930 2153 981 2182; x_wconf 80' lang='grc'>24,</span> <span class='ocrx_word' id='word_1_568' title='bbox 994 2153 1022 2182; x_wconf 89' lang='grc'>3.</span> <span class='ocrx_word' id='word_1_569' title='bbox 1045 2143 1077 2174; x_wconf 90' lang='grc'>111</span> <span class='ocrx_word' id='word_1_570' title='bbox 1094 2153 1133 2174; x_wconf 87' lang='grc'>03</span> <span class='ocrx_word' id='word_1_571' title='bbox 1147 2143 1262 2174; x_wconf 72' lang='lat' dir='ltr'>servati</span> <span class='ocrx_word' id='word_1_572' title='bbox 1278 2143 1403 2174; x_wconf 86' lang='lat' dir='ltr'>obsides</span> <span class='ocrx_word' id='word_1_573' title='bbox 1416 2144 1482 2175; x_wconf 88' lang='lat' dir='ltr'>Ro-</span> 
     </span>
     <span class='ocr_line' id='line_1_107' title="bbox 852 2186 1481 2224; baseline 0.002 -8"><span class='ocrx_word' id='word_1_574' title='bbox 852 2196 1032 2224; x_wconf 89' lang='lat' dir='ltr'>manorum,</span> <span class='ocrx_word' id='word_1_575' title='bbox 1044 2187 1084 2217; x_wconf 85' lang='lat' dir='ltr'>ad</span> <span class='ocrx_word' id='word_1_576' title='bbox 1097 2186 1259 2218; x_wconf 90' lang='lat' dir='ltr'>Caudium</span> <span class='ocrx_word' id='word_1_577' title='bbox 1275 2186 1341 2217; x_wconf 89' lang='lat' dir='ltr'>dati</span> <span class='ocrx_word' id='word_1_578' title='bbox 1359 2186 1481 2217; x_wconf 88' lang='lat' dir='ltr'>Samni-</span> 
     </span>
     <span class='ocr_line' id='line_1_108' title="bbox 852 2229 1482 2270; baseline 0.002 -11"><span class='ocrx_word' id='word_1_579' title='bbox 852 2229 937 2259; x_wconf 88' lang='lat' dir='ltr'>tibus</span> <span class='ocrx_word' id='word_1_580' title='bbox 953 2239 984 2270; x_wconf 91' lang='lat'>9,</span> <span class='ocrx_word' id='word_1_581' title='bbox 1004 2238 1049 2260; x_wconf 85' lang='lat'>12.</span> <span class='ocrx_word' id='word_1_582' title='bbox 1080 2230 1205 2260; x_wconf 79' lang='lat' dir='ltr'>obsessa</span> <span class='ocrx_word' id='word_1_583' title='bbox 1220 2233 1253 2260; x_wconf 89' lang='lat' dir='ltr'>et</span> <span class='ocrx_word' id='word_1_584' title='bbox 1268 2233 1363 2269; x_wconf 89' lang='lat' dir='ltr'>capta</span> <span class='ocrx_word' id='word_1_585' title='bbox 1380 2240 1400 2260; x_wconf 84' lang='lat' dir='ltr'>a</span> <span class='ocrx_word' id='word_1_586' title='bbox 1416 2230 1482 2260; x_wconf 84' lang='lat' dir='ltr'>Ro-</span> 
     </span>
     <span class='ocr_line' id='line_1_109' title="bbox 853 2271 1483 2312; baseline 0.002 -10"><span class='ocrx_word' id='word_1_587' title='bbox 853 2272 956 2302; x_wconf 86' lang='lat' dir='ltr'>manis</span> <span class='ocrx_word' id='word_1_588' title='bbox 983 2282 1028 2312; x_wconf 91' lang='lat'>15.</span> <span class='ocrx_word' id='word_1_589' title='bbox 1064 2272 1193 2310; x_wconf 81' lang='lat' dir='ltr'>amissa,</span> <span class='ocrx_word' id='word_1_590' title='bbox 1218 2275 1251 2302; x_wconf 88' lang='lat' dir='ltr'>et</span> <span class='ocrx_word' id='word_1_591' title='bbox 1276 2276 1406 2312; x_wconf 81' lang='lat' dir='ltr'>recepta</span> <span class='ocrx_word' id='word_1_592' title='bbox 1433 2271 1483 2304; x_wconf 89' lang='grc'>26.</span> 
     </span>
     <span class='ocr_line' id='line_1_110' title="bbox 853 2314 1482 2355; baseline 0.002 -10"><span class='ocrx_word' id='word_1_593' title='bbox 853 2314 981 2346; x_wconf 86' lang='grc'><strong>00101113</strong></span> <span class='ocrx_word' id='word_1_594' title='bbox 995 2325 1033 2346; x_wconf 91' lang='lat' dir='ltr'>eo</span> <span class='ocrx_word' id='word_1_595' title='bbox 1049 2315 1199 2352; x_wconf 87' lang='lat' dir='ltr'>deducta,</span> <span class='ocrx_word' id='word_1_596' title='bbox 1214 2314 1291 2347; x_wconf 90' lang='lat' dir='ltr'>ibid.</span> <span class='ocrx_word' id='word_1_597' title='bbox 1318 2325 1482 2355; x_wconf 85' lang='lat' dir='ltr'>oppugna-</span> 
     </span>
     <span class='ocr_line' id='line_1_111' title="bbox 853 2357 1285 2397; baseline 0 -8"><span class='ocrx_word' id='word_1_598' title='bbox 853 2361 906 2389; x_wconf 88' lang='lat' dir='ltr'>tur</span> <span class='ocrx_word' id='word_1_599' title='bbox 919 2368 940 2389; x_wconf 89' lang='lat' dir='ltr'>a</span> <span class='ocrx_word' id='word_1_600' title='bbox 955 2357 1152 2389; x_wconf 83' lang='lat' dir='ltr'>Samnitibus</span> <span class='ocrx_word' id='word_1_601' title='bbox 1171 2367 1218 2395; x_wconf 91' lang='lat'>10,</span> <span class='ocrx_word' id='word_1_602' title='bbox 1235 2364 1285 2397; x_wconf 86' lang='lat'>35.</span> 
     </span>
    </p>

    <p class='ocr_par' dir='ltr' id='par_1_21' title="bbox 814 2399 1483 2483">
     <span class='ocr_line' id='line_1_112' title="bbox 814 2399 1483 2440; baseline 0.001 -9"><span class='ocrx_word' id='word_1_603' title='bbox 814 2400 963 2439; x_wconf 88' lang='lat' dir='ltr'>Luceres,</span> <span class='ocrx_word' id='word_1_604' title='bbox 986 2400 1088 2431; x_wconf 88' lang='lat' dir='ltr'>tribus</span> <span class='ocrx_word' id='word_1_605' title='bbox 1109 2400 1243 2440; x_wconf 83' lang='lat' dir='ltr'>antiqua</span> <span class='ocrx_word' id='word_1_606' title='bbox 1265 2410 1292 2439; x_wconf 90' lang='lat'>1,</span> <span class='ocrx_word' id='word_1_607' title='bbox 1311 2409 1356 2440; x_wconf 86' lang='lat'>13.</span> <span class='ocrx_word' id='word_1_608' title='bbox 1385 2410 1433 2439; x_wconf 90' lang='lat'>10,</span> <span class='ocrx_word' id='word_1_609' title='bbox 1453 2399 1483 2432; x_wconf 91' lang='lat'>6.</span> 
     </span>
     <span class='ocr_line' id='line_1_113' title="bbox 854 2442 1377 2483; baseline 0.002 -9"><span class='ocrx_word' id='word_1_610' title='bbox 854 2443 999 2483; x_wconf 87' lang='lat' dir='ltr'>equitum</span> <span class='ocrx_word' id='word_1_611' title='bbox 1016 2443 1161 2474; x_wconf 88' lang='lat' dir='ltr'>centuria</span> <span class='ocrx_word' id='word_1_612' title='bbox 1180 2453 1208 2481; x_wconf 92' lang='lat'>1,</span> <span class='ocrx_word' id='word_1_613' title='bbox 1227 2451 1262 2482; x_wconf 89' lang='grc'>13</span> <span class='ocrx_word' id='word_1_614' title='bbox 1280 2446 1312 2474; x_wconf 90' lang='lat' dir='ltr'>et</span> <span class='ocrx_word' id='word_1_615' title='bbox 1328 2442 1377 2482; x_wconf 89' lang='grc'>36.</span> 
     </span>
    </p>

    <p class='ocr_par' dir='ltr' id='par_1_22' title="bbox 813 2485 1485 2653">
     <span class='ocr_line' id='line_1_114' title="bbox 813 2485 1484 2527; baseline -0.001 -10"><span class='ocrx_word' id='word_1_616' title='bbox 813 2485 962 2517; x_wconf 88' lang='lat' dir='ltr'>Lucerini</span> <span class='ocrx_word' id='word_1_617' title='bbox 985 2495 1018 2527; x_wconf 92' lang='lat'>9,</span> <span class='ocrx_word' id='word_1_618' title='bbox 1037 2495 1065 2517; x_wconf 84' lang='lat'>2.</span> <span class='ocrx_word' id='word_1_619' title='bbox 1098 2486 1140 2517; x_wconf 90' lang='lat' dir='ltr'>ad</span> <span class='ocrx_word' id='word_1_620' title='bbox 1164 2485 1359 2517; x_wconf 89' lang='lat' dir='ltr'>Lucerinum</span> <span class='ocrx_word' id='word_1_621' title='bbox 1387 2486 1484 2517; x_wconf 84' lang='lat' dir='ltr'>finem</span> 
     </span>
     <span class='ocr_line' id='line_1_115' title="bbox 855 2528 1485 2569; baseline 0 -9"><span class='ocrx_word' id='word_1_622' title='bbox 855 2532 1033 2569; x_wconf 78' lang='lat' dir='ltr'>pugnatum</span> <span class='ocrx_word' id='word_1_623' title='bbox 1063 2538 1138 2560; x_wconf 92' lang='lat' dir='ltr'>cum</span> <span class='ocrx_word' id='word_1_624' title='bbox 1168 2528 1377 2566; x_wconf 87' lang='lat' dir='ltr'>Samnitibus,</span> <span class='ocrx_word' id='word_1_625' title='bbox 1403 2529 1485 2560; x_wconf 88' lang='lat' dir='ltr'>duce</span> 
     </span>
     <span class='ocr_line' id='line_1_116' title="bbox 856 2571 1484 2610; baseline -0.002 -8"><span class='ocrx_word' id='word_1_626' title='bbox 856 2571 957 2602; x_wconf 84' lang='lat' dir='ltr'>Atilio</span> <span class='ocrx_word' id='word_1_627' title='bbox 986 2582 1049 2603; x_wconf 91' lang='lat' dir='ltr'>cos.</span> <span class='ocrx_word' id='word_1_628' title='bbox 1084 2581 1132 2609; x_wconf 89' lang='lat'>10,</span> <span class='ocrx_word' id='word_1_629' title='bbox 1161 2580 1212 2610; x_wconf 82' lang='grc'>35.</span> <span class='ocrx_word' id='word_1_630' title='bbox 1257 2572 1297 2602; x_wconf 91' lang='lat' dir='ltr'>ob</span> <span class='ocrx_word' id='word_1_631' title='bbox 1326 2576 1484 2602; x_wconf 75' lang='lat' dir='ltr'>servatam</span> 
     </span>
     <span class='ocr_line' id='line_1_117' title="bbox 857 2614 1485 2653; baseline 0.002 -9"><span class='ocrx_word' id='word_1_632' title='bbox 857 2614 952 2645; x_wconf 84' lang='lat' dir='ltr'>fidem</span> <span class='ocrx_word' id='word_1_633' title='bbox 969 2625 989 2645; x_wconf 88' lang='lat' dir='ltr'>a</span> <span class='ocrx_word' id='word_1_634' title='bbox 1005 2614 1163 2646; x_wconf 84' lang='lat' dir='ltr'>Romanis</span> <span class='ocrx_word' id='word_1_635' title='bbox 1179 2614 1351 2645; x_wconf 82' lang='lat' dir='ltr'>laudantur</span> <span class='ocrx_word' id='word_1_636' title='bbox 1368 2621 1418 2653; x_wconf 85' lang='lat'>27,</span> <span class='ocrx_word' id='word_1_637' title='bbox 1437 2624 1485 2645; x_wconf 90' lang='lat'>10.</span> 
     </span>
    </p>

    <p class='ocr_par' dir='ltr' id='par_1_23' title="bbox 814 2655 1485 2823">
     <span class='ocr_line' id='line_1_118' title="bbox 814 2655 1485 2696; baseline 0 -9"><span class='ocrx_word' id='word_1_638' title='bbox 814 2655 976 2695; x_wconf 86' lang='lat' dir='ltr'>Lucretia,</span> <span class='ocrx_word' id='word_1_639' title='bbox 1002 2667 1082 2688; x_wconf 88' lang='lat' dir='ltr'>uxor</span> <span class='ocrx_word' id='word_1_640' title='bbox 1104 2656 1259 2689; x_wconf 83' lang='lat' dir='ltr'>Collatini</span> <span class='ocrx_word' id='word_1_641' title='bbox 1288 2666 1314 2693; x_wconf 92' lang='lat'>1,</span> <span class='ocrx_word' id='word_1_642' title='bbox 1337 2664 1386 2696; x_wconf 86' lang='grc'>57.</span> <span class='ocrx_word' id='word_1_643' title='bbox 1421 2661 1485 2687; x_wconf 81' lang='lat' dir='ltr'>stu-</span> 
     </span>
     <span class='ocr_line' id='line_1_119' title="bbox 857 2699 1485 2740; baseline 0 -10"><span class='ocrx_word' id='word_1_644' title='bbox 857 2710 948 2740; x_wconf 91' lang='lat' dir='ltr'>prum</span> <span class='ocrx_word' id='word_1_645' title='bbox 976 2700 1004 2731; x_wconf 86' lang='lat' dir='ltr'>ei</span> <span class='ocrx_word' id='word_1_646' title='bbox 1033 2710 1089 2740; x_wconf 91' lang='lat' dir='ltr'>per</span> <span class='ocrx_word' id='word_1_647' title='bbox 1115 2699 1179 2730; x_wconf 81' lang='lat' dir='ltr'>vim</span> <span class='ocrx_word' id='word_1_648' title='bbox 1207 2700 1349 2730; x_wconf 81' lang='lat' dir='ltr'>oblatum</span> <span class='ocrx_word' id='word_1_649' title='bbox 1373 2710 1392 2730; x_wconf 88' lang='lat' dir='ltr'>a</span> <span class='ocrx_word' id='word_1_650' title='bbox 1411 2700 1485 2730; x_wconf 73' lang='lat' dir='ltr'>sex.</span> 
     </span>
     <span class='ocr_line' id='line_1_120' title="bbox 856 2742 1485 2783; baseline -0.003 -10"><span class='ocrx_word' id='word_1_651' title='bbox 856 2742 1033 2783; x_wconf 83' lang='lat' dir='ltr'>Tarquinio</span> <span class='ocrx_word' id='word_1_652' title='bbox 1050 2744 1099 2782; x_wconf 88' lang='grc'>58.</span> <span class='ocrx_word' id='word_1_653' title='bbox 1132 2743 1189 2773; x_wconf 85' lang='lat' dir='ltr'>illa</span> <span class='ocrx_word' id='word_1_654' title='bbox 1204 2746 1296 2773; x_wconf 79' lang='lat' dir='ltr'>vocnt</span> <span class='ocrx_word' id='word_1_655' title='bbox 1314 2746 1436 2782; x_wconf 80' lang='lat' dir='ltr'>putrem</span> <span class='ocrx_word' id='word_1_656' title='bbox 1453 2745 1485 2771; x_wconf 90' lang='lat' dir='ltr'>et</span> 
     </span>
     <span class='ocr_line' id='line_1_121' title="bbox 857 2784 1476 2823; baseline -0.003 -7"><span class='ocrx_word' id='word_1_657' title='bbox 857 2785 971 2823; x_wconf 79' lang='lat' dir='ltr'>virum,</span> <span class='ocrx_word' id='word_1_658' title='bbox 987 2785 1062 2817; x_wconf 90' lang='lat' dir='ltr'>ibid.</span> <span class='ocrx_word' id='word_1_659' title='bbox 1086 2785 1190 2816; x_wconf 86' lang='lat' dir='ltr'>cultro</span> <span class='ocrx_word' id='word_1_660' title='bbox 1206 2796 1238 2815; x_wconf 83' lang='lat' dir='ltr'>se</span> <span class='ocrx_word' id='word_1_661' title='bbox 1256 2784 1384 2821; x_wconf 78' lang='lat' dir='ltr'>occidit,</span> <span class='ocrx_word' id='word_1_662' title='bbox 1401 2784 1476 2814; x_wconf 84' lang='lat' dir='ltr'>ibid.</span> 
     </span>
    </p>

    <p class='ocr_par' dir='ltr' id='par_1_24' title="bbox 815 2824 1485 2866">
     <span class='ocr_line' id='line_1_122' title="bbox 815 2824 1485 2866; baseline -0.003 -7"><span class='ocrx_word' id='word_1_663' title='bbox 815 2829 853 2860; x_wconf 88' lang='lat' dir='ltr'>C.</span> <span class='ocrx_word' id='word_1_664' title='bbox 869 2828 1049 2866; x_wconf 81' lang='lat' dir='ltr'>Lucretius,</span> <span class='ocrx_word' id='word_1_665' title='bbox 1064 2827 1216 2858; x_wconf 78' lang='lat' dir='ltr'>duumvir</span> <span class='ocrx_word' id='word_1_666' title='bbox 1231 2826 1352 2857; x_wconf 73' lang='lat' dir='ltr'>usu-ulis</span> <span class='ocrx_word' id='word_1_667' title='bbox 1368 2836 1419 2863; x_wconf 76' lang='grc' dir='ltr'>4ο.</span> <span class='ocrx_word' id='word_1_668' title='bbox 1437 2824 1485 2857; x_wconf 86' lang='grc'>26.</span> 
     </span>
    </p>

    <p class='ocr_par' dir='ltr' id='par_1_25' title="bbox 815 2870 1488 2951">
     <span class='ocr_line' id='line_1_123' title="bbox 815 2870 1488 2908; baseline -0.007 -5"><span class='ocrx_word' id='word_1_669' title='bbox 815 2871 1037 2903; x_wconf 57' lang='lat' dir='ltr'>&amp;Lucretius</span> <span class='ocrx_word' id='word_1_670' title='bbox 1063 2870 1181 2900; x_wconf 82' lang='lat' dir='ltr'>Gallus</span> <span class='ocrx_word' id='word_1_671' title='bbox 1207 2874 1332 2899; x_wconf 77' lang='lat' dir='ltr'>creatur</span> <span class='ocrx_word' id='word_1_672' title='bbox 1362 2873 1488 2908; x_wconf 75' lang='lat' dir='ltr'>praetor</span> 
     </span>
     <span class='ocr_line' id='line_1_124' title="bbox 859 2911 1485 2951; baseline -0.006 -7"><span class='ocrx_word' id='word_1_673' title='bbox 859 2922 910 2951; x_wconf 88' lang='grc'>42,</span> <span class='ocrx_word' id='word_1_674' title='bbox 923 2915 972 2944; x_wconf 83' lang='grc'>28.</span> <span class='ocrx_word' id='word_1_675' title='bbox 995 2912 1125 2943; x_wconf 85' lang='lat' dir='ltr'>sortitur</span> <span class='ocrx_word' id='word_1_676' title='bbox 1142 2911 1349 2951; x_wconf 71' lang='lat' dir='ltr'>provinciam,</span> <span class='ocrx_word' id='word_1_677' title='bbox 1361 2921 1424 2950; x_wconf 86' lang='lat' dir='ltr'>quo</span> <span class='ocrx_word' id='word_1_678' title='bbox 1440 2921 1485 2940; x_wconf 67' lang='lat' dir='ltr'>se-</span> 
     </span>
    </p>
   </div>
  </div>
 </body>
</html>
