1888 3194
361 180 445 219 416
623 179 715 221 EX
757 180 972 222 PETRI
1014 179 1369 223 LAMBEGII
1405 194 1499 222 erc.

361 266 562 310 librorum
583 269 857 313 Livianorum
886 272 1139 314 editionibus
1167 271 1378 328 impressis
1398 270 1464 312 vel
1491 285 1667 326 magnae
1688 270 1755 312 vel

361 340 512 380 parvae
543 326 717 370 lacunae
746 329 830 370 sive
857 329 1045 371 defectus
1073 339 1182 379 sunt,
1206 329 1374 370 easdem
1395 343 1540 369 omnes
1561 328 1688 369 etiam
1709 327 1755 368 in

360 383 441 424 11οο
468 384 625 426 Codice
654 385 782 428 MSto
807 387 1086 428 Ambrasiano
1111 387 1296 442 reperiri,
1324 386 1382 427 ita
1413 401 1579 441 nempe,
1609 393 1656 426 ut
1686 384 1755 426 vel

361 440 524 497 integra
548 442 687 484 desint
712 444 823 493 folia,
846 444 913 485 vel
944 454 1107 486 tantum
1135 459 1268 500 pauca
1295 443 1500 499 quaedam
1521 443 1659 492 verba,
1682 450 1756 483 aut

361 513 518 554 paucae
550 499 694 542 literae
726 501 770 541 in
790 501 983 542 foliorum
1006 501 1272 557 quorundam
1302 500 1534 541 lacerorum
1555 499 1754 540 extremi-

361 556 526 597 tatibus.
594 557 797 606 Quamvis
829 559 955 599 etiam
989 559 1102 599 idem
1134 558 1202 598 hic
1233 558 1380 599 Codex
1412 557 1566 598 Mstus
1596 557 1641 597 in
1669 556 1753 597 fine

360 612 455 654 libri
484 614 791 670 quadragesimi
813 615 951 670 quinti
979 631 1003 656 a
1034 615 1203 656 Simone
1228 614 1428 670 Grynaeo
1454 630 1542 655 non
1569 614 1755 670 potuerit

359 669 456 726 legi,
491 671 571 711 nisi
607 687 739 727 usque
777 672 831 712 ad
866 672 970 712 haec
1002 673 1153 712 verba:
1195 677 1207 695 ‘
1225 671 1416 711 Moratus
1449 671 1558 712 circa
1591 671 1753 712 Urbem

361 732 373 750 ‘
389 728 559 782 triginta
580 729 707 770 35HA
719 729 806 769 UD
824 729 1003 784 amplius
1020 729 1121 777 dies,
1140 729 1184 768 in
1203 728 1403 783 Regnum
1420 737 1482 768 est
1499 728 1709 783 profectus
1723 744 1732 768 :
1744 728 1754 746 ’

358 793 543 825 attamen
576 800 662 825 non
696 794 759 825 est
791 785 872 834 hic,
900 795 947 826 ut
973 786 1098 841 vulgo
1133 785 1330 834 creditur,
1356 799 1478 825 verus
1509 784 1606 824 finis
1635 785 1754 825 istius

357 841 464 890 libri,
488 841 561 882 sed
589 851 682 897 post
707 857 853 883 vocem
883 843 1260 884 PROFECTVS
1291 841 1481 897 sequitur
1510 841 1752 882 immediate

357 897 401 938 in
423 898 572 939 eodem
594 914 716 940 versu
737 900 821 940 sive
844 899 955 940 linea
976 899 1353 947 ACTVMQVE.
1418 898 1591 954 Reliqui
1612 906 1754 939 autem

359 954 444 996 duo
466 955 603 997 ultimi
628 972 770 997 versus
795 957 880 998 sive
909 957 1044 998 lineae
1072 971 1239 1013 prorsus
1267 964 1540 1005 evanuerunt,
1563 970 1641 996 nec
1668 954 1754 996 ulla

357 1013 519 1054 ratione
554 1029 607 1054 ex
638 1029 782 1055 eorum
814 1014 1000 1070 vestigiis
1033 1014 1136 1055 certi
1169 1013 1396 1069 quicquam
1429 1021 1567 1069 potest
1599 1011 1750 1068 colligi.

358 1069 581 1111 Clauditur
601 1071 785 1127 denique
814 1080 950 1113 totum
978 1071 1083 1112 illud
1103 1071 1302 1112 volumen
1330 1070 1633 1126 subscriptione
1658 1069 1750 1118 hac,

358 1127 411 1167 ob
433 1127 605 1168 nimiam
627 1137 875 1170 vetustatem
899 1130 970 1170 vix
992 1128 1170 1185 amplius
1191 1128 1368 1169 visibili:

666 1241 798 1281 TITI
1316 1240 1450 1282 LIVI

733 1297 817 1338 AB
857 1297 1034 1339 VRBE
1080 1297 1376 1339 CONDITA

645 1365 762 1405 Llss.
970 1365 1117 1406 XLV.
1324 1364 1466 1405 EXP.

590 1432 711 1473 INC.
763 1432 879 1473 Llss.
929 1432 1099 1473 XLVI.
1148 1431 1508 1472 FELICITER.

358 1553 486 1596 Unde
537 1553 683 1608 liquet,
725 1560 949 1607 sequentes
991 1551 1203 1593 Historiae
1247 1551 1464 1593 Romanae
1506 1551 1597 1592 Titi
1637 1551 1750 1593 Livii

354 1612 518 1659 Libros,
542 1610 615 1665 qui
646 1625 759 1650 nunc
791 1609 999 1650 habentur
1029 1624 1105 1665 pro
1135 1609 1376 1665 deperditis,
1403 1617 1505 1650 tunc
1536 1610 1748 1665 temporis,

353 1669 426 1710 ubi
468 1667 616 1709 Codex
657 1667 726 1707 ille
768 1676 962 1707 exaratus
1003 1676 1077 1716 est,
1120 1666 1305 1722 integros
1347 1666 1486 1707 adhuc
1528 1667 1746 1708 exstitisse.

354 1726 476 1767 Haec
516 1724 645 1780 igitur
684 1724 728 1764 in
769 1739 965 1780 praesens
1006 1724 1213 1764 sufficiant
1254 1724 1307 1764 de
1348 1724 1556 1765 rarissimo
1597 1723 1670 1765 illo
1706 1732 1749 1765 et

352 1783 558 1825 hactenus
587 1781 711 1822 unico
734 1781 892 1823 Codice
919 1781 1034 1822 Msto
1056 1781 1246 1830 Liviano,
1270 1781 1343 1836 qui
1370 1781 1553 1837 primum
1575 1781 1749 1836 quidem

354 1856 408 1882 ex
461 1838 720 1880 Monasterio
770 1838 1128 1879 Laurisheimensi
1178 1838 1223 1878 in
1274 1837 1531 1887 Helvetiam‚
1581 1838 1748 1879 'deinde

353 1906 495 1939 autem
516 1911 569 1937 ex
592 1895 791 1937 Helvetia
815 1896 859 1936 in
884 1896 1118 1937 Comitatus
1141 1895 1398 1936 Teriolensis
1419 1894 1748 1936 Archiducalem

353 1957 512 1996 Arcem
553 1953 888 2003 Ambrasianam,
931 1961 973 1994 et
1014 1953 1185 1994 tandem
1226 1968 1279 1993 ex
1320 1953 1432 1993 Arce
1471 1952 1748 1993 Ambrasiana

353 2011 662 2067 transmigravit
694 2011 738 2051 in
772 2010 1125 2066 Augustissimam
1159 2009 1466 2050 Bibliothecam
1501 2010 1747 2050 Caesaream

352 2068 743 2117 Vindobonensem,
766 2068 838 2109 ubi
860 2082 973 2107 nunc
1003 2076 1203 2122 tanquam
1230 2067 1440 2107 redivivus
1467 2081 1576 2107 nova
1595 2065 1747 2107 fruitur

352 2125 459 2174 luce,
497 2133 540 2165 et
575 2125 708 2165 doctis
743 2125 806 2165 sui
842 2124 1173 2165 aestimatoribus
1208 2123 1502 2164 admirandum
1538 2122 1662 2164 simul
1698 2138 1746 2164 ac

351 2181 663 2239 periucundum
684 2182 857 2237 praebet
877 2180 1172 2236 spectaculum.

396 2326 434 2356 35
460 2316 501 2346 In
531 2315 600 2354 ipso
630 2315 818 2346 authentico
842 2315 1020 2355 exemplari
1044 2316 1141 2347 MSto
1166 2325 1222 2355 pro
1247 2315 1385 2347 HAVD
1409 2316 1487 2347 satis
1510 2317 1595 2348 clare
1619 2318 1651 2347 et
1675 2325 1744 2356 per—

351 2359 461 2399 spicue
477 2359 592 2397 legitur
608 2358 715 2388 AVT.
