1888 3194
302 150 383 189 188
816 143 966 186 ΤΙΤΙ
1007 142 1188 186 LIVII

89 248 135 279 U.
151 248 190 279 c.
213 248 286 288 584·
299 244 508 279 servatum
558 243 678 286 esset,
729 235 910 291 negabat
957 233 1175 284 Claudius,
1229 237 1241 257 ‘
1261 231 1446 288 suffragii
1493 229 1696 272 lationem

87 291 129 322 A.
153 291 192 323 C.
217 289 287 322 168.

91 593 132 624 In
149 592 289 632 Esquili-

89 646 165 666 nam
178 636 230 666 tri-

90 679 168 708 bum
185 688 259 708 con-

88 719 164 750 iecti
180 720 273 751 liber-

89 762 159 795 tim'.

90 989 235 1021 Censura
244 999 290 1019 se-

91 1041 164 1062 vere
179 1035 276 1072 gesta.

160 1672 224 1711 16·

95 1728 139 1760 U.
157 1729 194 1759 C.
220 1728 291 1767 585.

94 1771 134 1802 A.
156 1770 194 1802 G.
222 1770 290 1809 167.

95 1814 138 1848 Q.
156 1812 263 1850 Aelio,

93 1855 143 1886 Μ.
162 1855 257 1886 Iunio

94 1897 183 1928 Coss.
202 1898 278 1928 Pro-

94 1939 229 1972 vinciae.

301 294 490 336 ‘iniussu
522 292 666 350 populi
701 307 917 334 censorem
947 292 1144 347 cuiquam
1172 290 1348 340 homini,
1370 288 1528 330 nedum
1556 286 1695 328 ordini

301 352 537 401 ‘universo,
565 350 750 392 adimere
780 365 913 406 posse.
977 348 1132 405 Neque
1164 347 1291 396 enim,
1320 347 1355 387 si
1385 346 1498 387 tribu
1527 349 1728 385 movere6

302 415 480 465 ‘posset,
503 407 619 464 quod
647 407 700 448 sit
726 407 833 448 nihil
860 406 988 454 aliud,
1011 420 1138 462 quam
1165 413 1326 447 mutare
1351 404 1493 445 iubere
1524 401 1693 450 tribum,

302 466 427 507 ‘ideo
444 465 638 507 omnibus
655 464 844 521 quinque
867 472 909 505 et
931 463 1102 519 triginta
1122 462 1312 503 tribubus
1333 474 1526 502 emovere
1546 472 1692 514 posse3

303 523 374 564 ‘id
407 531 481 572 est,
515 522 728 563 civitatem
760 521 1082 576 libertatemque
1118 520 1306 575 eripere3
1354 533 1454 567 non,
1488 516 1560 557 ubi
1595 530 1696 556 cen-

303 586 482 629 ‘seatur,
519 579 654 628 finire,
691 577 766 619 sed
801 592 930 619 censu
965 576 1216 618 excludere?
1275 575 1395 617 Haec
1435 574 1546 615 inter
1584 572 1696 628 ipsos

302 637 557 693 disceptata:
606 644 817 691 postremo
857 649 908 675 eo
943 633 1190 674 descensum
1226 641 1301 681 est,
1338 641 1386 672 ut
1415 646 1468 672 ex
1499 638 1697 686 quattuor

302 694 472 736 urbanis
493 693 683 734 tribubus
703 706 830 732 unam
851 690 987 746 palam
1009 690 1054 730 in
1071 690 1175 730 atrio
1192 689 1419 730 Libertatis
1435 688 1694 735 sortirentur,

302 752 347 792 in
388 765 514 807 quam
555 763 713 797 omneS,
751 747 825 803 qui
865 747 1108 788 servitutem
1148 746 1382 794 servissent,
1424 744 1692 785 coniicerent.

303 807 548 863 Esquilinae
584 820 671 846 sors
706 804 836 845 exiit:
884 804 929 844 in
969 818 1018 844 ea
1051 803 1118 844 Ti.
1146 802 1364 843 Gracchus
1393 799 1727 857 pronuntiavit,7

302 864 519 906 libertinos
555 877 702 903 omnes
737 861 898 902 censeri
929 860 1105 917 placere.
1168 859 1330 915 Magno
1366 874 1417 900 ea
1447 872 1512 899 res
1545 857 1693 898 honori

303 921 543 963 censoribus
576 918 690 975 apud
722 927 914 959 senatum
946 918 1037 959 fuit.
1103 917 1274 959 Gratiae
1295 924 1412 957 actae
1434 924 1477 957 et
1500 913 1697 970 Sempro-

302 979 387 1029 nio,
410 978 484 1034 qui
504 977 550 1018 in
569 977 678 1018 bene
703 984 852 1032 coepto
873 983 1200 1032 perseverasset3
1231 982 1274 1015 et
1296 973 1492 1022 Claudio,
1515 971 1589 1028 qui
1609 986 1696 1012 non

301 1035 555 1092 impedisset.
608 1033 769 1082 Plures,
792 1048 919 1089 quam
941 1033 992 1074 ab
1009 1032 1304 1088 superioribus,
1323 1039 1365 1072 et
1381 1041 1530 1072 senatu
1544 1028 1727 1070 remotis

301 1101 412 1143 sunt,
438 1100 481 1134 et
501 1106 632 1147 equos
653 1090 836 1132 vendere
857 1090 968 1131 iussi.
1034 1089 1194 1132 Omnes
1221 1088 1351 1129 iidem
1379 1088 1430 1129 ab
1452 1095 1632 1142 utroque
1653 1093 1696 1127 et

302 1151 414 1192 tribu
450 1149 591 1198 emoti,
629 1156 672 1189 et
711 1147 859 1189 aerarii
897 1147 1021 1188 facti:
1069 1162 1209 1203 neque
1250 1145 1387 1195 ullius,
1423 1159 1551 1201 quem
1591 1143 1728 1186 alter9

300 1215 478 1256 notaret,
515 1206 566 1247 ab
607 1205 738 1246 altero
778 1205 915 1246 levata
954 1204 1196 1260 ignominia.
1258 1202 1522 1250 Petentibus,
1558 1209 1607 1242 ut
1641 1214 1695 1241 ex

301 1265 493 1306 instituto
523 1263 578 1304 ad
607 1271 716 1303 sarta
745 1271 857 1303 tecta
884 1261 1105 1318 exigenda,
1129 1270 1172 1303 et
1196 1260 1250 1302 ad
1274 1275 1413 1316 opera,
1436 1273 1543 1315 quae
1564 1257 1696 1299 locas·
1711 1271 1724 1292 1

301 1330 407 1371 sent,
428 1320 656 1377 probanda,
680 1319 780 1360 anni
804 1328 846 1360 et
869 1334 943 1360 sex
969 1319 1177 1359 mensium
1202 1326 1368 1374 tempus
1388 1323 1695 1373 prorogaretur,
1709 1327 1727 1348 2

305 1379 386 1420 Cn.
406 1377 660 1420 Tremellius
685 1376 888 1426 tribunuS,
911 1376 1011 1432 quia
1038 1375 1171 1417 lectus
1199 1390 1286 1416 non
1311 1383 1398 1415 erat
1422 1374 1468 1414 in
1489 1381 1695 1422 senatum,

301 1435 548 1477 intercessit.

361 1492 525 1534 Eodem
561 1506 671 1533 anno
711 1490 760 1532 C.
788 1489 1006 1531 Cicereius
1041 1490 1190 1531 aedem
1227 1488 1429 1530 Monetae
1470 1489 1515 1529 in
1550 1494 1695 1528 monte

303 1550 472 1591 Albano
497 1548 706 1590 dedicavit
731 1547 1024 1603 quinquennio
1051 1559 1159 1603 post,
1181 1561 1308 1602 quam
1333 1545 1458 1587 vovit.
1521 1544 1695 1586 Flamen

303 1606 510 1648 Martialis
531 1607 803 1661 inauguratus
823 1613 885 1646 est
906 1620 956 1645 eo
976 1620 1087 1645 anno
1110 1604 1159 1646 L.
1178 1603 1419 1645 Postumius
1441 1602 1635 1644 Albinus.

365 1664 417 1712 Q.
435 1663 572 1712 Aelio,
596 1662 658 1703 M.
678 1661 803 1703 Iunio
825 1661 1065 1702 consulibus
1086 1661 1138 1703 de
1159 1660 1385 1717 provinciis
1404 1659 1695 1709 referentibus,

303 1736 503 1763 censuere
537 1720 697 1769 Patres,
730 1718 834 1760 duas
868 1719 1102 1774 provincias
1136 1718 1386 1774 Hispaniam
1418 1732 1558 1758 rursus
1589 1715 1695 1766 fieri,

304 1794 410 1835 quae
432 1793 517 1820 una
535 1793 611 1834 per
630 1776 788 1818 bellum
810 1775 1136 1817 Macedonicum
1157 1776 1314 1817 fuerat:
1338 1785 1381 1816 et
1398 1773 1696 1816 Macedoniam

304 1836 603 1893 Illyricumque
626 1833 808 1882 eosdem,
832 1833 882 1874 L.
901 1833 1098 1874 Paullum
1120 1842 1162 1874 et
1187 1832 1236 1874 L.
1254 1832 1470 1881 Anicium,
1492 1831 1694 1880 obtinere,

304 1893 439 1935 donec
470 1892 523 1934 de
554 1891 762 1932 sententia
791 1890 1023 1946 legatorum
1054 1905 1119 1931 res
1149 1898 1192 1931 et
1220 1889 1330 1931 bello
1361 1889 1556 1937 turbatas,
1579 1896 1622 1929 et
1650 1888 1695 1928 in

1065 2043 1081 2063 2
1105 2034 1169 2064 Seoe
1196 2034 1369 2071 mensium]
1410 2032 1519 2072 Vulgo
1547 2032 1696 2063 bimensis

347 2033 366 2065 6
389 2036 540 2066 Adimere
557 2036 664 2074 posse]
691 2034 892 2065 Niebuhrius
914 2035 974 2065 Ζο-

1021 2075 1200 2114 legebatur,
1216 2076 1303 2114 quod
1321 2075 1410 2105 haud
1427 2074 1525 2105 dubie
1541 2074 1695 2114 deprava-

303 2087 415 2107 naram
440 2077 492 2108 vii.
522 2087 567 2118 19.
594 2081 626 2107 et
650 2078 690 2107 A.
717 2078 805 2109 Gell.
830 2077 895 2108 xvi.
924 2085 975 2115 31.

304 2123 337 2149 et
367 2118 483 2150 Pseud.
508 2120 625 2150 Ascon.
650 2120 692 2149 ad
718 2119 787 2151 Cic.
813 2119 924 2150 Divin.
946 2127 976 2157 3.

305 2161 418 2198 citans,
453 2171 598 2191 censores
641 2161 744 2192 civem
788 2162 975 2192 Romanum

305 2214 345 2234 ex
361 2204 435 2234 albo
453 2204 615 2233 centuriae
638 2214 715 2233 suae
736 2214 864 2234 movere
888 2207 920 2233 et
942 2203 974 2233 in

304 2245 442 2276 aerarios
468 2245 583 2275 referre
614 2245 756 2284 potuisse
787 2249 907 2282 censet⁷
930 2245 975 2275 ita

304 2292 341 2318 ut
363 2288 414 2318 ius
436 2287 577 2327 suffragii
601 2288 732 2317 omnino
756 2289 972 2318 adimeretur:

305 2330 361 2361 sed
388 2329 656 2360 XVachsmuthius
678 2330 739 2360 hoc
763 2331 835 2360 loco
865 2331 973 2366 fretus,

304 2382 372 2403 rem
385 2372 478 2402 aliter
489 2372 585 2402 fuisse
595 2372 769 2402 contendit.
788 2373 827 2402 cf.
839 2372 871 2403 N
875 2372 974 2404 iebhr.

304 2414 336 2445 ii.
354 2425 385 2446 n.
403 2415 474 2453 875.
500 2414 727 2444 Wachsmuth.
744 2425 775 2445 n.
793 2415 865 2454 891.

351 2464 366 2495 7
390 2457 583 2496 Esquilinae
597 2467 664 2487 sors
679 2458 774 2495 exiit]
802 2457 900 2487 Unde
918 2457 974 2487 Es-

305 2499 461 2539 quilinam
478 2502 622 2528 extremo
643 2499 714 2529 loco
735 2499 818 2529 inter
838 2500 976 2529 urbanas

305 2542 406 2572 tribus
425 2541 569 2571 habitam
591 2540 688 2571 fuisse
711 2541 876 2572 existimat
897 2542 974 2572 Nie-

304 2583 438 2614 buhn'us
453 2583 495 2613 iii.
513 2594 543 2613 n.
564 2581 635 2623 569.

348 2626 367 2655 8
395 2627 518 2656 Senam
555 2624 682 2664 remoti]
736 2625 834 2665 Vulg.
872 2627 974 2657 emoti.

306 2667 476 2700 Bckkerus
490 2669 563 2697 moti
579 2667 730 2705 reposuit.

347 2721 366 2752 9
393 2711 491 2740 Tribu
501 2708 610 2748 emoti]
631 2710 728 2748 Vulg.
742 2711 861 2740 remoti.
891 2710 975 2740 Bek-

304 2753 400 2783 kerus
415 2752 467 2782 hic
483 2762 610 2790 quoque
627 2753 699 2781 moti
716 2752 803 2791 legit.

353 2805 363 2824 1
390 2795 444 2824 Ad
458 2799 547 2824 sarta
564 2798 645 2826 tecta
661 2795 836 2833 eoeiyenda]
865 2794 975 2833 Opera

305 2837 446 2877 publica,
475 2846 557 2875 quae
594 2836 751 2871 locantur,
780 2840 815 2866 ut
852 2836 974 2877 integra

305 2883 515 2920 praestentur.
540 2879 578 2909 cf.
597 2889 682 2918 supr.
699 2879 788 2909 xxix.
806 2886 855 2917 37.

1021 2121 1091 2148 tum
1121 2121 1179 2148 est.
1226 2118 1279 2148 De
1308 2127 1372 2156 quo
1404 2116 1586 2147 Crevierius
1614 2116 1695 2147 haec

1021 2159 1274 2197 animadvertit3
1314 2159 1444 2190 Livium
1481 2159 1604 2189 scilicet
1640 2159 1695 2189 de-

1020 2202 1102 2232 disse
1133 2203 1213 2232 anni
1243 2207 1274 2233 et
1309 2203 1363 2232 Vl.
1390 2203 1568 2233 mensium:
1607 2201 1694 2240 quod

1020 2254 1119 2283 quum
1158 2245 1220 2274 hoc
1257 2245 1353 2274 modo
1398 2244 1555 2283 scriptum
1599 2246 1694 2281 esset,

1020 2287 1123 2325 primo
1151 2287 1245 2317 litera
1275 2289 1303 2316 V
1323 2286 1355 2316 in
1381 2288 1410 2316 B
1435 2287 1475 2316 ob
1501 2285 1693 2317 affinitatem

1019 2329 1088 2359 soni
1112 2333 1237 2359 mutata
1260 2332 1325 2359 est:
1351 2329 1437 2359 unde
1459 2328 1577 2368 aliquis
1597 2328 1693 2358 libra-

1020 2371 1085 2401 rius
1111 2382 1210 2410 quum
1237 2371 1391 2411 reperiret
1415 2372 1614 2408 bimensium,
1638 2380 1692 2400 ex-

1020 2413 1174 2444 istimavit
1189 2424 1222 2444 se
1234 2414 1394 2444 facturum
1411 2423 1478 2444 esse
1494 2423 1611 2453 operae
1623 2422 1694 2452 pre-

1020 2456 1114 2493 tium,
1139 2457 1164 2486 si
1191 2456 1359 2495 corrigeret
1386 2456 1544 2486 himensis.
1590 2455 1695 2495 Igitur

1021 2508 1120 2537 quum
1134 2508 1280 2529 censores
1294 2499 1379 2528 intra
1393 2497 1469 2528 anni
1485 2501 1518 2528 et
1533 2507 1589 2528 sex
1603 2507 1693 2528 men-

1020 2540 1100 2571 sium
1118 2541 1270 2580 spatium,
1282 2550 1346 2579 quo
1362 2550 1496 2571 censura
1509 2540 1694 2578 finiebatur,

1019 2593 1084 2613 non
1101 2583 1280 2622 potuissent
1301 2587 1333 2612 et
1353 2586 1438 2612 sarta
1452 2586 1540 2612 tecta
1555 2582 1693 2621 exigere,

1020 2629 1052 2655 et
1068 2635 1165 2663 opera
1181 2635 1263 2664 quae
1279 2625 1438 2654 locassent
1460 2625 1605 2663 probare,
1620 2634 1692 2663 pos-

1020 2668 1180 2703 tulabant,
1204 2671 1241 2696 ut
1267 2670 1382 2696 exacto
1405 2666 1594 2705 magistratu
1620 2675 1690 2705 pro—

1019 2713 1183 2747 rogaretur
1197 2708 1255 2739 sibi
1274 2714 1414 2747 tempus‚
1429 2718 1493 2737 non
1509 2717 1572 2746 quo
1588 2711 1691 2738 totam

1020 2761 1172 2781 censurae
1194 2751 1257 2780 vim
1281 2754 1438 2787 tenerent,
1458 2750 1515 2780 sed
1538 2760 1612 2780 cum
1635 2760 1690 2789 po-

1018 2797 1135 2823 testate
1159 2797 1264 2823 efflent
1288 2793 1329 2823 ad
1355 2792 1448 2831 haec,
1473 2802 1555 2832 quae
1581 2802 1690 2832 super-

1019 2839 1122 2872 erant,
1139 2835 1347 2875 perficienda.
