1888 3194
658 183 952 223 INDEX.

111 261 323 303 Naupactum
345 259 397 299 26,
411 258 463 292 26.
486 266 538 299 27,
554 268 594 301 29
609 263 641 290 et
659 269 708 299 30.
733 267 785 299 35,

158 314 206 337 12.
228 305 391 336 obsidetur
411 313 431 333 a
453 302 613 333 Romanis
629 301 680 342 36,
697 311 738 341 3ο
752 306 785 332 et

156 356 206 387 34.
229 347 364 378 solvitur
378 344 501 376 obsidio
517 352 568 384 35.

112 389 350 421 Naustathmos
367 387 537 419 Phocaeae
554 394 606 427 37,
623 395 672 426 31.

113 432 246 464 Nautae
273 441 314 462 ex
337 430 616 462 senatusconsulto
638 428 788 469 imperati

155 473 300 522 privatis,
321 476 354 504 et
377 472 445 503 dati
468 481 526 512 pro
549 482 648 503 censu
669 481 786 510 24,11.

153 516 262 548 nautis
276 516 475 547 frumentum
496 514 645 546 relictum
661 524 720 555 pro
736 524 787 545 ve-

155 563 247 590 ctura
263 568 316 599 30,
333 557 382 590 26.

113 602 152 634 C.
165 601 320 639 Nautius,
336 611 399 632 cos.
417 610 447 639 2,
470 608 520 639 52.
542 600 660 631 iterum
684 609 714 639 3,
738 608 787 639 25.

155 644 303 681 Sabinos,
327 644 451 674 bellum
468 643 626 674 Romanis
649 643 783 674 inferen-

154 691 216 725 tes,
229 686 336 718 fundit
353 685 392 718 26
408 690 440 717 et
458 695 508 728 29.

113 729 152 762 C.
165 729 309 761 Nautius
324 729 468 767 Rutilus,
484 739 546 760 cos.
564 739 595 767 4,
611 736 661 768 52.

113 771 170 813 Sp.
183 772 338 810 Nautius,
354 782 416 803 cos.
435 781 466 809 2,
482 781 531 813 39.

113 815 171 856 Sp.
184 815 329 847 Nautius
343 815 490 852 Rutilus,
504 814 576 846 trib.
597 814 691 846 milit.
713 823 786 845 con-

157 857 255 889 sulari
271 862 377 898 potest
394 868 425 895 4,
442 865 494 896 35.

114 900 171 941 Sp.
188 900 331 932 Nautius
358 900 503 938 Rutilus,
528 899 600 931 trib.
627 899 696 930 mil.
724 909 788 930 cos.

156 947 225 984 pot.
242 955 274 982 4,
294 954 345 982 44.
377 943 493 973 iterum
515 952 564 981 47.
594 943 726 973 tertium
749 953 790 973 ex

156 985 264 1060 t15-'astis
278 986 485 1026 Capitolinis,
500 985 616 1016 iterum
638 995 678 1016 ex
696 985 788 1016 Livio

184 1038 209 1060 ι.

115 1071 172 1112 Sp.
186 1071 329 1103 Nautius
345 1071 489 1109 Rutilus,
505 1081 567 1102 cos.
584 1079 615 1112 9,
632 1079 682 1102 21.

115 1113 173 1154 Sp.
187 1114 330 1145 Nautius
346 1113 489 1150 Rutilus,
502 1114 568 1144 dux
583 1114 724 1144 alaribus
739 1123 789 1144 co-

157 1156 304 1188 hortibus
323 1166 371 1194 ro,
386 1165 437 1194 41.
469 1157 607 1186 donatur
629 1157 670 1186 ob
692 1156 790 1187 virtu-

157 1202 223 1231 tem
239 1199 367 1230 armilla
381 1209 543 1238 aureaque
557 1208 674 1229 corona
690 1209 740 1237 44.

115 1241 287 1282 Neapolis,
308 1251 426 1272 nomen
450 1241 550 1282 partis
570 1241 790 1282 Syracusanae

160 1285 246 1315 urbis
263 1293 315 1324 25,
332 1293 382 1323 24.

116 1327 288 1368 Neapolis,
303 1328 378 1358 urbs
393 1326 425 1364 8,
441 1335 490 1358 22.
512 1336 565 1375 40,
580 1336 630 1365 41.
657 1326 790 1367 Neapo-

159 1370 200 1402 lis
224 1374 397 1419 conspecta
419 1369 546 1401 moenia
568 1369 790 1401 Hannibalem

159 1414 201 1444 ab
213 1413 282 1445 eius
295 1412 535 1453 oppugnatione
549 1413 727 1444 absterrent
740 1422 791 1453 23,

165 1465 191 1488 1.

118 1497 332 1539 Neapolitani
347 1507 462 1529 aurum
479 1498 617 1529 offerunt
633 1497 792 1530 Romanis

163 1551 215 1580 22,
230 1551 279 1581 32.

119 1584 379 1625 Neapolitanum
402 1583 514 1615 foedus
533 1583 563 1621 8,
581 1582 630 1615 26.
661 1583 792 1624 Neapo-

161 1627 299 1658 litanum
312 1637 422 1667 agrum
435 1627 611 1667 populatur
623 1626 792 1658 Hannibal

164 1679 216 1709 24,
234 1679 281 1710 13.

120 1712 258 1750 Nemea,
281 1712 386 1744 amnis
401 1712 606 1745 Corinthium
629 1716 662 1743 et
685 1712 793 1753 Sicyo-

163 1755 254 1787 nium
271 1756 458 1787 interfluens
472 1766 582 1795 agrum
602 1765 653 1795 33,
673 1764 718 1794 15.

122 1797 264 1847 Nemea,
280 1799 347 1830 ludi
365 1806 416 1837 27,
434 1808 473 1838 3ο
489 1803 520 1829 et
539 1808 588 1837 31.
615 1809 725 1829 eorum
742 1808 796 1829 cu-

163 1841 246 1872 ratio
260 1842 302 1872 ad
319 1841 510 1881 Philippum
528 1842 647 1878 delata,
659 1841 735 1872 ibid.
760 1841 798 1871 iis

164 1884 398 1958 ἵιῐῡεὶἱοὶὶιιῐΊ.
391 1884 583 1920 ,Quinctius
595 1893 647 1923 34,
659 1894 708 1922 41.
728 1883 796 1924 ipso

203 1937 366 1958 emeorum
391 1927 443 1958 die
465 1930 582 1958 testata
606 1937 681 1957 voce
709 1937 796 1967 prae-

164 1970 255 2001 conis
270 1970 460 2009 Argivorum
478 1969 618 2007 libertas,
635 1969 711 2000 ibid.

123 2011 252 2044 Nemus
268 2013 432 2043 Albanum
450 2020 481 2051 5,
502 2020 547 2051 15.

122 2055 210 2094 Neo,
226 2055 393 2094 Boeotius,
411 2056 492 2096 fugit
515 2065 590 2086 cum
612 2054 727 2086 Perseo
744 2066 796 2094 44,

122 2140 211 2180 Neo,
226 2141 413 2180 Thebanus,
428 2140 531 2172 securi
554 2150 722 2181 percussus
744 2149 796 2181 45,

167 2193 218 2224 31.

123 2226 302 2259 Neocretes
317 2233 369 2266 37,
384 2236 436 2267 40.

124 2269 312 2310 Nepesinus
325 2280 400 2310 ager
415 2277 446 2309 5,
465 2278 511 2311 19.
536 2268 588 2308 26,
604 2278 655 2310 34.

124 2311 269 2353 Nepete,
282 2313 358 2343 urbs
373 2311 405 2351 6,
419 2322 449 2354 9.
476 2317 572 2353 capta
585 2314 627 2343 ab
643 2311 798 2350 Etruscis,

167 2359 298 2395 recepta
322 2355 364 2386 ab
392 2355 560 2392 Romanis,
583 2355 659 2388 ibid.
687 2360 719 2387 et
751 2365 797 2387 10.

168 2397 407 2438 Nepesinorum
445 2398 617 2429 deditionis
652 2404 799 2429 auctores

167 2441 269 2472 securi
294 2439 445 2481 percussi,
460 2440 536 2471 ibid.
571 2441 715 2472 coloniae
732 2441 798 2472 Ne-

168 2488 244 2525 pete
273 2484 483 2515 deducendae
515 2483 673 2514 triumviri
703 2483 800 2514 creati

170 2536 220 2558 21.
249 2527 290 2557 ab
308 2526 437 2566 Nepete
454 2526 550 2564 legati
566 2526 732 2557 Romanos
747 2527 801 2557 ‹lo-

169 2576 255 2608 cent,
285 2569 440 2600 Etruscos
469 2570 509 2600 de
547 2579 626 2610 pace
661 2570 801 2609 petenda

169 2611 307 2643 concilia
329 2611 447 2643 habere
467 2621 515 2650 ιο,
535 2621 582 2650 14.
612 2611 732 2643 milites
747 2622 801 2653 pe·

170 2654 364 2695 cuniamque
392 2655 549 2686 Romanis
575 2659 668 2695 negat
696 2664 747 2694 27,
770 2665 801 2697 9.

172 2697 204 2728 in
221 2707 291 2728 eam
309 2698 622 2729 senatusconsultum
641 2707 691 2740 29,
712 2706 758 2737 15.

130 2739 320 2780 Neptuniae
349 2751 479 2781 aquae·
511 2741 552 2772 ad
582 2751 636 2772 eas
667 2741 803 2772 Maccus

173 2782 292 2814 molem
318 2782 406 2821 tacit,
430 2787 466 2814 ut
488 2783 549 2815 iter
575 2783 698 2824 populo
722 2787 803 2815 esset

173 2834 191 2865 3
217 2848 226 2862 v
242 2836 293 2864 44·

131 2835 309 2909 Ner‘itunus
327 2867 521 2900 lectisternio
542 2869 690 2909 placatus
705 2879 736 2911 5,
756 2878 802 2909 13.

874 270 926 298 22,
945 270 992 292 ιο.
1019 261 1170 302 Neptuni
1193 271 1249 292 ara
1268 260 1302 292 in
1322 261 1406 292 circo
1427 261 1501 292 Fla-

871 303 972 334 minio
996 304 1120 341 28,11.
1154 303 1314 352 Neptuno
1341 304 1503 335 sollennes

873 345 941 376 ludi
957 355 976 375 a
993 346 1136 377 Romulo
1152 346 1292 377 instituti
1311 355 1339 383 1,
1353 356 1383 387 9.

831 386 1033 427 Nequinum.
1051 389 1113 419 vid.
1131 388 1266 420 Narnia.

832 430 1007 468 Nerulum,
1034 431 1144 470 oppid.
1173 430 1202 461 vi
1232 433 1364 470 captum
1390 441 1410 461 a
1436 432 1502 463 Ro-

874 473 980 503 manis
993 482 1025 514 9,
1043 483 1091 504 2ο.

832 515 1036 549 Nesactium.
1058 515 1169 556 oppid.
1192 515 1318 553 Istriae,
1341 515 1504 547 obsidetur

873 569 893 589 a
909 550 1066 590 Romanis
1082 566 1196 598 41,15.
1220 557 1338 589 obsessi
1354 559 1505 598 coniuges

875 605 909 632 et
940 601 1055 632 liberos
1084 601 1248 639 occidunt,
1275 605 1307 631 et
1334 600 1443 640 palam
1471 601 1503 631 in

874 644 974 675 muris
988 644 1166 675 trucidatos
1180 643 1407 684 pmecipitant,
1422 643 1499 675 ibid.

830 686 996 723 Nesiotae,
1013 687 1125 727 populi
1141 686 1193 725 38,
1210 686 1259 718 28.

831 729 965 767 Nessus,
980 730 1102 761 flumen
1119 739 1171 770 45,
1188 739 1238 771 29.

832 772 919 803 Nexi
946 773 986 803 ob
1012 782 1067 803 aes
1091 772 1234 803 alienum
1259 781 1289 808 2,
1314 778 1363 811 27.
1395 771 1506 809 soluti,

875 819 1071 855 cautumque
1095 815 1128 845 in
1153 819 1316 855 posterum
1337 824 1379 845 ne
1398 819 1504 846 necte-

874 862 986 889 rentur
1001 859 1031 895 8,
1049 858 1098 889 28.

834 900 971 939 Nicaea,
988 902 1063 932 urbs
1086 901 1118 931 in
1143 900 1215 932 sinu
1235 900 1380 932 Maliaco
1403 901 1455 940 28,
1473 908 1505 940 5.

877 953 930 983 3²2
945 953 983 983 3²
1001 948 1033 977 et
1049 952 1099 982 35·

835 986 971 1023 Nicaea,
985 996 1068 1017 uxor
1083 986 1206 1018 Crateri
1223 995 1275 1026 35,
1292 985 1341 1018 26.

833 1029 999 1060 Nicander
1018 1030 1058 1060 ab
1075 1029 1200 1060 Aetolis
1222 1030 1346 1069 legatus
1365 1028 1506 1059 mittitur

875 1072 917 1103 ad
935 1072 1137 1112 Philippum,
1153 1076 1190 1102 ut
1209 1082 1284 1102 eum
1305 1072 1446 1102 concitet
1463 1073 1506 1102 ad

875 1115 998 1145 bellurn
1021 1115 1208 1145 Romanum
1230 1123 1281 1153 35,
1301 1124 1348 1146 12.
1372 1115 1413 1144 ab
1433 1124 1506 1153 rege

876 1157 1040 1188 Antiocho
1063 1157 1204 1195 veniens,
1219 1157 1334 1197 implet
1350 1168 1432 1188 vana
1452 1168 1505 1188 ex-

877 1200 1077 1240 spectatione
1103 1200 1346 1230 multitudinem
1376 1200 1506 1230 Aetolo-

875 1253 946 1273 rum
963 1241 1016 1281 36,
1034 1252 1081 1284 29.
1106 1247 1234 1282 praetor
1249 1243 1437 1273 Aetolorum
1455 1243 1507 1282 38,

880 1294 907 1316 1.
931 1285 1000 1316 eius
1015 1295 1064 1315 res
1078 1290 1186 1325 gestae
1202 1297 1233 1323 4,
1249 1294 1266 1324 5
1284 1292 1316 1316 et
1331 1284 1361 1316 6.

835 1327 1012 1366 Nicander,
1027 1327 1223 1367 archipirata
1238 1337 1290 1367 37,
1310 1337 1357 1358 11.

835 1370 992 1409 Nicanor,
1004 1380 1086 1401 unus
1101 1381 1142 1401 ex
1159 1370 1342 1411 purpuratis
1359 1369 1506 1411 Philippi

878 1422 930 1453 33,
945 1414 974 1445 8·

835 1456 1007 1488 Nicatores
1029 1456 1117 1496 apud
1140 1456 1254 1487 Persas
1276 1459 1368 1486 erant
1389 1455 1509 1488 milites

878 1499 1018 1530 cohortis
1032 1499 1137 1539 regiae
1153 1507 1205 1538 43,
1222 1507 1272 1529 21.

836 1541 1086 1582 Nicephorium,
1115 1542 1208 1573 lucus
1240 1541 1282 1572 ad
1313 1541 1508 1582 Pergamum

881 1593 932 1632 332
949 1593 988 1624 33
1005 1589 1036 1615 et
1053 1593 1104 1623 34·

837 1627 962 1665 Nicias,
978 1632 1105 1667 praetor
1121 1626 1324 1658 Achaeorum
1344 1627 1395 1664 28,
1411 1627 1440 1658 8.

837 1670 962 1708 Nicias,
978 1670 1168 1710 praefectus,
1184 1670 1269 1701 clam
1285 1669 1476 1700 interficitur
1489 1680 1509 1701 a

882 1713 999 1744 Perseo
1016 1724 1068 1752 44,
1088 1722 1134 1744 ιο.

839 1755 937 1794 Nico,
966 1755 1161 1786 Tarentinus
1196 1754 1331 1792 iuvenis,
1365 1755 1509 1786 coniura-

883 1799 970 1829 tione
991 1799 1076 1829 facta
1096 1808 1169 1828 cum
1190 1797 1262 1828 aliis
1282 1798 1442 1829 nobilibus
1462 1798 1509 1829 iu-

884 1842 1028 1879 venibus,
1053 1841 1159 1881 prodit
1184 1841 1362 1871 Hannibali
1390 1841 1510 1871 Taren-

883 1889 952 1915 tum
971 1894 1021 1923 25,
1037 1885 1056 1914 8
1073 1888 1104 1914 et
1120 1894 1150 1925 9.
1174 1883 1241 1914 eius
1259 1894 1331 1914 cum
1351 1884 1392 1915 D.
1406 1883 1511 1920 Quin-

884 1927 948 1958 ctio
971 1931 1132 1958 certamen
1156 1925 1207 1963 26,
1226 1935 1274 1968 39.
1299 1926 1390 1957 hasta
1410 1930 1511 1957 trans-

884 1970 952 2010 figit
991 1969 1198 2006 Quinctium,
1234 1969 1311 2000 ibid.
1356 1969 1513 2000 occiditur

883 2023 1041 2054 pugnans,
1056 2022 1129 2043 cum
1147 2016 1316 2052 caperetur
1331 2012 1511 2043 Tarentum

883 2065 934 2096 27,
955 2054 1001 2088 16.

841 2097 1054 2135 Nicodamus,
1077 2098 1143 2129 dux
1166 2097 1368 2134 Aetolorum,
1390 2096 1512 2128 auxilio

882 2141 1022 2172 mittitur
1038 2140 1229 2172 Ambraciae
1246 2141 1315 2171 urbi
1332 2142 1384 2179 38,
1401 2149 1417 2179 5
1435 2145 1467 2171 et
1482 2140 1512 2172 6.

841 2183 1049 2221 Nicomedes,
1066 2183 1241 2224 Bithyniae
1257 2194 1324 2222 rex,
1341 2184 1511 2214 Ziboetam

883 2227 1004 2258 auxilio
1021 2227 1192 2258 Gallorum
1211 2226 1308 2257 vincit
1325 2226 1377 2265 38,
1398 2225 1444 2258 16.

842 2269 1051 2306 Nicomedes,
1068 2269 1153 2300 iilius
1171 2270 1313 2307 Prusiae,
1329 2279 1400 2299 cum
1423 2273 1514 2309 patre

885 2313 1025 2344 Romam
1049 2313 1135 2343 venit
1157 2320 1209 2350 45,
1230 2324 1280 2351 44.
1310 2312 1515 2343 commenda-

883 2359 937 2386 tur
950 2366 970 2387 a
987 2359 1076 2396 patre
1091 2355 1229 2392 senatui,
1244 2355 1321 2386 ibid.

843 2398 1059 2436 Nicostratus,
1083 2398 1287 2429 Achaeorum
1313 2401 1441 2438 praetor
1464 2406 1517 2436 32,

886 2451 939 2490 39,
956 2451 1005 2480 4ο.
1033 2441 1101 2472 eius
1123 2445 1316 2481 strategema
1338 2449 1457 2480 33,14.
1484 2445 1517 2471 et

888 2485 1022 2516 victoria
1041 2492 1088 2524 15.

845 2526 945 2558 Nilus
971 2539 1023 2567 44,
1052 2537 1099 2569 19.
1131 2537 1189 2567 per
1215 2525 1331 2558 Nilum
1359 2536 1440 2565 pons
1467 2530 1516 2556 tu-

887 2569 1059 2601 multuario
1083 2580 1180 2610 opere
1202 2569 1317 2607 factus,
1340 2568 1416 2599 ibid.
1446 2567 1516 2598 Nili

887 2613 1004 2643 ostium
1023 2613 1228 2644 Pelusiacum
1246 2621 1298 2651 45,
1318 2620 1431 2648 11,12.

846 2654 961 2687 Ninnii
982 2656 1124 2693 Celeres,
1143 2655 1286 2695 hospites
1311 2634 1517 2691 llrinnibnlis,

889 2708 962 2729 cum
980 2698 1007 2729 is
1021 2699 1170 2739 Capuam
1189 2698 1274 2728 venit
1292 2706 1343 2736 23,
1359 2698 1389 2728 8.

849 2740 1008 2772 Nisuetae
1040 2741 1123 2772 inter
1155 2740 1278 2772 auxilia
1316 2739 1517 2771 Rhodiorum

891 2792 943 2823 33.
964 2784 1010 2816 18.

847 2826 880 2858 N
884 2826 985 2857 obiles
1002 2827 1170 2867 deponunt
1193 2826 1332 2858 annulos
1353 2833 1466 2856 aurcos
1485 2826 1518 2853 et

891 2869 1039 2910 phalerus
1054 2880 1086 2911 9,
1102 2869 1153 2907 46.
