1888 3194
669 184 960 223 INDEX.

124 261 302 294 Comitium
327 261 359 300 6,
382 268 429 300 15.
463 269 515 299 34,
541 267 591 299 45.
625 259 790 290 comitium

166 309 289 336 tectum
305 312 356 344 27,
371 302 421 342 36.

124 347 381 380 Commentarius
397 343 551 378 Eumenis
569 345 609 375 de
630 343 791 385 apparati-

166 391 226 422 bus
246 389 322 420 belli
346 398 397 427 42,
419 386 448 419 6.
474 387 692 418 commentarii
720 387 789 418 Nu-

165 442 239 464 mae
273 430 439 471 Pompilii,
473 430 550 462 editi
586 430 673 460 iussu
706 430 789 461 Anci

165 474 280 506 Marcii
301 484 328 512 1,
344 483 392 513 32.
417 473 606 514 pontificum
622 485 652 512 4,
666 482 693 512 3.
715 471 747 511 6,
762 482 788 504 1.

167 517 267 548 Servii
283 516 384 548 Tullii
403 525 429 554 1,
441 515 491 548 60.

123 559 344 600 Compasium,
361 559 447 590 vicus
463 568 514 600 39,
531 557 580 599 36.

122 603 306 643 Compedes
316 602 484 639 Graeciae,
491 601 684 639 Demetrias,
691 601 788 633 Chal-

165 645 220 683 cis,
236 645 410 677 Corinthus
426 654 478 684 32,
494 653 542 684 37.

122 688 311 728 Complega,
327 688 435 728 oppid.
454 687 632 727 Hispaniae
648 697 700 727 41,
717 697 745 728 3.

121 731 276 772 Compsa,
301 732 386 769 urbs,
411 731 528 761 tradita
552 731 661 761 Poeno
686 740 736 771 23,
763 740 789 763 1.

163 778 294 814 recepta
309 784 329 805 a
344 773 501 805 Romanis
518 783 568 811 24,
586 783 634 804 20.

122 816 326 857 Compsanus
340 827 424 857 ager,
436 817 469 847 in
481 826 543 856 quo
557 816 643 847 Iovis
656 815 789 847 Vicilini

165 860 325 900 templum
343 869 394 898 24,
410 870 460 897 44.

121 902 345 943 Compulteria
360 902 392 933 in
408 901 538 934 Samnio
554 901 679 942 capitur
692 912 712 932 a
724 902 789 933 Ro-

164 945 268 976 manis
285 955 335 984 24,
353 955 401 976 20.

122 987 274 1026 Comum,
300 988 408 1029 oppid.
434 987 560 1028 capitur
586 997 606 1018 a
634 986 791 1018 Romanis

165 1039 216 1070 33,
233 1030 283 1069 36-

122 1073 347 1106 conciliabula
367 1081 418 1112 25,
439 1081 466 1112 5.
491 1082 542 1114 39,
562 1082 609 1110 14.
640 1072 788 1103 concilia—

163 1116 241 1146 bula
257 1119 289 1146 et
303 1115 466 1146 nundinae
484 1123 512 1154 7,
532 1124 578 1155 15.

120 1158 304 1190 Concilium
317 1159 521 1188 Acarnanum
536 1166 586 1197 33,
597 1156 641 1188 16.
666 1157 789 1188 Achae-

163 1210 254 1232 orum
272 1200 322 1239 28,
341 1208 367 1240 7.
392 1210 443 1239 32,
461 1210 508 1231 20.
533 1201 721 1231 Aetolorum
738 1209 789 1239 31,

164 1253 214 1286 29.
247 1253 299 1284 33,
323 1252 351 1283 3.
391 1243 635 1274 Panaetolicum
663 1252 714 1282 31,
739 1252 788 1282 32.

163 1294 216 1361 ‘1⁵3’
238 1295 288 1369 33·
307 1286 552 1360 {gp‘ffssssl‘i'ffi
562 1286 790 1368 3⁸2²¹¹¹5⁰t³¹50233

206 1353 213 1360 .
280 1353 290 1367 ,
347 1353 355 1360 .
604 1352 613 1366 ,
650 1352 657 1359 .

161 1375 269 1403 torum
299 1381 351 1411 32,
378 1382 405 1404 2.
447 1372 653 1402 Etruscorum
682 1380 712 1410 5,
742 1379 788 1411 17.

163 1414 353 1446 Latinorum
377 1415 569 1455 populorum
591 1423 619 1453 7,
637 1422 684 1453 25.
713 1415 743 1453 8,
759 1424 788 1454 3.

163 1457 354 1498 Magnetum
379 1466 430 1498 35,
453 1467 502 1496 31.
541 1457 711 1498 Pylaicum
738 1467 790 1497 31,

165 1509 216 1540 32.
240 1500 467 1532 Thessalorum
483 1499 534 1539 36,
550 1500 579 1531 8.
603 1510 655 1538 42,
671 1500 720 1538 38.

122 1543 245 1576 concio
265 1544 352 1584 apud
373 1543 513 1574 Graecos
533 1543 565 1573 in
587 1543 712 1573 theatro
734 1543 789 1573 ha-

164 1586 232 1617 bita
259 1595 311 1625 33,
339 1586 387 1617 28.
430 1585 597 1616 conciones
622 1585 790 1617 seditiosae

163 1629 363 1678 tribunorum
394 1628 496 1669 plebis
520 1640 551 1668 4,
576 1636 625 1668 35.
652 1632 685 1659 et
713 1628 790 1659 alibi

164 1682 292 1712 passim.

121 1715 321 1747 Concordiae
341 1715 435 1746 aedes
456 1714 489 1745 in
511 1724 584 1746 arce
600 1723 651 1751 22,
667 1723 715 1753 33.
741 1713 790 1752 26,

166 1767 215 1798 23.
241 1758 273 1789 111
289 1768 363 1789 area
379 1757 519 1788 Vulcani
536 1756 682 1788 dedicata
697 1767 728 1798 9,
741 1756 789 1795 46.

163 1811 219 1832 ara
236 1811 286 1839 24,
303 1810 352 1832 22.
375 1811 448 1831 arca
464 1809 515 1842 39,
531 1799 580 1839 56.
604 1809 655 1838 40,
676 1809 721 1841 19.

121 1843 305 1918 Condygon,
338 1844 505 1874 castellum
542 1843 791 1883 inexpugnabile

122 1929 301 1967 coniurati,
323 1930 466 1960 nondum
489 1928 608 1960 milites
629 1937 682 1968 45,
705 1938 729 1960 1.
751 1929 790 1960 cf.

164 1976 197 2004 et
214 1982 265 2010 22,
281 1972 330 2011 38.

122 2015 310 2048 coniuratio
334 2015 374 2046 de
403 2015 528 2055 regibus
550 2014 736 2045 revocandis
761 2024 790 2052 2,

165 2067 183 2098 3
201 2062 277 2096 et4.
302 2058 581 2096 coniurationes7,
597 2058 646 2105 38.
673 2056 723 2095 26,
740 2067 788 2096 25.

164 2109 217 2141 33,
239 2100 289 2140 36.
317 2110 369 2143 39,
389 2101 418 2132 8.
450 2099 626 2131 coniuratio
651 2100 788 2130 Acarna-

163 2154 254 2182 num,
269 2154 332 2174 non
349 2143 503 2174 redituros
517 2154 550 2174 se
566 2153 606 2174 ex
621 2143 719 2181 bello,
730 2142 789 2173 nisi

164 2187 300 2218 victores
316 2185 366 2225 26,
384 2196 432 2226 25.

123 2229 328 2262 connubium
357 2210 520 2261 Romulus
554 2239 636 2259 novo
669 2229 790 2269 populo

166 2272 248 2313 petit
263 2282 329 2314 1,9.
352 2273 392 2304 de
406 2273 540 2304 Patrum
555 2276 587 2303 et
603 2271 706 2312 plebis
717 2281 790 2302 con·

166 2315 264 2346 nubio
286 2315 338 2346 lex
362 2327 392 2354 4,
420 2325 446 2353 1,
469 2324 486 2354 3
510 2319 542 2346 et
565 2327 594 2353 4.
631 2314 791 2345 connubia

167 2357 291 2389 Latinis
317 2358 445 2398 populis
466 2362 498 2389 et
523 2357 714 2388 commercia
736 2358 789 2388 ad-

165 2405 277 2441 empta
291 2401 323 2439 8,
343 2410 388 2439 14.
412 2405 502 2432 extra
516 2401 595 2431 fines
609 2410 682 2431 suos
697 2399 790 2431 inter-

165 2443 253 2475 dicta
267 2443 500 2475 Macedonibus
514 2451 566 2482 45,
583 2452 632 2484 29.

124 2486 306 2527 Conscripti
322 2486 435 2518 Patres
450 2487 535 2517 unde
550 2485 624 2516 dicti
637 2489 651 2517 Ρ
676 2495 706 2523 2,
725 2495 749 2517 1.

124 2529 309 2567 Consentia,
322 2530 406 2567 urbs,
418 2529 542 2569 capitur
553 2530 594 2560 ab
607 2529 790 2560 Alexandro

166 2572 316 2614 Epirensi
332 2574 362 2611 8,
377 2582 425 2612 24.
441 2573 480 2603 cf.
494 2577 526 2603 et
542 2581 592 2612 23,
605 2580 653 2611 30.
680 2581 729 2613 29,
740 2572 789 2611 38

167 2624 220 2656 3ο,
239 2625 250 2647 1

124 2626 326 2696 Consentini,
346 2658 456 2700 populi
479 2658 510 2689 in
536 2657 681 2695 Bruttiis,
703 2658 790 2689 rede-

167 2706 227 2733 unt
240 2702 272 2733 in
289 2702 385 2733 fidem
404 2702 623 2733 Romanorum
642 2710 739 2740 25,1.

126 2743 357 2777 Consentinum
400 2755 510 2785 agrum
552 2744 792 2785 depopulantur

171 2786 309 2819 Romani
327 2788 378 2824 28,
398 2797 443 2820 11.

128 2828 172 2866 Q,
188 2829 368 2867 Considius,
398 2831 469 2862 trib.
501 2831 543 2870 pl.
573 2835 685 2862 auctor
714 2829 792 2869 legis

169 2871 320 2911 agrariae.
340 2873 423 2905 diem
445 2873 521 2904 dicit
537 2872 576 2904 T.
591 2873 742 2904 Menenio
763 2882 792 2909 2,

171 2923 219 2953 5²·

834 259 1009 291 Consualia
1027 269 1054 298 1,
1069 270 1099 302 9.

833 302 975 334 Consul
966 302 1085 333 mvisus
1096 301 1182 343 plebi
1194 301 1394 342 magistratus
1406 313 1436 343 5,
1447 314 1487 347 29

875 345 960 375 solus
972 345 1159 376 dictatorem
1171 345 1276 376 dicere
1292 348 1395 384 potest
1407 357 1437 384 4,
1448 356 1464 386 3
1472 357 1497 379 1.

877 397 927 425 22,
951 388 979 418 8.
1017 389 1104 419 solus
1129 388 1170 419 ad
1197 387 1384 418 dictatorem
1412 390 1498 420 venit

874 430 942 461 sine
957 430 1121 461 lictoribus
1138 440 1188 467 22,
1207 439 1253 461 11.
1279 430 1320 460 ab
1334 430 1412 460 urbe
1429 441 1498 470 pro-

874 473 1025 504 ficiscitur
1046 473 1218 513 paludatus
1240 483 1312 503 cum
1336 473 1499 505 lictoribus

875 525 991 556 31,13.
1016 515 1066 555 36,
1089 525 1116 555 3.
1140 525 1191 554 41,
1213 525 1262 545 22.
1294 526 1334 546 ex
1357 516 1498 556 patriciis

874 563 1000 590 tantum
1031 570 1113 590 unus
1142 562 1268 589 creatur
1293 567 1344 639 ξ,
1371 567 1420 598 32.
1459 559 1498 590 de

874 603 968 642 plebe
980 601 1150 642 primusL.
1162 601 1289 632 Sextius
1342 611 1391 639 42.
1415 601 1499 633 Con-

873 645 958 676 sules
981 645 1073 684 primi
1095 645 1220 676 Romae
1242 644 1338 675 creati
1358 653 1385 682 1,
1400 642 1450 675 60.
1479 655 1499 675 a

874 688 1056 718 consulibus
1077 688 1118 718 ad
1136 687 1332 718 decemviros
1352 687 1499 718 transfer-

873 734 926 761 tur
936 730 1105 771 imperium
1119 740 1149 770 3,
1163 739 1211 769 33.
1235 730 1362 760 sublato
1374 730 1500 760 decem-

875 773 977 804 viratu
999 773 1119 805 reditur
1140 773 1181 803 ad
1202 773 1348 803 consules
1364 781 1394 811 3,
1411 781 1451 812 54
1466 776 1499 804 et

876 824 924 855 55.
948 817 1000 847 lex
1016 826 1035 846 a
1051 815 1208 848 Canuleio
1228 815 1305 854 lata,
1320 819 1356 846 ut
1377 816 1498 856 populo

875 863 1015 899 potestas
1041 863 1133 897 esset,
1155 859 1220 889 sive
1243 859 1283 889 de
1304 859 1410 898 plebe,
1432 858 1498 889 sive

875 903 915 933 de
933 902 1081 933 Patribus
1097 902 1205 940 vellet,
1220 902 1365 932 consules
1382 901 1499 932 facien-

876 945 907 975 di
925 957 955 983 4,
975 955 1000 977 1.
1025 945 1079 975 sed
1096 945 1311 976 resistentibus
1327 944 1387 984 legi
1403 944 1498 984 patri-

875 987 942 1026 ciis,
963 998 1000 1019 eo
1020 988 1198 1026 decursum,
1219 992 1254 1018 ut
1276 986 1394 1018 tribuni
1416 987 1499 1017 mili-

874 1033 943 1060 tum
967 1040 1023 1070 pro
1039 1031 1221 1061 consulibus
1236 1034 1418 1060 crearentur
1432 1028 1452 1061 6
1467 1034 1500 1060 et

877 1079 903 1111 7.
928 1073 980 1103 lex
997 1074 1036 1104 de
1052 1074 1181 1104 consule
1196 1083 1260 1103 uno
1282 1072 1407 1112 plebeio
1430 1082 1498 1112 per-

875 1115 941 1146 lata
957 1115 987 1151 6,
998 1124 1035 1155 35
1049 1120 1079 1146 et
1093 1126 1158 1155 sqq.
1183 1116 1345 1146 consulem
1362 1115 1498 1146 alterum

875 1168 915 1188 ex
937 1159 1029 1189 Latio
1053 1159 1162 1196 creari,
1180 1162 1295 1198 petunt
1311 1158 1417 1189 Latini
1433 1158 1464 1195 8,
1479 1169 1500 1197 4

875 1205 906 1231 et
924 1209 951 1240 5.
969 1202 1008 1231 cf.
1025 1205 1057 1232 et
1073 1210 1123 1240 23,
1137 1200 1166 1232 6.
1191 1201 1336 1232 0011511105
1350 1202 1443 1231 ambo
1459 1201 1499 1231 de

875 1244 969 1283 plebe
992 1253 1042 1282 23,
1063 1253 1111 1282 31.
1129 1244 1168 1274 cf.
1185 1248 1215 1274 et
1235 1253 1286 1282 42,
1302 1253 1330 1285 9.
1355 1244 1500 1274 consules

875 1286 1023 1317 ordinarii
1051 1291 1082 1317 et
1107 1286 1232 1317 suffecti
1256 1296 1307 1324 41,
1332 1296 1379 1317 22.
1404 1286 1498 1326 primi

875 1330 1021 1360 consules
1036 1329 1144 1360 omnia
1158 1329 1228 1359 iura
1250 1332 1281 1359 et
1305 1328 1439 1369 insignia
1454 1339 1499 1359 re-

873 1372 944 1412 giae
969 1372 1136 1412 potestatis
1158 1371 1299 1402 habuere
1320 1381 1349 1409 2,
1369 1381 1393 1403 1.
1418 1382 1501 1402 unus

874 1419 1000 1446 tantum
1017 1415 1127 1446 consul
1143 1415 1175 1445 in
1190 1416 1268 1445 urbe
1283 1415 1383 1445 fasces
1404 1414 1500 1445 habe—

874 1458 940 1496 bat,
965 1458 1040 1490 ibid.
1078 1459 1132 1489 lex
1158 1458 1199 1488 de
1228 1457 1453 1498 provocatione
1481 1468 1501 1488 a

874 1501 1058 1532 consulibus
1072 1501 1113 1531 ad
1130 1501 1288 1541 populum
1307 1510 1335 1538 2,
1351 1500 1379 1531 8.
1403 1510 1432 1541 3,
1449 1508 1499 1540 55.

878 1553 927 1580 10,
942 1554 970 1586 9.
996 1543 1180 1575 consulibus
1195 1543 1358 1574 minantur
1373 1543 1501 1574 vincula

874 1586 994 1617 tribuni
1015 1587 1058 1627 pl.
1080 1586 1111 1617 ni
1128 1586 1252 1617 senatui
1269 1586 1354 1617 dicto
1369 1586 1498 1617 audien-

874 1632 922 1659 tes
941 1630 1003 1660 sint
1019 1640 1050 1667 4,
1067 1628 1114 1661 26.
1147 1629 1292 1660 consules
1314 1629 1500 1669 magistratu

875 1682 908 1703 se
931 1672 1078 1703 abdicare
1100 1671 1174 1702 iussi
1197 1679 1227 1711 5,
1245 1680 1294 1710 32.
1318 1671 1349 1709 8,
1366 1681 1393 1711 3.
1426 1682 1498 1702 0011-

876 1714 952 1745 sulis
978 1719 1025 1746 est
1050 1719 1105 1745 aut
1129 1714 1328 1754 imperatoris
1352 1714 1500 1745 dedicare

875 1758 1034 1798 templum
1058 1767 1089 1799 9,
1110 1757 1162 1797 46.
1187 1757 1227 1788 cf.
1247 1761 1279 1788 et
1303 1767 1332 1795 2,
1354 1765 1402 1796 27.
1427 1767 1499 1788 con-

876 1801 960 1831 sules
982 1804 1057 1831 ante
1075 1801 1111 1832 L.
1125 1800 1326 1831 Postumium
1345 1800 1501 1831 Albinum

875 1844 966 1874 nulla
982 1843 1013 1873 in
1030 1854 1063 1874 re
1078 1843 1164 1874 oneri
1180 1843 1272 1873 sociis
1286 1846 1342 1874 aut
1357 1843 1500 1883 sumptui

874 1886 1003 1917 fuerunt
1023 1896 1074 1925 42,
1100 1896 1124 1917 1.
1159 1887 1199 1916 de
1222 1886 1352 1917 consule
1376 1886 1501 1926 plebeio

875 1930 1011 1960 creando
1026 1929 1200 1960 discordiae
1213 1941 1244 1968 4,
1261 1938 1285 1965 1,
1299 1938 1326 1967 3.
1346 1928 1377 1967 6,
1387 1927 1438 1967 36,
1449 1937 1499 1968 37.

878 1979 906 2012 7,
927 1972 974 2010 18,
991 1982 1038 2003 21.
1063 1972 1208 2003 0011511105
1229 1972 1354 2002 sublato
1375 1973 1499 2002 decem-

876 2015 979 2046 viratu
1001 2015 1210 2046 restituuntur
1225 2024 1255 2053 3,
1272 2023 1320 2053 54.
1355 2015 1500 2045 consules

876 2059 1067 2098 praetextati
1092 2066 1119 2097 7,
1140 2068 1164 2089 1.
1190 2057 1313 2098 patricii
1336 2065 1364 2097 7,
1385 2067 1432 2097 17,
1451 2057 1500 2095 18,

877 2102 925 2132 28.
964 2102 1059 2132 Rom.
1087 2101 1323 2141 paludamentis
1351 2100 1501 2131 detractis

875 2154 974 2184 prope
989 2143 1147 2175 seminudi
1168 2145 1226 2174 sub
1242 2143 1350 2183 iugum
1366 2143 1453 2174 missi
1468 2152 1500 2185 9,

876 2195 906 2225 5,
932 2185 961 2218 6.
1001 2187 1186 2224 sortiuntur,
1215 2190 1286 2217 uter
1319 2186 1501 2217 censoribus

875 2230 1019 2261 creandis
1041 2229 1206 2260 comitium
1230 2229 1360 2260 haberet
1382 2239 1432 2267 24,
1452 2238 1499 2260 10.

875 2272 1047 2303 majoribus
1062 2272 1173 2303 hostiis
1189 2272 1282 2303 litant
1295 2281 1385 2311 31,5.
1408 2281 1459 2311 32,
1474 2281 1498 2303 1.

876 2324 927 2357 39,
952 2325 1000 2346 22.
1032 2315 1150 2355 plebeii
1176 2315 1273 2346 creati
1294 2323 1346 2354 35,
1370 2325 1419 2354 24.
1447 2324 1500 2345 ver

874 2369 999 2389 sacrum
1023 2358 1145 2389 faciunt
1166 2367 1217 2397 33,
1240 2369 1289 2397 44.
1322 2362 1395 2389 vota
1421 2368 1499 2388 nun-

876 2405 996 2442 cupant
1018 2401 1051 2432 in
1071 2400 1245 2442 Capitolio,
1267 2405 1439 2441 antequam
1467 2400 1499 2430 in

876 2443 1070 2484 proxinciam
1095 2444 1368 2484 proficiscerentur
1383 2454 1435 2483 41,
1450 2452 1501 2483 32.

876 2487 1022 2518 consules
1047 2487 1185 2525 edixere,
1208 2487 1332 2527 quoties
1355 2487 1386 2518 in
1411 2497 1498 2518 sena-

875 2533 944 2561 tum
961 2536 1136 2568 vocassent,
1147 2530 1194 2561 uti
1206 2534 1366 2561 senatores
1376 2530 1417 2561 ad
1431 2539 1500 2569 por-

875 2577 942 2604 tam
966 2573 1131 2613 Capenam
1155 2573 1361 2604 convenirent
1383 2582 1433 2611 23,
1451 2581 1499 2611 32.

875 2616 916 2647 de
930 2616 1009 2646 aede
1020 2615 1171 2647 Mercurii
1187 2616 1365 2647 dedicanda
1379 2615 1499 2655 discep—

876 2662 946 2689 tant
970 2668 999 2697 2,
1016 2667 1064 2698 27.
1095 2659 1277 2690 consulibus
1300 2669 1363 2689 non
1389 2662 1500 2698 parent

877 2702 988 2742 populi
1006 2711 1035 2739 2,
1052 2702 1101 2734 28.
1129 2702 1288 2734 veteribus
1309 2702 1419 2732 datum
1443 2701 1498 2731 1111-

877 2745 999 2785 perium
1017 2745 1240 2785 proconsulare
1260 2754 1306 2782 10,
1327 2744 1372 2775 16.

834 2787 1028 2818 Consulatus
1045 2793 1132 2818 ortus
1147 2798 1185 2819 ex
1203 2789 1299 2819 domo
1317 2787 1410 2818 Iunia
1427 2796 1455 2820 2.
1472 2793 1500 2823 5.

877 2830 973 2862 initus
990 2830 1150 2862 Kalendis
1165 2830 1277 2861 Sextil.
1295 2840 1324 2870 3,
1336 2829 1365 2861 6.
1393 2829 1500 2859 Idibus

879 2874 1048 2904 Decembr.
1063 2885 1093 2911 4,
1104 2881 1152 2912 37.
1178 2872 1290 2904 Idibus
1303 2872 1396 2903 Mart.
1410 2880 1460 2905 22.
1476 2879 1499 2900 ι.

877 2917 918 2947 ad
934 2916 1133 2947 cumulatum
1155 2925 1194 2947 ex
1211 2919 1379 2953 quaestura
1401 2913 1501 2943 saltus

1182 2956 1273 2997 *c2
