1888 3194
574 134 857 178 LIBROR.
891 133 1192 176 DEPERD.
1502 142 1584 181 263

184 228 296 271 inter
316 243 422 286 quos
443 235 490 269 ut
511 227 640 268 Pater
656 225 825 267 Patriae
847 224 1141 281 appellaretur,
1164 233 1207 266 et
1227 235 1513 268 sacrosanctus
1534 243 1582 270 ac

183 285 363 328 dictator
382 285 427 326 in
447 291 701 340 perpetuum
721 291 844 331 esset,
866 281 1050 322 invidiae
1071 296 1238 322 causam
1264 282 1461 324 adversus
1482 299 1580 326 eum

181 343 440 399 praestitere,
463 339 580 397 quod
600 339 765 381 senatui
785 338 993 380 deferenti
1014 339 1090 380 hos
1110 338 1303 388 honores,
1326 354 1459 395 quum
1480 351 1578 382 ante

182 399 331 441 aedem
351 398 532 439 Veneris
556 396 788 438 Genitricis
806 394 985 445 sederet,
1008 411 1095 437 non
1115 396 1366 437 assurrexit:
1400 406 1443 438 et
1463 399 1580 452 quod

181 471 206 497 a
225 456 289 497 M.
305 455 499 497 Antonio
519 453 692 496 consule
714 452 875 509 collega
895 468 983 502 suo,
1001 453 1112 494 inter
1128 453 1344 508 Lupercos
1365 464 1575 504 currente,

179 512 376 554 diadema
402 512 530 568 capiti
557 526 632 553 suo
663 511 907 567 impositum
940 510 984 550 in
1017 509 1119 551 sella
1147 510 1360 566 reposuit:
1395 520 1438 552 et
1461 512 1578 566 quod

179 569 337 626 Epidio
358 569 545 612 Marullo
569 577 613 610 et
635 568 829 610 Caesetio
851 567 977 609 Flavo
1006 567 1184 608 tribunis
1211 567 1345 624 plebis
1373 568 1576 610 invidiam

177 627 218 669 ei
232 635 433 682 tanquam
447 641 624 683 regnum
642 625 857 667 affectanti
879 625 1156 674 moventibus,
1174 633 1358 681 potestas
1379 626 1577 682 abrogata

177 692 252 725 est.
316 684 384 726 Ex
405 685 456 725 iis
476 684 610 726 causis
631 683 939 740 conspiratione
965 683 1010 723 in
1035 697 1132 724 eum
1154 682 1275 732 facta,
1298 683 1418 725 cuius
1438 684 1577 739 capita

176 741 350 783 fuerunt
381 741 444 783 M.
465 741 635 790 Brutus,
665 749 708 782 et
743 742 788 782 C.
810 740 990 789 Cassius,
1017 749 1059 781 et
1086 755 1140 781 ex
1166 740 1355 782 Caesaris
1386 741 1576 797 partibus

175 798 231 840 D.
253 798 411 841 Brutus
444 809 487 840 et
519 800 566 841 C.
586 798 837 847 Trebonius,
869 797 912 838 in
946 797 1140 854 Pompeii
1173 798 1290 838 curia
1321 799 1481 840 occisus
1511 807 1575 840 est

173 856 325 913 viginti
354 857 486 898 tribus
509 855 765 904 vulneribus,
793 864 1129 911 occupatumque
1157 855 1209 896 ab
1238 855 1575 897 interfectoribus

174 914 266 955 eius
295 914 565 970 Capitolium.
632 912 857 954 Oblivione
890 912 1045 953 deinde
1077 912 1217 953 caedis
1249 913 1339 954 cius
1370 928 1393 954 a
1423 922 1574 955 senatu

171 970 354 1021 decreta,
377 971 591 1012 obsidibus
612 970 793 1010 Antonii
824 978 868 1011 et
895 969 1063 1025 Lepidi
1081 969 1224 1010 liberis
1254 971 1448 1026 acceptis,
1471 985 1572 1013 con-

170 1028 295 1069 iurati
340 1043 365 1069 a
407 1027 617 1084 Capitolio
663 1026 986 1067 descenderunt.
1062 1026 1338 1068 Testamento
1382 1029 1571 1069 Caesaris

169 1084 291 1126 heres
307 1100 360 1126 ex
381 1093 499 1140 parte
516 1083 694 1125 dimidia
714 1083 928 1124 institutus
954 1082 1004 1124 C.
1024 1082 1238 1132 Octavius,
1256 1085 1407 1125 sororis
1423 1100 1568 1141 nepos,

169 1150 212 1183 et
247 1142 292 1182 in
327 1156 485 1183 nomen
520 1141 744 1196 adoptatus
779 1149 853 1181 est.
929 1140 1117 1182 Caesaris
1153 1155 1317 1196 corpus,
1355 1156 1488 1196 quum
1523 1142 1570 1183 in

168 1213 364 1255 campum
387 1198 594 1240 Martium
618 1197 808 1246 ferretur,
831 1212 855 1238 a
879 1196 1003 1253 plebe
1030 1206 1127 1238 ante
1150 1197 1305 1239 Rostra
1335 1207 1568 1240 crematum

167 1265 242 1298 est.
309 1255 558 1297 Dictaturae
598 1255 732 1296 honos
771 1254 816 1295 in
856 1263 1110 1310 perpetuum
1151 1254 1339 1295 sublatus
1379 1264 1454 1297 est.
1518 1257 1566 1298 C.

170 1313 378 1363 Amatius,
400 1312 660 1354 humillimae
693 1311 814 1353 sortis
844 1311 986 1361 homo,
1009 1312 1083 1368 qui
1116 1326 1159 1352 se
1196 1310 1247 1353 C.
1272 1312 1401 1354 Marii
1432 1312 1567 1354 filium

166 1369 339 1421 ferebat,
362 1385 495 1427 quum
523 1369 636 1426 apud
665 1368 879 1411 credulam
907 1368 1075 1425 plebem
1107 1368 1335 1411 seditiones
1366 1379 1565 1420 moveret,

166 1436 340 1470 necatus
361 1437 433 1470 est.

766 1802 955 1844 CXVII.

165 1938 217 1980 C.
244 1936 563 1980 OCTAVIUS
594 1936 775 1977 Romam
806 1951 859 1977 cx
884 1935 1015 1992 Epiro
1041 1936 1169 1985 venit,
1196 1936 1267 1991 (eo
1298 1937 1411 1977 enim
1444 1936 1562 1979 illum

163 1995 318 2037 Caesar
339 1995 623 2052 praemiserat,
646 1992 804 2035 bellum
830 1994 873 2034 in
897 1992 1154 2034 Macedonia
1177 1993 1391 2049 gesturus)
1412 1994 1563 2036 omini-

162 2053 324 2109 busque
384 2052 562 2108 rosperis
589 2061 792 2107 exceptus
819 2051 946 2092 etiam
975 2065 1133 2092 nomen
1155 2051 1344 2092 Caesaris
1372 2052 1560 2108 sumpsit.

163 2109 216 2152 In
256 2067 501 2152 coniiisione
543 2124 684 2150 rerum
725 2124 773 2150 ac
816 2107 1000 2150 tumultu
1037 2108 1228 2164 Lepidus
1267 2108 1562 2165 pontificatum

163 2167 395 2208 maximum
416 2167 654 2223 intercepit.
720 2165 804 2208 Sed
826 2166 889 2208 M.
910 2166 1127 2207 Antonius
1147 2165 1308 2216 consul,
1331 2181 1464 2222 quum
1486 2166 1564 2208 im-

163 2233 358 2281 potenter
387 2224 689 2273 dominaretur,
716 2223 938 2280 legemque
968 2223 1021 2265 de
1053 2224 1363 2280 permutatione
1395 2225 1565 2280 provin-

162 2282 322 2323 ciarum
351 2297 427 2338 per
446 2282 530 2323 vim
561 2281 736 2331 tulisset,
758 2290 802 2323 et
824 2282 1046 2323 Caesarem
1070 2296 1240 2337 quoque
1262 2290 1494 2338 petentem,
1517 2291 1564 2323 ut

161 2339 240 2381 sibi
269 2339 466 2381 adversus
493 2354 756 2395 percussores
785 2338 982 2381 avunculi
1013 2338 1189 2389 adesset,
1213 2339 1375 2395 magnis
1401 2339 1564 2380 iniuriis

161 2397 394 2446 affecisset3
440 2397 606 2446 Caesar,
645 2406 686 2437 et
722 2397 814 2446 sibi,
851 2405 894 2438 et
930 2396 1185 2452 reipublicae
1223 2397 1329 2438 vires
1365 2396 1563 2438 adversus

162 2469 260 2496 eum
296 2464 527 2510 paraturuS,
562 2453 766 2495 deductos
804 2454 846 2494 in
879 2453 1063 2495 colonias
1095 2462 1315 2495 veteranos
1350 2454 1560 2495 excitavit.

164 2510 374 2568 Legiones
403 2527 573 2568 quoque
606 2520 754 2567 quarta
786 2521 829 2552 et
863 2510 1020 2552 Martia
1050 2511 1170 2567 signa
1202 2512 1254 2552 ab
1288 2511 1478 2552 Antonio
1510 2511 1562 2552 ad

163 2569 384 2610 Caesarem
411 2568 606 2610 tulerunt.
672 2568 841 2609 Deinde
863 2576 906 2609 et
926 2568 1164 2624 complures
1189 2569 1360 2610 saevitia
1389 2569 1452 2610 M.
1471 2568 1563 2610 An·

164 2626 281 2676 tonii,
305 2626 458 2682 passim
487 2626 531 2666 in
559 2626 702 2667 castris
730 2626 814 2666 suis
843 2625 1104 2675 trucidantis,
1127 2626 1201 2681 qui
1227 2626 1408 2682 suspecti
1431 2635 1562 2671 erant,

161 2682 216 2723 ad
253 2684 474 2725 Caesarem
511 2683 790 2724 desciverunt.
856 2683 912 2724 D.
939 2682 1109 2732 Brutus,
1147 2693 1193 2724 ut
1230 2683 1391 2740 petenti
1430 2682 1562 2724 Cisal-

162 2739 303 2794 pinam
328 2740 511 2782 Galliam
536 2741 727 2782 Antonio
749 2740 981 2790 obsisteret,
1006 2741 1220 2782 Mutinam
1250 2756 1346 2782 cum
1372 2740 1562 2781 exercitu

163 2798 394 2852 occupavit.
457 2797 682 2840 Praeterea
713 2797 924 2840 discursus
962 2797 1179 2854 utriusque
1217 2798 1346 2854 partis
1378 2797 1559 2838 virorum

162 2852 215 2893 ad
236 2854 500 2909 accipiendas
520 2855 769 2911 provincias,
792 2863 1099 2911 apparatusque
1123 2854 1219 2896 belli
1242 2855 1441 2896 continet.
