1888 3194
659 177 954 214 INDEX.

106 251 298 291 Antepilani
313 252 346 283 in
361 251 480 282 militia
493 251 526 289 8,
541 251 570 282 8.

106 293 319 334 Antesignani
348 293 512 333 legionum
539 301 568 330 2,
593 301 643 323 20.
678 300 707 332 7,
731 301 781 332 33.

151 345 204 374 22,
218 344 248 375 5.
273 344 324 376 27,
343 336 391 367 18.

107 377 296 416 Anthedon,
311 388 388 418 opp.
404 376 561 408 Boeotiae
577 385 629 417 33,
646 377 695 408 28.

107 420 225 451 Antias
234 421 377 460 populus
390 428 442 459 27,
453 420 504 459 38.
527 420 633 450 eidem
648 422 784 459 negatur

149 462 276 493 vacatio
291 462 336 493 rei
351 462 476 493 navalis
492 461 544 501 36,
561 472 579 502 3

106 503 256 536 Antiates
273 505 397 535 bellum
420 505 562 535 inferunt
578 503 738 536 Romanis
751 503 783 541 6,

148 544 179 578 6.
203 556 315 577 eorum
331 547 491 578 exercitus
508 555 536 586 7.
563 547 738 577 vincuntur
753 547 782 577 8.

142 588 264 620 seditio
289 589 374 620 inter
399 589 550 620 Antiates
577 593 610 620 et
637 589 783 626 Latinos,

149 631 286 662 Antium
299 631 456 662 intrantes
468 641 518 671 32·
538 632 661 663 dedunt
672 642 706 662 se
717 632 782 662 Ro-

147 673 253 704 manis
275 683 326 714 33.
355 674 516 706 Satricum
542 675 704 705 coloniam
729 675 782 705 de-

148 715 274 747 ducunt
291 724 321 756 7,
337 725 387 756 27.
410 717 494 748 duce
513 717 638 748 Antiati
662 717 784 757 populo

150 757 345 790 Volscorum
376 759 537 791 exercitus
566 759 711 790 consedit
742 759 784 790 ad

149 800 311 832 Satricum
327 802 358 840 8,
374 811 400 833 1.
423 802 456 833 in
471 812 583 843 agrum
600 802 784 834 Ostiensem

149 844 354 875 excursiones
374 845 498 876 faciunt
523 855 570 876 12.
597 855 696 876 naves
718 846 783 875 An-

149 885 267 917 tiatum
296 887 443 925 abactae,
473 897 649 927 earumque
678 887 786 918 rostris

148 933 315 968 suggestus
325 929 358 960 in
373 930 442 960 foro
457 931 632 960 adornatus
647 939 694 967 14.
718 931 784 960 An-

148 970 282 1003 tiatibus
299 971 365 1003 dati
386 973 428 1003 ad
450 972 520 1003 iura
541 973 715 1003 statuenda
737 972 783 1012 ip-

148 1012 215 1044 sius
229 1014 376 1045 coloniae
393 1014 519 1054 patroni
535 1024 567 1056 9,
584 1024 634 1045 20.

107 1055 266 1096 Anticyra
279 1057 355 1087 urbs
372 1056 525 1087 Phocidis
543 1058 594 1091 28.
610 1057 641 1087 8.
665 1065 717 1094 33,
738 1057 784 1087 18.

149 1103 337 1178 oppugnata
351 1103 384 1130 et
400 1103 497 1139 capta
509 1099 647 1129 traditur
659 1097 785 1129 Aetolis

150 1148 168 1170 2
219 1149 236 1170 ἰ

107 1182 291 1223 Antigonea
307 1182 400 1223 Epiri
416 1192 469 1222 32,
486 1191 514 1223 5.
539 1193 591 1223 43,
610 1191 659 1222 25.

107 1224 292 1265 Antigonea
307 1225 522 1257 Macedoniae
538 1237 591 1264 44,
607 1235 655 1257 10.

105 1266 337 1308 Antigonensis
351 1278 404 1307 42,
421 1269 470 1307 58.
495 1277 546 1308 43,
565 1277 614 1307 25.

106 1309 261 1350 Antigoni
277 1311 520 1351 apophthegma
535 1321 589 1349 40,
606 1321 655 1342 21.

107 1352 300 1393 Antigonus,
327 1353 518 1384 Echecratis
542 1354 629 1384 filius
655 1363 708 1392 4ο,
733 1363 784 1393 54.

151 1394 344 1436 Philippum
361 1397 475 1427 edocet
491 1396 637 1427 ordinem
654 1407 784 1427 omnem

149 1437 337 1469 insidiarum
350 1439 460 1469 Persei
471 1439 504 1469 in
517 1439 721 1470 Demetrium
734 1446 784 1477 55.

127 1498 130 1500 -
150 1489 225 1510 eum
242 1480 302 1511 sibi
317 1481 457 1512 destinat
476 1491 690 1512 successorem
709 1481 786 1512 Phi-

150 1521 261 1562 lippus
276 1522 326 1562 56.
354 1524 478 1563 legatus
493 1523 609 1554 missus
623 1524 664 1555 ad
681 1523 786 1554 conci-

150 1565 267 1596 tandos
279 1565 454 1597 Bastarnas
469 1574 519 1605 57.
543 1576 618 1597 eum
634 1565 785 1597 interficit

154 1607 290 1638 Perseus
306 1609 356 1647 58.

109 1649 303 1689 Antigonus,
326 1655 523 1690 purpuratus
542 1650 650 1681 Persei
667 1661 720 1689 44,
737 1650 786 1681 26.

151 1691 291 1723 mittitur
306 1693 444 1724 Aeniam
464 1703 538 1724 cum
560 1693 651 1724 mille
672 1692 786 1732 equiti-

151 1735 212 1765 bus
227 1743 278 1773 3²·

109 1776 338 1815 Antimachus,
365 1778 546 1817 praefectus
571 1778 642 1809 alae
668 1787 787 1815 sacrae,

151 1819 184 1850 in
200 1819 271 1851 acie
286 1821 373 1851 cadit
390 1830 442 1858 42,
458 1819 509 1852 66.

110 1861 337 1901 Antimachus,
360 1863 542 1903 praefectus
568 1862 788 1894 Demetriadis

152 1915 206 1943 44⁹
226 1914 275 1944 ¹3⁹
292 1915 341 1944 ²4·

111 1947 283 1984 Antinous,
307 1947 456 1987 princeps
478 1947 618 1978 civitatis
640 1947 786 1977 Passaro-

151 1988 212 2025 nis.
234 1990 382 2021 desciscit
404 1999 424 2021 a
447 1990 606 2022 Romanis
632 1995 664 2021 et
691 1989 786 2020 inter-

152 2031 260 2063 ficitur
274 2041 326 2072 45,
343 2031 393 2064 26.

110 2074 286 2105 Antiochia
309 2084 361 2114 33,
390 2085 437 2117 19,
460 2085 511 2114 41.
546 2075 599 2114 38,
627 2084 673 2113 13.
707 2078 787 2105 tem-

152 2116 244 2157 plum
268 2118 356 2148 Iovis
371 2118 551 2158 Capitolini
579 2128 619 2147 m·
613 2117 784 2156 ι1301118011]

151 2158 195 2190 ibi
227 2160 406 2199 perfectum
441 2161 482 2191 ab
513 2160 676 2191 Antiocho
708 2160 786 2200 Epi·

153 2201 262 2242 phane
278 2213 330 2241 41,
347 2212 363 2233 2
367 2211 395 2242 5.

112 2244 293 2276 Antiochus
304 2246 456 2286 Magnus,
468 2256 523 2277 rex
536 2245 659 2285 Syriae,
675 2246 788 2276 foedus

154 2286 211 2317 icit
236 2297 310 2318 cum
335 2288 491 2328 Philippo
514 2297 567 2327 31,
592 2298 638 2326 14.
663 2289 786 2319 bellum

154 2328 388 2370 transitumque
410 2330 443 2361 in
464 2331 631 2370 Europam
655 2330 789 2361 molitur

154 2380 207 2412 33,
228 2380 274 2410 13.
304 2382 416 2404 01111188
437 2373 584 2404 ciuitates
608 2373 787 2404 Ptolemaei

153 2415 187 2445 in
204 2415 414 2455 Coele-Syria
431 2415 462 2446 in
479 2425 569 2446 suam
593 2419 787 2455 potestatem

154 2457 269 2497 redigit
298 2467 345 2498 19.
384 2457 479 2498 legati
512 2457 715 2489 Rhodiorum
745 2458 787 2489 ad

153 2509 228 2531 eum
246 2509 296 2531 20.
313 2504 345 2531 et
363 2500 586 2531 Romanorum
603 2509 654 2539 35.
684 2499 786 2530 hiber-

153 2546 210 2574 nat
227 2542 349 2582 Ephesi
362 2555 368 2574 :
393 2542 462 2574 eius
476 2553 526 2574 res
539 2547 649 2582 gestae
665 2542 697 2573 in
711 2542 787 2574 Asia

154 2586 205 2624 38.
228 2585 400 2616 Cornelius
415 2586 540 2625 legatus
555 2584 669 2615 missus
683 2586 725 2615 ab
741 2596 787 2616 se-

154 2631 232 2658 natu
243 2628 285 2658 ad
298 2627 479 2659 dirimenda
493 2627 577 2658 inter
588 2627 785 2658 Antiochum

153 2673 187 2700 et
201 2669 426 2701 Ptolemacmn
442 2669 617 2701 certamina
633 2679 682 2711 39
708 2670 788 2709 regis

153 2721 339 2760 responsum
364 2722 414 2751 4ο.
450 2713 476 2743 18
499 2712 580 2744 redit
605 2713 637 2743 in
663 2712 787 2749 Asiam,

155 2754 339 2827 ffltiturque
365 2755 566 2793 nauti-agium
594 2756 723 2793 41.1111
749 2767 787 2786 co

197 2796 276 2827 llum
300 2797 469 2828 imminere
492 2797 659 2833 Romania,
673 2798 785 2829 11888111

156 2837 251 2875 legati
278 2839 429 2870 nuntiant
453 2851 502 2878 44.
538 2841 580 2870 1111
606 2850 679 2870 cum
704 2840 787 2878 fugit

137 2879 324 2911 'Hannibal
347 2891 398 2922 ⁴9·
427 2881 560 2912 molitur
584 2882 706 2913 bellum
731 2883 785 2914 ad·

870 260 979 281 versus
1001 250 1170 281 Romanos
1189 259 1242 290 35,
1262 260 1308 290 13.
1339 253 1408 284 eius
1430 264 1503 285 cum

871 292 974 322 Villio
991 292 1097 332 legato
1108 292 1300 332 disceptatio
1318 303 1363 332 15.
1387 296 1505 326 traiicit

872 335 1127 374 Hellespontum
1145 344 1194 374 23.
1219 335 1307 366 venit
1323 336 1503 369 Demetria-

871 377 957 414 dem,
972 377 1141 408 arcessitus
1158 378 1200 408 ab
1220 377 1344 408 Aetolis
1359 387 1410 416 43.
1437 380 1506 410 81118

869 419 903 450 111
934 419 1071 450 concilio
1102 419 1295 450 Aetolorum
1324 420 1426 451 oratio
1453 432 1505 459 44.

870 461 1046 501 imperator
1059 463 1246 502 appellatur
1259 463 1300 493 ab
1315 462 1442 493 Aetolis
1453 471 1504 510 45.

869 508 975 535 tentat
1004 505 1230 535 Romanorum
1259 505 1362 536 socios
1386 513 1436 545 47.
1474 505 1504 536 ei

870 552 979 587 portas
999 547 1150 587 aperiunt
1165 547 1413 584 Chalcidenses;
1434 547 1503 578 Sal-

867 599 1004 630 ganeam
1027 594 1059 620 et
1082 590 1253 621 castellum
1275 591 1318 620 ad
1342 589 1504 630 Euripum

870 633 958 673 capit
975 640 1024 671 51.
1051 632 1198 672 adiungit
1217 632 1277 663 sibi
1294 633 1436 663 Boeotos
1452 631 1505 672 36,

869 674 900 708 6.
934 675 1130 706 Hannibalis
1153 675 1289 706 orationi
1315 685 1381 706 non
1403 675 1506 706 credit

874 725 890 757 7
906 721 939 748 et
957 718 986 749 8.
1018 717 1095 758 legit
1121 728 1192 749 ossa
1217 718 1437 749 Macedonum
1463 718 1506 748 ad

870 760 1136 800 Cynoscephalas
1151 762 1182 792 8.
1207 760 1437 792 Thessalorum
1460 760 1504 790 le-

871 803 936 843 gati
952 803 994 834 ad
1010 813 1084 834 eum
1100 813 1130 844 9.
1154 803 1242 843 capit
1254 803 1376 834 Pheras
1387 806 1420 833 et
1430 803 1505 834 Sco-

871 849 1005 883 tussam,
1030 845 1108 877 ibid.
1145 850 1215 876 arte
1244 845 1344 885 Appii
1374 845 1506 877 Claudii

871 889 1051 919 deterretur
1064 889 1106 918 ab
1122 888 1299 919 obsidenda
1315 887 1443 919 Larissa
1458 897 1505 919 10.

872 931 961 961 ducit
979 930 1132 971 virginem
1148 931 1415 967 Chalcidensem;
1439 929 1508 961 eius

872 973 1032 1004 exercitus
1060 973 1189 1004 luxuria
1217 973 1434 1013 corrumpitur
1459 982 1506 1004 11.

872 1016 1028 1046 Medione
1044 1020 1223 1055 exceptus,
1245 1015 1369 1056 Thyrio
1397 1015 1507 1046 exclu-

871 1068 936 1095 sus,
951 1058 1034 1088 redit
1050 1058 1082 1088 in
1097 1058 1266 1089 Euboeam
1283 1068 1329 1089 12.
1354 1058 1379 1088 it
1394 1058 1426 1088 in
1443 1058 1506 1088 Ae-

871 1100 996 1137 toliam,
1012 1100 1086 1131 dein
1109 1101 1142 1130 in
1165 1101 1284 1131 saltum
1303 1100 1506 1140 Thermopy-

872 1143 977 1172 larum
992 1150 1038 1181 15.
1063 1143 1208 1173 caeditur
1216 1154 1236 1174 a
1246 1143 1306 1174 Μ’.
1314 1143 1421 1173 Acilio
1427 1143 1506 1174 Gla-

871 1184 983 1215 brione
1007 1186 1139 1216 consule
1166 1195 1213 1225 19.
1248 1185 1317 1216 eius
1341 1190 1449 1216 statua
1474 1184 1507 1215 in

871 1228 997 1267 templo
1013 1228 1183 1258 Minervae
1201 1227 1329 1258 Itoniae
1346 1237 1396 1258 20.
1420 1227 1508 1258 traii-

873 1269 917 1300 cit
936 1269 968 1300 in
989 1268 1096 1300 Asiam
1114 1279 1164 1301 81.
1195 1270 1263 1300 81118
1285 1270 1440 1300 securitas
1456 1279 1506 1307 41.

871 1316 1022 1343 monetur
1036 1313 1077 1342 ab
1094 1312 1295 1349 Hannibale,
1310 1311 1387 1342 ibid.
1417 1321 1507 1351 repa-

871 1358 922 1385 rat
937 1355 1085 1393 classem,
1098 1359 1131 1385 et
1146 1354 1325 1386 exercitum
1341 1358 1508 1394 comparat

874 1406 925 1437 37,
941 1398 970 1429 8.
1000 1397 1067 1437 agit
1087 1398 1128 1428 de
1148 1407 1241 1437 pace,
1255 1407 1339 1437 quae
1361 1397 1391 1427 ei
1413 1406 1508 1436 nega-

872 1444 926 1470 tur
944 1449 991 1480 19.
1015 1440 1124 1479 plures
1139 1441 1234 1471 urbes
1249 1439 1336 1479 capit
1353 1449 1403 1471 21.
1428 1440 1508 1470 Pru-

873 1482 966 1519 siam,
984 1482 1159 1523 Bithyniae
1174 1492 1294 1522 regem,
1310 1482 1451 1513 concitat
1466 1482 1507 1512 ad

874 1525 997 1556 bellum
1016 1533 1064 1563 25.
1096 1528 1264 1565 oppugnat
1279 1524 1507 1564 Colophonem

874 1566 924 1598 26.
948 1567 1016 1598 eius
1031 1567 1142 1598 classis
1157 1567 1296 1598 vincitur
1310 1567 1351 1598 ab
1367 1566 1509 1598 Aemilio

874 1618 924 1649 30.
957 1609 1074 1640 deserit
1098 1609 1353 1650 Lysimachiam,
1375 1613 1407 1640 et
1433 1619 1508 1640 con-

874 1651 973 1681 trahit
989 1652 1099 1691 copias
1114 1660 1165 1690 31.
1189 1652 1312 1691 legatos
1327 1652 1369 1682 ad
1385 1651 1507 1690 Scipio-

874 1703 947 1724 nem
972 1693 1071 1724 mittit
1091 1694 1133 1724 118
1153 1703 1233 1734 pace
1249 1702 1300 1732 34.
1325 1693 1410 1724 filius
1426 1692 1508 1724 Afri-

875 1735 946 1766 cani
965 1736 1112 1776 captivus
1132 1736 1221 1776 apud
1238 1735 1450 1773 Antiochum,
1466 1736 1508 1767 ib.

874 1778 1009 1809 remittit
1033 1779 1136 1809 filium
1160 1778 1305 1810 Africani
1328 1787 1379 1818 37.
1411 1783 1508 1809 retro-

875 1821 960 1852 cedit
990 1826 1023 1851 et
1052 1825 1157 1852 castra
1182 1821 1299 1858 munit,
1323 1821 1401 1852 ibid.
1439 1820 1510 1852 eins

874 1863 960 1894 acies
985 1872 1025 1904 39
1047 1868 1079 1894 et
1104 1873 1154 1902 40.
1183 1863 1320 1894 vincitur
1345 1867 1378 1894 et
1405 1868 1508 1894 castra

874 1905 995 1936 amittit
1022 1915 1073 1944 43.
1115 1905 1195 1945 fugit
1226 1905 1258 1936 in
1290 1906 1428 1946 Lydiam
1456 1917 1508 1945 44.

874 1948 975 1978 mittit
990 1949 1032 1978 ad
1048 1948 1234 1988 Scipionem
1256 1949 1378 1987 legatos
1395 1949 1436 1979 ad
1454 1959 1507 1988 pn-

875 2001 944 2020 cem
970 1991 1144 2030 petendam
1160 2000 1211 2030 45.
1234 2001 1330 2030 quam
1355 1991 1509 2030 impetrat

876 2041 926 2071 55.
967 2033 1106 2064 foederis
1130 2043 1204 2064 cum
1233 2033 1395 2064 Antiocho
1422 2034 1508 2073 leges

875 2077 928 2113 38,
945 2077 994 2114 38-

832 2117 1024 2154 Antiochus,
1042 2117 1127 2148 filius
1146 2118 1298 2149 Antiochi
1319 2117 1433 2157 Magni
1456 2127 1507 2158 35,

880 2169 926 2199 13.
950 2158 1152 2200 moritur⁴15.

834 2203 1014 2234 Antiochus
1036 2202 1237 2243 Epiphanes,
1253 2203 1338 2233 filius
1355 2202 1505 2233 Antiochi

875 2246 924 2277 M.
940 2246 1084 2276 succedit
1100 2246 1132 2276 in
1150 2255 1246 2285 regno
1263 2245 1374 2286 Syriae
1390 2255 1442 2284 41,
1456 2255 1506 2283 ²4·

875 2298 979 2319 mores
991 2288 1060 2319 eius
1070 2288 1199 2319 absurdi
1217 2298 1258 2326 24
1269 2292 1302 2319 et
1316 2298 1331 2318 2
1337 2298 1366 2328 5.
1383 2287 1506 2328 proelio

875 2331 963 2371 capit
987 2330 1167 2368 Artaxiam,
1191 2330 1366 2362 Armeniae
1389 2340 1508 2370 regem,

876 2373 952 2404 ibid.
981 2374 1050 2404 eius
1065 2354 1291 2404 munificentia
1307 2382 1357 2413 25.
1387 2374 1508 2413 legatos

876 2416 1018 2447 Romam
1046 2416 1145 2447 mittit
1169 2425 1223 2456 42,
1244 2414 1275 2447 6.
1308 2415 1506 2456 stipendium

877 2462 1030 2498 praestat,
1042 2463 1074 2489 ct
1093 2470 1108 2489 i
1110 2469 1166 2489 ’1811
1180 2469 1279 2489 aurea
1293 2457 1505 2498 quingentum

876 2501 984 2540 pondo
1008 2501 1108 2531 donat
1134 2501 1303 2537 Romanis,
1323 2500 1399 2532 ibid.
1431 2510 1504 2531 cum

875 2554 913 2574 eo
928 2543 1065 2574 societas
1079 2548 1244 2581 reumata,
1257 2543 1332 2574 ibid.
1354 2553 1428 2574 eum
1445 2543 1506 2573 sol-

876 2585 977 2616 licitnt
1003 2586 1139 2616 Perseus
1160 2597 1213 2625 44,
1235 2596 1282 2627 19.
1309 2584 1507 2616 Ptolemaeis

876 2627 969 2659 infert
1008 2628 1143 2666 bellum,
1180 2633 1213 2660 ct
1249 2629 1365 2659 frustra
1402 2632 1505 2658 tentat

875 2669 1004 2701 1110811111
1026 2671 1243 2702 Alexandriae
1267 2679 1320 2710 45,
1345 2680 1391 2701 11.
1421 2669 1506 2708 virga

875 2712 1147 2744 circumscribitur
1174 2724 1194 2744 a
1224 2715 1262 2745 C.
1287 2712 1428 2752 Popillio
1459 2721 1505 2742 11.

877 2756 997 2793 legatos
1013 2755 1113 2786 mittit
1132 2756 1270 2786 Romam
1293 2765 1339 2795 13.

834 2798 1187 2838 Λ1111111111Λ1111118111
1213 2798 1317 2828 fratris
1344 2797 1502 2832 1111118,18-

872 2845 966 2878 gntus
978 2840 1119 2871 mittitur
1133 2841 1173 2871 ad
1191 2840 1376 2880 Scipionem
1392 2846 1443 2877 37
1454 2846 1503 2876 45.

874 2893 947 2914 cum
958 2893 996 2914 eo
1007 2882 1107 2914 ictum
1119 2883 1230 2914 foedus
1240 2879 1443 2921 iuCapitolio
1455 2887 1503 2918 55.
