1888 3194
670 451 1349 505 SYLLABUS

557 625 924 668 EDITIONUM
956 625 1469 668 PRAECIPUARUM

418 786 1599 850 TITILIVII.

363 1156 371 1165 .
404 1156 413 1165 .
447 1155 455 1164 .
607 1122 788 1164 OMAE
818 1137 894 1179 per
926 1122 1054 1164 Conr.
1088 1122 1368 1180 Sweynheym
1399 1131 1443 1164 et
1470 1123 1575 1164 Arn.
1600 1121 1712 1164 Pan-

645 1189 774 1230 nartz,
804 1195 902 1221 cura
929 1180 989 1221 Io.
1014 1179 1098 1221 An.
1130 1180 1328 1236 Episcopi
1361 1180 1604 1229 Aleriensis,
1637 1180 1708 1236 qui

379 1238 610 1279 editionem
652 1238 761 1278 hanc
803 1253 827 1278 a
867 1252 909 1278 se
949 1237 1219 1293 recognitam,
1262 1237 1405 1278 addita
1439 1237 1710 1293 praefatione,

379 1310 505 1350 quam
532 1295 757 1350 pleraeque
785 1294 991 1335 editiones
1028 1294 1168 1335 seculo
1205 1295 1306 1336 XV.
1345 1302 1389 1335 et
1423 1294 1544 1335 initio
1579 1294 1710 1335 seculi

380 1353 506 1394 XVI.
555 1367 731 1393 excusae
779 1360 1009 1400 servarunt,
1052 1351 1261 1392 dedicavit
1303 1366 1466 1392 summo
1511 1351 1711 1392 Pontifici

378 1409 510 1450 Paulo
548 1410 604 1450 ΙΙ.
640 1409 822 1459 Veneto,
860 1417 902 1449 et
939 1408 1086 1449 Marco
1126 1407 1268 1449 Sancti
1305 1408 1442 1449 BIarci
1480 1407 1710 1458 Cardinali,

379 1467 423 1507 ln
444 1466 577 1507 forma
597 1466 754 1506 maiori.

494 1522 608 1563 Huic
640 1523 816 1563 editioni
852 1537 999 1571 annus,
1033 1537 1117 1577 quo
1150 1522 1318 1578 prodiit,
1344 1537 1432 1562 non
1464 1521 1708 1562 ascribitur:

433 1580 701 1622 antevertisse
732 1588 873 1620 tamen
904 1594 1061 1620 annum
1093 1579 1143 1620 M
1155 1579 1489 1620 CCCCLXXI.
1512 1593 1564 1619 eo
1588 1593 1711 1634 argu-

432 1646 576 1678 mento
608 1637 756 1692 probat
790 1636 822 1678 I.
856 1636 921 1677 Fr.
949 1636 1188 1677 Gronovius
1216 1636 1261 1676 in
1288 1635 1467 1677 Praefat.
1491 1635 1607 1692 quod
1637 1635 1710 1677 illo

433 1709 545 1735 anno
578 1694 736 1735 Paulus
769 1693 981 1742 Pontifex,
1008 1694 1075 1734 cui
1108 1693 1284 1742 dicatur,
1310 1692 1606 1734 mortalitatem
1636 1707 1711 1733 ex-

432 1751 574 1808 plevit.
640 1751 755 1791 Hinc
787 1751 945 1792 Fabric.
979 1751 1024 1791 in
1054 1750 1162 1791 Bibl.
1192 1750 1330 1791 Latin.
1364 1765 1457 1791 eam
1483 1749 1626 1791 retulit
1655 1749 1711 1790 ad

434 1823 592 1849 annum
650 1809 699 1849 M
711 1808 1020 1850 CCCCLXX.
1080 1807 1354 1862 similiterque
1404 1807 1483 1847 viri
1539 1805 1706 1848 ClariSs.

435 1866 588 1907 Thom.
632 1864 803 1905 Hcarne
846 1873 889 1905 et
928 1864 1017 1905 Ioh.
1056 1864 1246 1905 Clericus
1295 1864 1341 1904 in
1390 1863 1538 1904 Indice
1587 1878 1708 1918 prae-

433 1923 651 1978 cipuarum
692 1921 805 1963 Livii
850 1921 1097 1962 editionum.
1161 1920 1322 1961 Verum
1365 1920 1533 1961 Clariss.
1571 1919 1706 1961 Mich.

434 1979 647 2020 Maittaire
681 1979 724 2019 in
762 1978 916 2019 Annal.
961 1977 1231 2034 Typograph.
1275 1986 1372 2018 tom.
1412 1977 1447 2018 Ι.
1484 1992 1524 2032 p.
1561 1979 1630 2018 66.
1665 1984 1710 2018 et

433 2047 532 2077 tom.
576 2037 653 2078 IV.
696 2051 735 2091 p.
771 2039 866 2076 283.
911 2035 1049 2090 potius
1093 2033 1354 2074 referendam
1395 2033 1614 2074 contendit
1655 2032 1710 2074 ad

432 2108 590 2134 annum
637 2093 684 2134 M
697 2092 1031 2134 CCCCLXIX.
1070 2091 1170 2145 quia
1204 2089 1371 2131 Veneta
1409 2089 1522 2130 Livii
1563 2090 1706 2140 editio,

434 2165 540 2205 quae
570 2149 770 2204 sequitur,
789 2156 832 2189 et
851 2148 989 2188 lucem
1011 2147 1172 2202 aspexit
1200 2162 1310 2188 anno
1335 2148 1382 2188 M
1395 2147 1548 2188 CCCC
1560 2147 1706 2189 LXX.

435 2206 640 2254 eamdem,
678 2220 804 2260 quam
845 2205 949 2244 haec
992 2203 1198 2253 Romana,
1243 2203 1442 2259 Episcopi
1480 2203 1709 2244 Aleriensis

433 2262 650 2318 epistolam
681 2262 873 2318 praefert,
906 2269 949 2301 et
979 2260 1079 2301 hinc
1109 2261 1324 2316 posterior,
1347 2275 1473 2315 quam
1503 2260 1587 2310 illa,
1609 2275 1709 2301 cen-

433 2319 564 2360 senda
594 2327 668 2359 est.
733 2317 964 2358 Aleriensis
995 2317 1106 2357 enim
1141 2317 1317 2373 epistola
1348 2317 1518 2366 indicat,
1540 2332 1583 2358 se
1617 2316 1708 2358 edi-

434 2377 552 2425 tioni,
583 2391 689 2431 quae
725 2375 886 2415 Romae
916 2389 1069 2415 excusa
1097 2384 1170 2423 est,
1206 2374 1465 2415 dedicandae
1498 2373 1709 2429 conscrip-

435 2442 519 2474 tam
541 2447 653 2473 esse:
687 2447 825 2487 neque
847 2431 966 2472 facile
995 2431 1109 2472 credi
1137 2440 1286 2487 potest,
1309 2440 1528 2486 utramque
1557 2430 1707 2471 editio-

434 2505 529 2531 nem
568 2489 738 2530 alteram
776 2489 951 2537 Romae,
988 2488 1159 2529 alteram
1191 2488 1382 2529 Venetiis
1413 2487 1562 2528 eodem
1593 2501 1705 2528 anno

435 2547 580 2588 exisse.
655 2546 756 2586 Non
788 2545 985 2586 convenit
1017 2546 1141 2586 etiam
1178 2545 1229 2585 de
1266 2545 1395 2600 ipsius
1426 2543 1597 2584 editoris
1628 2559 1705 2585 no-

434 2604 560 2645 mine.
612 2604 828 2644 Iohannes
845 2603 1055 2643 Antonius
1077 2604 1128 2643 cle
1146 2603 1306 2643 Eua-iis
1326 2609 1497 2641 vocatur
1518 2600 1704 2655 Ughello

434 2662 479 2702 in
512 2659 603 2700 Ital.
637 2659 748 2701 Sacr.
777 2668 877 2700 tom.
908 2659 987 2700 ΙΙΙ.
1017 2673 1056 2714 p.
1087 2661 1182 2699 503.
1213 2658 1286 2698 ubi
1316 2657 1408 2713 ipsi,
1443 2657 1487 2697 in
1516 2656 1706 2699 Ecclesia

438 2717 477 2759 S.
522 2716 639 2757 Petri
684 2716 737 2756 ad
776 2715 959 2756 Vincula
1002 2715 1179 2770 sepulto,
1225 2729 1404 2769 sequens
1443 2713 1704 2770 epitaphium

434 2774 616 2830 positum
658 2773 783 2813 fuisse
825 2772 1026 2813 refertur:
1072 2773 1227 2813 Ioanni
1257 2772 1444 2812 Antonio
1481 2772 1705 2827 Episcopo

435 2831 664 2879 Αἰσνίεηεὶ,
698 2831 852 2886 patria
902 2829 1212 2885 Viglecanensi,
1254 2828 1372 2869 Siaetz‘
1410 2828 1490 2869 IV.
1535 2827 1701 2882 Pontff·

436 2888 562 2929 Allax.
600 2888 703 2942 Refff.
742 2887 949 2928 Bibliotlz.
989 2886 1331 2940 ›S‘ecretarioque‚
1370 2885 1606 2927 venerando
1639 2899 1704 2926 se-

1848 2257 1888 3183 ἐ
