1888 3194
940 230 1228 269 INDEX.

459 304 566 337 vendit
588 304 722 346 captivis
743 305 936 337 redimendis
959 315 1008 346 23.
1034 317 1071 338 eo

461 349 602 386 absente,
630 349 793 380 Minucius
824 359 891 380 rem
922 359 986 380 non
1015 349 1074 380 im-

1157 305 1308 347 pontifice
1319 305 1460 337 maximo
1476 305 1521 337 ire
1535 305 1568 336 in
1583 304 1781 346 provinciam

1160 358 1208 389 51.
1231 349 1363 379 moritur
1379 357 1430 388 45,
1446 360 1496 387 44.

462 401 610 431 prospere
636 392 714 431 gerit
745 401 792 430 24.
834 391 894 432 ipsi
922 397 1077 431 aequatur
1121 392 1164 428 Q.
1178 392 1296 422 Fabius
1312 392 1494 422 Vibulanus
1510 401 1572 422 cos.
1589 402 1620 430 4,
1637 397 1687 431 37.
1709 390 1788 422 trib.

464 435 611 475 magister
631 435 773 474 equitum
791 442 827 473 25
845 438 877 465 et
893 433 940 466 26.
965 434 1015 465 cui
1033 435 1077 465 la-

464 477 600 515 boranti,
623 481 654 507 et
684 487 784 517 paene
813 478 876 508 iam
904 477 997 514 victo,
1020 478 1079 508 fert

467 520 630 560 suppetias
652 521 690 550 28
709 524 741 550 et
761 530 807 562 29.
831 520 977 560 magister
996 519 1080 559 equi-

468 565 538 592 tum
554 563 611 592 sub
627 562 694 592 eius
708 563 877 602 imperium
893 563 1082 602 auspicium-

469 615 531 644 que
560 609 673 644 sponte
701 605 781 635 redit
812 614 860 643 30.
898 609 1010 635 exacto
1040 614 1084 635 se-

470 648 578 678 mestri
604 647 748 686 imperio,
773 647 900 677 abdicat
930 657 961 677 se
988 647 1086 677 dieta-

469 693 540 720 tura
553 699 601 728 31.
619 690 686 719 eius
701 690 741 719 ad
758 689 794 719 L.
806 689 978 719 Aemilium
992 689 1088 720 Paul-

471 733 539 762 lum
560 732 722 762 consulem
743 731 842 761 oratio
859 741 907 771 39.
931 731 998 762 eius
1016 742 1088 762 con·

473 775 578 804 silium
595 777 666 813 post
681 774 805 803 cladem
821 774 1021 805 Cannensem
1040 782 1088 814 55.

473 820 596 847 creatur
619 815 762 855 pontifex
787 825 837 854 23,
863 825 910 847 21.
943 817 1091 847 duumvir

473 859 604 889 aedibus
616 857 799 888 dedicandis
811 868 858 897 31.
877 869 937 889 cos
951 859 1092 897 tertium,

474 901 549 931 ibid.
577 900 644 931 eius
666 911 714 931 res
736 905 842 940 gestae
865 900 998 940 46—48.
1026 902 1093 932 eius

476 943 575 974 oratio
591 944 630 973 de
647 943 788 973 creandis
804 944 985 974 consulibus
997 954 1093 983 quam

476 986 751 1026 praestantissimis
765 996 814 1024 24,
827 987 855 1017 8.
872 997 932 1018 cos.
944 991 1092 1026 quartum

478 1033 600 1059 creatur
616 1039 643 1070 9.
668 1028 844 1060 Casilinum
863 1033 1027 1070 oppugnat
1047 1039 1093 1071 19.

477 1072 599 1111 legatus
619 1071 685 1101 filio
707 1071 827 1101 consuli
849 1073 889 1102 ad
911 1073 1093 1103 Suessulam

477 1114 563 1144 venit
590 1125 638 1153 44.
674 1114 860 1144 Hannibale
888 1116 929 1145 ad
955 1116 1093 1146 Romam

479 1157 725 1196 oppugnandam
739 1157 896 1195 veniente,
909 1162 1014 1188 censet
1026 1159 1094 1188 abs-

479 1200 657 1230 cedendum
673 1210 737 1229 non
753 1210 819 1230 esse
835 1210 854 1230 a
869 1201 983 1240 Capua
999 1199 1050 1238 26,
1065 1201 1094 1232 8.

480 1252 540 1273 cos.
565 1243 712 1281 quintum
737 1249 786 1281 27,
810 1250 834 1282 7.
862 1247 988 1273 senatus
1012 1243 1094 1283 prin-

481 1295 555 1324 ceps
588 1294 633 1316 11.
671 1285 862 1315 Marcellum
900 1296 956 1324 per
991 1286 1097 1316 literas

479 1330 599 1364 monet,
615 1330 650 1357 ut
667 1337 761 1365 quam
778 1327 928 1358 acerrimo
944 1329 1028 1359 bello
1045 1329 1096 1359 de-

480 1370 579 1399 tineat
604 1370 821 1400 Hannibalem
849 1380 894 1400 12.
926 1371 1099 1401 Manduria

482 1412 513 1442 vi
529 1416 633 1451 capta,
645 1412 766 1442 obsidet
779 1413 953 1443 Tarentum
967 1417 997 1444 et
1013 1414 1098 1453 capit

487 1462 533 1494 15.
569 1454 656 1484 Deos
684 1454 779 1484 iratos
805 1455 983 1486 Tarentinis
1012 1456 1100 1486 iubet

482 1497 617 1536 relinqui
648 1496 694 1527 16.
726 1496 853 1527 Livium
880 1502 911 1528 et
938 1498 1099 1529 Neronem

485 1540 628 1570 consules
644 1539 700 1569 sibi
719 1544 830 1569 mutuo
851 1541 1034 1571 reconciliat
1051 1549 1099 1580 35.

485 1581 638 1621 Scipioni,
659 1581 691 1611 in
715 1582 855 1612 Africam
880 1585 1101 1614 transcendere

486 1624 637 1663 cupienti,
667 1625 849 1655 adversatur
875 1626 925 1663 28,
952 1636 1000 1664 40.
1035 1626 1101 1657 eius

486 1667 597 1704 oratio,
617 1666 691 1698 ibid.
717 1671 747 1697 et
768 1678 833 1707 sqq.
856 1668 935 1698 truci
961 1669 1102 1699 oratione

486 1713 518 1740 et
544 1710 700 1740 sententia
726 1710 907 1749 Scipionem
936 1711 1101 1751 impugnat

487 1762 538 1793 29,
554 1762 598 1793 19.
622 1752 755 1782 moritur
767 1762 817 1792 30,
831 1752 878 1784 26.
902 1753 968 1785 eius
982 1755 1102 1793 laudes,

486 1794 560 1825 ibid.

447 1837 489 1873 Q.
501 1837 628 1875 Fabius,
641 1837 725 1868 filius
739 1839 966 1877 praecedentis,
978 1843 1103 1879 praetor

489 1890 540 1919 24,
556 1890 584 1922 9.
608 1881 736 1910 sortitur
750 1882 903 1920 Apuliam
922 1892 966 1912 12.
990 1884 1102 1913 absens

488 1927 610 1953 creatur
633 1933 694 1954 eos
715 1932 764 1962 43.
793 1928 916 1963 patrem
939 1925 1026 1956 iubet
1050 1926 1101 1955 de-

488 1966 636 1996 scendere
658 1975 739 2004 equo
759 1977 809 2004 44.
838 1967 995 1997 Altinium
1011 1967 1102 2007 Arpi-

488 2018 565 2038 num
585 2008 673 2038 iubet
693 2008 802 2039 vinciri
822 2017 870 2049 45.
899 2009 984 2049 capit
999 2012 1103 2050 Arpos

449 2093 491 2129 Q.
508 2093 626 2124 Fabius
651 2094 772 2134 legatus
793 2096 834 2125 ab
860 2095 907 2125 M.
927 2094 1018 2126 Livio
1040 2105 1101 2126 cos.

489 2136 628 2167 Romam
643 2137 684 2167 ad
700 2141 844 2167 senatum
859 2137 996 2168 mittitur
1011 2138 1060 2175 28,
1074 2148 1102 2178 9.

448 2179 492 2214 Q.
519 2179 648 2216 Fabius,
677 2189 776 2218 augur
803 2179 836 2210 in
870 2180 975 2210 locum
1006 2180 1103 2219 patris

490 2222 610 2251 electus
627 2231 676 2260 30,
693 2221 741 2252 26.
764 2222 896 2252 moritur
910 2231 961 2261 33,
977 2232 1026 2260 42.

450 2263 492 2298 Q.
510 2263 637 2301 Fabius,
653 2267 799 2302 quaestor
814 2273 863 2305 39,
881 2273 929 2304 29.

449 2305 493 2340 Q.
510 2305 626 2335 Fabius
642 2305 815 2343 Maximus,
830 2309 964 2345 praetor,
979 2306 1105 2337 sortitur

490 2347 736 2377 iurisdictionem
752 2348 949 2387 peregrinam
965 2358 1016 2385 40,
1036 2349 1080 2379 18.

449 2389 492 2425 Q.
506 2389 623 2420 Fabius
638 2389 811 2428 Maximus,
828 2390 911 2420 filius
927 2390 963 2420 L.
974 2391 1104 2421 Aemilii

492 2431 598 2462 Paulli
620 2431 755 2462 consulis
776 2442 825 2469 44,
842 2440 890 2471 35.
914 2432 1043 2464 nuntius
1062 2434 1103 2464 vi-

491 2474 607 2504 ctoriae
623 2474 662 2504 de
679 2474 793 2504 Perseo
814 2474 950 2505 mittitur
966 2475 1104 2506 Romam

491 2525 540 2555 45.
565 2520 596 2546 et
619 2524 669 2555 45,
694 2526 717 2546 1.
749 2516 886 2547 mittitur
908 2527 928 2547 a
951 2522 1040 2557 patre
1063 2519 1104 2549 ad

491 2559 660 2599 Aeginium
690 2562 721 2588 et
751 2559 884 2599 Agassas
914 2559 1106 2599 diripiendas

492 2609 541 2640 27.
557 2605 589 2631 et
603 2602 644 2631 ad
658 2601 786 2640 Illyrios
800 2602 1039 2641 depopulandos
1055 2612 1104 2642 33.

451 2645 493 2680 Q.
511 2643 628 2674 Fabius
658 2643 765 2674 Pictor
794 2644 940 2684 Delphos
967 2646 1009 2676 ad
1038 2656 1104 2676 ora-

493 2687 599 2716 culum
633 2685 769 2716 mittitur
803 2696 852 2725 22,
883 2695 931 2726 57.
969 2688 1105 2728 Delphis

492 2729 631 2759 Romam
668 2728 748 2758 redit
784 2739 1029 2770 responsumque
1066 2741 1104 2761 ex

492 2771 608 2810 scripto
637 2771 748 2801 recitat
778 2780 828 2810 23,
855 2781 900 2803 11.
925 2773 986 2804 vid.
1012 2783 1106 2813 supra

493 2813 610 2844 Fabius
627 2813 743 2844 Pictor.

451 2857 495 2893 Q.
512 2856 629 2886 Fabius
649 2855 766 2894 Pictor,
781 2856 897 2887 flamen
919 2857 1104 2895 Quirinalis,

493 2902 615 2929 creatur
634 2903 759 2938 praetor
773 2907 823 2938 37,
839 2906 887 2938 47.
911 2900 940 2930 ei
961 2901 1105 2931 Sardinia

492 2941 653 2981 provincia
676 2941 779 2972 evenit
804 2951 852 2980 50.
879 2942 1063 2982 prohibetur
1086 2955 1105 2974 a

1163 435 1255 465 milit.
1287 435 1442 465 consulari
1477 438 1634 474 potestate
1667 434 1790 464 iterum

1165 487 1214 518 49.
1238 477 1357 516 primus
1370 477 1436 508 eius
1450 478 1630 507 tribunatus
1646 476 1679 506 in
1694 475 1790 507 Livio

1165 530 1229 550 non
1253 520 1418 558 reperitur,
1442 521 1496 550 sed
1519 519 1718 559 supplendus
1742 520 1791 548 est

1169 573 1208 593 ex
1234 562 1337 592 Fastis
1359 562 1549 602 Capitolinis
1575 566 1606 592 et
1631 561 1791 598 Diodoro,

1170 605 1211 635 ad
1234 603 1363 633 tertium
1389 610 1463 634 ante
1489 614 1620 642 annum,
1645 607 1791 634 extremo

1173 645 1297 676 Liviani
1313 646 1382 675 libri
1399 656 1443 677 iv.
1460 653 1509 685 47.
1532 647 1671 677 interrex
1687 654 1737 685 51.

1132 687 1329 725 Fabraterni,
1346 688 1468 727 populi,
1479 689 1675 728 recipiuntur
1689 698 1708 719 a
1723 689 1790 720 Ro-

1173 730 1276 760 manis
1290 730 1323 760 in
1339 731 1435 760 fidem
1451 732 1481 768 8,
1500 740 1547 771 19.

1133 775 1171 806 C.
1188 772 1352 804 Fabricius
1379 773 1544 812 Luscinus,
1571 776 1706 812 praetor,
1730 783 1792 803 sor-

1174 816 1253 846 titur
1280 815 1528 846 iurisdictionem
1557 816 1712 846 urbanam
1743 824 1793 855 33,

1177 868 1228 896 42,
1244 867 1294 897 43.
1318 858 1440 898 legatus
1456 866 1506 897 37,
1523 868 1552 896 4.

1136 902 1162 933 F
1165 900 1276 932 abrum
1312 900 1472 932 centuriae
1505 901 1587 931 duae
1623 899 1657 931 in
1691 899 1796 940 prima

1179 945 1276 974 classe
1295 953 1322 982 1,
1338 953 1388 983 43.

1137 987 1292 1017 Faesulae
1309 996 1359 1023 22,
1375 995 1403 1025 3.

1138 1029 1294 1066 Falarica,
1308 1039 1406 1068 genus
1421 1029 1477 1059 teli
1494 1038 1544 1068 21,
1559 1029 1589 1060 8.
1613 1038 1664 1068 34,
1682 1037 1729 1066 14.

1139 1072 1286 1103 Falerina
1301 1072 1401 1102 tribus
1415 1071 1525 1102 addita
1539 1081 1569 1113 9,
1587 1081 1636 1103 20.

1137 1115 1264 1146 Falerii.
1284 1115 1342 1145 vid.
1358 1114 1484 1146 Falisci.

1137 1158 1292 1189 Falernus
1312 1167 1385 1197 ager
1407 1164 1435 1196 7,
1452 1156 1499 1188 26.
1527 1166 1576 1194 10,
1597 1166 1648 1194 20,
1669 1166 1718 1187 21.
1747 1165 1798 1195 22,

1183 1209 1229 1239 13.
1253 1200 1403 1230 dividitur
1422 1210 1521 1239 usque
1541 1200 1583 1229 ad
1598 1199 1798 1230 Vulturnum

1180 1243 1211 1273 fl.
1228 1243 1314 1282 plebi
1331 1243 1498 1273 Romanae
1513 1242 1544 1279 8,
1563 1251 1608 1272 11.

1141 1285 1257 1317 Falisci
1277 1285 1399 1315 auxilio
1415 1284 1546 1315 veniunt
1561 1283 1752 1315 Veientibus
1766 1286 1799 1314 et

1183 1327 1390 1359 Fidenatibus
1403 1338 1433 1365 4,
1448 1335 1493 1367 17.
1517 1328 1557 1358 ad
1574 1327 1683 1365 Veios,
1698 1337 1718 1357 a
1733 1327 1799 1357 Ro-

1182 1370 1286 1400 manis
1301 1371 1451 1407 obsessos,
1462 1370 1618 1400 accedunt
1635 1378 1665 1408 5,
1677 1370 1705 1400 8.
1724 1369 1800 1400 ado-

1183 1413 1306 1442 riuntur
1322 1416 1421 1443 castra
1438 1413 1597 1450 Romana,
1609 1412 1684 1443 ibid.
1701 1415 1733 1442 et
1751 1420 1800 1450 13.

1185 1455 1353 1486 vincuntur
1385 1466 1404 1485 a
1434 1454 1573 1485 Camillo
1607 1464 1653 1495 19.
1690 1464 1800 1484 eorum

1186 1501 1287 1528 castra
1307 1497 1487 1537 capiuntur,
1502 1500 1533 1527 et
1552 1497 1626 1527 urbs
1640 1496 1802 1527 obsidetur

1186 1539 1235 1571 26.
1258 1540 1409 1579 magistri,
1425 1539 1582 1570 Faliscam
1600 1539 1802 1570 iuventutem

1186 1583 1359 1623 prodentis,
1382 1582 1575 1622 supplicium
1604 1588 1652 1621 27.
1684 1580 1802 1612 Falisci

1186 1626 1307 1656 dedunt
1322 1635 1354 1655 se
1370 1625 1536 1662 Romanis,
1547 1624 1623 1656 ibid.
1645 1624 1802 1655 rebellant

1189 1675 1217 1707 7,
1238 1675 1284 1707 17.
1313 1667 1451 1698 indutias
1476 1667 1683 1707 quadraginta
1704 1676 1802 1697 anno-

1186 1721 1256 1741 rum
1271 1711 1444 1750 impetrant
1460 1720 1509 1742 22.
1531 1710 1569 1740 iis
1586 1710 1707 1740 bellum
1721 1709 1802 1740 indi-

1187 1753 1269 1784 citur
1287 1764 1334 1791 10,
1351 1761 1400 1792 45.
1423 1763 1536 1793 pacem
1556 1753 1737 1792 petentibus
1755 1751 1802 1782 in-

1187 1797 1294 1827 dutiae
1330 1806 1454 1826 annuae
1485 1797 1578 1826 datae
1607 1794 1656 1834 46.
1693 1804 1803 1826 eorum

1187 1839 1282 1879 legati
1309 1839 1473 1870 Romanos
1501 1839 1626 1876 docent,
1652 1837 1804 1868 Etruscos

1188 1881 1321 1912 eoncilia
1348 1882 1387 1912 de
1413 1891 1492 1921 pace
1520 1881 1659 1920 petenda
1686 1880 1803 1911 habere

1192 1934 1239 1963 10,
1258 1935 1304 1963 14.

1147 1968 1289 1998 Faliscus
1304 1978 1377 2008 ager
1395 1978 1442 2005 10,
1462 1976 1510 2005 12,
1527 1965 1577 2005 26,
1593 1972 1642 2007 27.

1145 2010 1261 2041 Fames
1275 2010 1400 2041 Romae
1417 2020 1446 2048 2,
1462 2018 1511 2048 34.
1535 2018 1565 2048 3,
1581 2018 1629 2049 32.
1651 2010 1751 2045 tanta,
1766 2009 1803 2038 ut

1187 2052 1281 2083 multi
1302 2063 1342 2083 ex
1362 2054 1456 2092 plebe
1474 2051 1630 2092 capitibus
1645 2049 1804 2081 obvolutis

1187 2106 1220 2126 se
1240 2095 1272 2126 in
1292 2095 1433 2126 Tiberim
1453 2093 1691 2134 praecipitarint
1706 2102 1736 2131 4,
1754 2101 1802 2124 12.

1189 2138 1227 2168 cf.
1244 2141 1276 2168 et
1292 2147 1341 2176 52.
1364 2138 1495 2176 Capuae
1512 2144 1562 2174 25,
1580 2145 1627 2175 13.

1146 2180 1183 2211 C.
1200 2180 1227 2210 F
1229 2180 1351 2217 annius,
1366 2179 1436 2210 trib.
1452 2179 1496 2218 pl.
1513 2178 1564 2217 38,
1579 2177 1629 2210 60.

1146 2222 1271 2252 Fanum
1287 2221 1482 2261 Aesculapii,
1497 2221 1614 2251 tabulis
1635 2219 1730 2260 pictis
1749 2229 1803 2251 ex-

1189 2268 1335 2294 ornatum
1359 2272 1410 2302 43,
1434 2262 1463 2294 6.
1489 2263 1661 2302 Apollinis,
1680 2265 1713 2294 et
1736 2272 1804 2294 ora-

1189 2307 1297 2336 culum
1323 2306 1364 2336 ad
1389 2306 1511 2337 Hieran
1533 2306 1657 2337 Comen
1679 2305 1730 2345 38,
1756 2314 1805 2343 12,

1193 2357 1239 2387 13.
1268 2348 1392 2379 Dianae
1414 2358 1440 2387 1,
1456 2356 1504 2388 45.
1533 2348 1687 2379 Feroniae
1709 2357 1737 2387 1,
1752 2356 1803 2387 30.

1190 2391 1340 2421 Herculis
1368 2401 1419 2429 40,
1449 2399 1498 2429 51.
1530 2390 1667 2422 Palloris
1698 2400 1726 2429 1,
1753 2396 1805 2429 27.

1190 2433 1330 2471 Pavoris,
1349 2433 1425 2465 ibid.
1452 2433 1659 2474 Proserpinae
1681 2442 1733 2474 29,
1757 2433 1804 2464 18.

1189 2476 1366 2515 expilatam
1385 2486 1404 2506 a
1425 2476 1584 2507 Pleminio
1606 2485 1656 2517 29,
1671 2475 1690 2506 8
1705 2478 1738 2506 et
1756 2475 1804 2507 18.

1190 2519 1228 2550 cf.
1245 2523 1276 2549 et
1292 2528 1342 2557 31,
1362 2528 1407 2550 12.
1432 2528 1482 2557 32,
1502 2528 1527 2550 1.
1555 2517 1684 2554 Quietis
1704 2528 1734 2556 4,
1752 2526 1803 2556 41.

1190 2561 1331 2592 Termini
1359 2571 1386 2599 1,
1407 2569 1454 2600 55.
1479 2561 1675 2591 Voltumnae
1698 2571 1728 2598 4,
1752 2569 1804 2600 23,

1191 2612 1228 2642 25
1245 2609 1277 2634 et
1292 2603 1341 2634 61.
1365 2613 1394 2642 5,
1414 2610 1460 2642 17.
1483 2602 1514 2639 6,
1531 2612 1558 2634 2.

1148 2646 1273 2677 Fanum
1289 2646 1447 2685 quomodo
1462 2645 1586 2676 differat
1603 2645 1643 2675 ab
1658 2645 1738 2676 aede
1755 2654 1804 2683 10,

1191 2695 1239 2727 37.
1265 2688 1409 2718 fanorum
1429 2687 1569 2727 expiatio
1588 2687 1622 2718 in
1641 2687 1728 2718 libris
1748 2697 1806 2727 per

1190 2730 1370 2761 duumviros
1389 2730 1531 2770 quaesita
1551 2738 1580 2769 5,
1596 2738 1645 2769 50.
1671 2729 1704 2760 in
1723 2729 1805 2760 fanis

1189 2773 1345 2810 omnibus,
1370 2773 1403 2802 in
1432 2772 1545 2812 quibus
1573 2772 1803 2804 lectisternium

1188 2815 1339 2845 maiorem
1370 2819 1492 2855 partem
1518 2815 1593 2846 anni
1619 2814 1686 2846 fieri
1711 2814 1803 2853 solet,

1190 2858 1333 2888 consules
1346 2867 1395 2888 res
1410 2857 1531 2888 divinas
1548 2857 1718 2889 maioribus
1731 2856 1802 2888 hos-

1189 2900 1241 2931 tiis
1255 2900 1375 2931 faciunt
1390 2899 1441 2939 36,
1460 2910 1485 2932 1.

1149 2944 1221 2982 Far,
1246 2943 1377 2980 fruetus,
1404 2952 1497 2983 quem
1524 2953 1706 2974 consumere
1731 2940 1801 2974 reli-

1865 2883 1880 2907 ‘w
1868 2871 1869 2874 „
1865 2747 1888 2863 xxxta*
