1888 3194
502 197 784 242 LIBROR.
830 197 1131 240 DEPERD.
1433 205 1515 243 233

124 291 402 340 Aemilianus,
424 304 554 345 quum
582 302 806 329 commune
835 287 886 328 iis
912 296 1032 344 pater
1058 302 1234 344 regnum
1264 288 1517 345 reliquisset,

122 359 167 392 et
195 348 382 391 dividere
415 361 486 388 eos
518 345 674 387 arbitro
708 344 905 401 Scipione
938 344 1135 394 iussisset,
1169 355 1306 401 partes
1339 346 1520 387 admini-

122 405 280 448 strandi
319 403 438 460 regni
477 403 630 444 divisit.
692 401 802 443 Item
838 402 1074 443 Phamaeae
1112 401 1360 451 Himilconi,
1397 417 1518 458 prae-

121 464 232 505 fecto
259 461 451 517 equitum
483 459 912 516 Carthaginiensium,
935 459 1022 500 viro
1047 459 1158 509 forti,
1184 467 1228 500 et
1255 459 1375 501 cuius
1400 474 1521 516 prae-

122 520 247 576 cipua
278 533 406 574 opera
436 517 573 558 Poeni
608 516 847 565 utebantur,
881 516 1098 572 persuasit,
1132 524 1180 557 ut
1215 516 1270 558 ad
1304 516 1521 558 Romanos

122 575 435 632 cum'equitatu
454 589 530 616 suo
551 573 757 615 transiret.
822 573 891 614 Ex
911 573 1045 614 tribus
1073 573 1233 630 legatiS‚
1256 574 1329 630 qui
1351 573 1404 615 ad
1426 573 1523 615 Ma-

122 633 312 676 sinissam
348 632 461 673 missi
496 631 676 680 fuerant,
716 630 920 673 Claudius
956 630 1199 681 Marcellus,
1237 640 1380 672 coorta
1415 640 1522 673 tem-

153 699 299 740 estate,
335 689 532 730 fluctibus
570 688 744 730 obrutus
777 699 850 729 est.
916 686 1289 744 Carthaginienses
1331 687 1524 730 Hasdru-

122 706 274 798 Salem,
312 746 559 788 Masinissae
599 754 813 802 nepotem,
851 760 978 801 quem
1019 754 1256 801 praetorem
1297 745 1522 796 habebant,

123 804 374 871 proditionis
401 812 655 860 suspectum,
678 803 722 843 in
751 803 867 844 curia
895 802 1168 844 occiderunt:
1203 818 1310 859 quae
1340 803 1522 859 suspicio

124 862 224 904 mde
250 861 473 910 emanavit,
496 860 612 916 quod
670 860 902 915 ropinquus
929 868 1037 901 esset
1061 859 1282 910 Gulussae,
1307 860 1524 902 Romanos

126 918 283 961 auxilio
308 918 498 960 iuvantis.
566 917 613 958 P.
668 917 779 973 cipio
802 917 1082 966 Aemilianus,
1105 932 1236 973 quum
1267 918 1525 959 aedilitatem

125 985 301 1033 peteret,
324 975 469 1017 consul
500 990 525 1016 a
553 973 710 1030 populo
741 974 892 1023 dictus,
923 974 1122 1029 quon-iam
1153 990 1230 1030 per
1259 990 1392 1016 annos
1422 990 1524 1016 con-

126 1033 260 1075 sulem
281 1033 371 1074 fieri
399 1047 486 1073 non
514 1031 678 1080 licebat,
702 1046 798 1071 cum
828 1046 981 1087 magno
1009 1032 1236 1073 certamine
1258 1032 1524 1088 suffragantis

155 1090 271 1140 lebis,
298 1098 342 1130 et
372 1088 706 1145 repugnantibus
737 1087 997 1143 aliquamdiu
1029 1087 1236 1138 Patribus,
1263 1089 1426 1145 legibus
1458 1104 1525 1131 so-

125 1105 251 1197 futus,
285 1155 328 1188 et
359 1145 506 1187 consul
542 1154 704 1186 creatus
740 1153 813 1186 est.
878 1144 951 1185 M’.
971 1143 1176 1186 Manilius
1207 1145 1369 1201 aliquot
1401 1147 1525 1187 urbes

125 1203 439 1260 circumpositas
463 1201 713 1257 Carthagini
734 1202 1004 1258 expugnavit.
1067 1202 1452 1258 Pseudophilippus
1480 1204 1525 1244 in

127 1260 395 1309 Macedonia,
418 1274 538 1302 caeso
566 1273 663 1301 cum
694 1259 882 1300 exercitu
910 1258 958 1300 P.
978 1257 1174 1300 Iuventio
1195 1268 1399 1315 praetore,
1422 1275 1445 1301 a
1470 1260 1523 1308 Q„

130 1317 318 1360 Caecilio
338 1318 473 1359 victus
494 1325 724 1373 captusque
747 1325 822 1366 est,
845 1324 887 1358 et
909 1325 1078 1372 recepta
1100 1315 1366 1359 Macedonia.

788 1604 860 1646 LI.

133 1718 505 1769 CARTHAGO,
547 1719 591 1759 in
633 1719 810 1760 circuitu
851 1718 982 1760 millia
1021 1720 1170 1776 viginti
1212 1721 1290 1761 tria
1330 1734 1528 1776 passuum

129 1786 292 1834 patens,
329 1791 481 1831 magno
522 1776 662 1817 labore
704 1776 881 1825 obsessa,
919 1785 961 1817 et
996 1792 1072 1833 per
1107 1786 1244 1833 partes
1281 1786 1402 1833 capta
1437 1785 1526 1826 cst3

130 1835 312 1891 primum
335 1849 359 1874 a
381 1833 586 1875 Mancino
615 1833 764 1889 legato,
787 1833 942 1874 deinde
972 1849 996 1874 a
1027 1833 1223 1890 Scipione
1253 1834 1437 1883 consule,
1460 1833 1529 1874 cui

131 1901 249 1933 extra
273 1901 425 1933 sortem
456 1891 670 1947 provincia
694 1891 840 1931 Africa
860 1891 959 1931 data
979 1900 1077 1933 erat.
1144 1891 1528 1948 CarthaginienseS,

130 1956 255 2006 portu
280 1963 402 1998 novo,
425 1948 525 2003 quia
544 1957 664 1989 vetus
689 1948 927 1989 obstructus
948 1964 972 1989 a
996 1948 1320 2004 Scipionecrat,
1344 1949 1464 1997 facto,
1488 1957 1531 1989 et

130 2014 345 2048 contracta
384 2004 492 2046 clam
533 2005 688 2060 exiguo
725 2014 913 2061 tempore
955 2006 1093 2061 ampla
1128 2006 1270 2055 classe,
1309 2005 1532 2047 infeliciter

131 2063 268 2105 navali
308 2062 468 2119 proelio
508 2072 816 2118 pugnaverunt.
882 2061 1160 2104 Hasdrubalis
1200 2078 1371 2119 quoque
1412 2062 1532 2103 ducis

131 2135 277 2163 eorum
299 2129 443 2169 castra,
467 2119 520 2161 ad
544 2117 778 2176 Nepherim
802 2120 1004 2176 oppidum
1027 2120 1119 2162 loco
1141 2120 1299 2162 difficili
1321 2121 1412 2170 sita,
1435 2134 1530 2160 cum

132 2178 321 2220 exercitu
353 2177 493 2219 deleta
524 2187 623 2218 sunt
650 2192 675 2218 a
705 2176 930 2233 Scipione;
965 2178 1038 2233 qui
1073 2178 1242 2219 tandem
1281 2178 1426 2219 urbem
1459 2192 1533 2217 ex-

163 2235 335 2292 ugnavit
359 2234 733 2291 septingentesimo
758 2250 882 2284 anno,
905 2250 1031 2291 quam
1061 2245 1150 2276 erat
1179 2235 1361 2276 condita.
1428 2234 1533 2290 Spo-

132 2251 286 2334 iiorum
321 2293 453 2334 maior
487 2307 581 2348 pars
620 2291 783 2342 Siculis,
822 2292 975 2348 quibus
1011 2292 1148 2334 ablata
1184 2302 1315 2342 erant,
1353 2292 1530 2333 reddita.

137 2349 300 2392 Ultimo
335 2350 449 2391 urbis
485 2349 664 2399 excidio,
703 2365 834 2406 quum
872 2365 915 2391 se
955 2349 1193 2392 Hasdrubal
1235 2350 1421 2406 Scipioni
1459 2349 1533 2390 de-

134 2407 322 2458 didisset,
344 2422 452 2448 uxor
478 2407 581 2456 eius,
605 2422 712 2463 quac
741 2407 886 2464 paucis
914 2417 1011 2448 ante
1034 2407 1183 2449 dicbus
1205 2408 1258 2449 de
1285 2408 1434 2448 marito
1457 2407 1534 2447 im-

135 2473 299 2521 petrare
339 2480 424 2506 non
466 2474 673 2521 potuerat,
711 2474 758 2506 ut
798 2464 851 2505 ad
892 2465 1092 2506 victorem
1131 2465 1452 2521 transfugerent,
1490 2464 1534 2504 in

137 2521 323 2564 medium
348 2537 391 2564 se
413 2522 627 2578 flagrantis
653 2522 767 2562 urbis
795 2522 1053 2571 incendium,
1076 2522 1241 2564 duobus
1261 2538 1357 2563 cum
1380 2521 1533 2570 liberis,

137 2594 190 2621 ex
210 2594 303 2621 arce
325 2580 626 2645 praecipitavit.
693 2579 835 2635 Scipio
863 2579 1059 2636 exemplo
1089 2581 1217 2636 patris
1245 2580 1307 2621 sui
1336 2578 1536 2620 naturalis

142 2636 313 2678 Aemilii
339 2636 488 2686 Paulli,
512 2637 584 2693 qui
613 2636 910 2678 Macedoniam
934 2637 1102 2686 vicerat,
1126 2637 1246 2679 ludos
1268 2637 1379 2686 fecit,
1405 2647 1536 2677 trans-

140 2693 183 2735 fu
289 2709 340 2735 ue
362 2710 409 2735 ac
430 2694 628 2751 fugitivos
650 2694 792 2735 bestiis
813 2695 978 2736 obiecit.
1046 2694 1153 2736 Belli
1179 2694 1354 2736 Achaici
1375 2693 1537 2735 semina

141 2709 379 2793 refflntur
409 2751 537 2793 hacc:
572 2751 687 2807 quod
719 2751 843 2807 legati
878 2751 1024 2809 populi
1059 2752 1241 2793 Romani
1273 2752 1324 2793 ab
1354 2750 1536 2792 Achaeis

142 2807 291 2862 pulsati
332 2809 415 2849 sint
458 2809 668 2858 Corinthi,
707 2809 833 2858 missi,
877 2819 922 2850 ut
963 2825 1032 2851 eas
1073 2809 1274 2858 civitates,
1311 2824 1419 2864 quac
1460 2807 1536 2847 sub

144 2862 302 2905 ditione
344 2865 529 2922 Philippi
571 2866 748 2915 fucrant,
790 2867 842 2907 ab
887 2867 1074 2908 Achaico
1120 2866 1299 2908 concilio
1346 2879 1534 2906 secerne-

146 2930 250 2961 rent.
