1888 3194
371 181 453 219 242
881 176 1254 219 EPITOMAE

372 283 542 325 quoque
564 268 707 325 copiiS,
725 268 894 310 nolente
913 268 1084 310 Boccho
1105 268 1264 310 bellum
1285 267 1507 310 infeliciter
1528 274 1769 324 susceptum

372 326 532 367 diutius
561 326 780 376 sustinere,
802 326 967 368 vinctus
998 327 1049 367 ab
1077 341 1129 367 eo
1157 335 1200 367 et
1227 325 1366 367 Mario
1398 325 1575 367 traditus
1602 333 1690 366 est:
1724 323 1770 365 in

373 399 458 481 gua
477 398 521 425 re
542 383 770 440 praecipua
790 399 916 440 opera
940 383 990 424 L.
1013 382 1202 425 Cornelii
1227 382 1379 433 Sullae,
1397 382 1603 439 questoris
1626 380 1769 432 Marii,

392 449 464 482 ult.

979 591 1167 646 LXVII.

379 724 441 766 M.
462 722 782 765 AURELIUS
807 721 1110 771 SCAURUS,
1135 722 1297 778 legatus
1325 723 1518 772 consulis,
1541 737 1566 764 a
1589 722 1773 765 Cimbris

377 782 469 822 fuso
496 780 697 829 exercitu,
728 788 874 836 captus
910 787 997 820 est:
1039 786 1094 828 et,
1129 794 1274 834 quum,
1308 779 1353 819 in
1385 779 1606 820 consilium
1639 781 1690 822 ab
1722 780 1773 821 iis

378 846 586 886 evocatuS,
618 837 850 878 deterreret
883 851 966 886 eQS,
996 851 1049 876 ne
1080 835 1213 892 Alpes
1246 836 1470 877 transirent
1502 835 1667 877 Italiam
1699 851 1774 893 pe-

378 894 509 944 tituri,
551 909 601 935 eo
642 893 758 950 quod
783 893 973 943 diceret,
1018 892 1233 935 Romanos
1277 893 1390 934 vinci
1439 908 1527 934 non
1574 908 1708 950 posse,
1750 909 1776 935 a

380 951 590 1007 Boiorige,
619 951 748 992 feroci
780 951 945 1001 iuvene,
978 950 1137 992 occisus
1168 959 1240 992 est.
1304 951 1375 992 Ab
1405 950 1555 992 iisdem
1585 951 1775 993 hostibus

382 1008 462 1050 Cn.
484 1008 671 1050 Manlius
692 1008 837 1050 consul
863 1017 905 1049 et
936 1007 989 1056 Q.
1012 1007 1209 1050 Servilius
1234 1007 1395 1064 Caepio
1415 1008 1651 1064 proconsul,
1673 1008 1776 1050 victi

378 1066 539 1123 proelio
567 1067 793 1122 castrisque
825 1066 934 1107 binis
964 1066 1082 1107 exuti
1110 1074 1218 1107 sunt.
1280 1065 1471 1106 Militum
1499 1065 1630 1107 millia
1659 1073 1775 1107 octo-

379 1124 498 1181 ginta
527 1124 675 1174 occisa,
705 1123 899 1165 calonum
932 1131 974 1164 et
1005 1122 1186 1164 lixarum
1220 1123 1511 1179 quadraginta,
1540 1123 1776 1165 secundum

381 1181 675 1223 Arausionem.
741 1180 982 1237 Caepionis,
1014 1181 1133 1221 cuius
1163 1180 1398 1222 temeritate
1431 1180 1570 1222 clades
1602 1189 1776 1236 accepta

381 1247 481 1288 erat,
505 1238 693 1279 damnati
719 1238 831 1279 bona
858 1238 1069 1294 publicata
1099 1246 1208 1288 sunt,
1231 1238 1355 1294 primi
1382 1246 1477 1293 post
1503 1253 1645 1294 regem
1668 1237 1775 1279 Tar-

381 1296 601 1352 quinium3
645 1295 952 1352 imperiumque
989 1295 1028 1336 ei
1064 1295 1321 1351 abrogatum.
1385 1295 1437 1336 In
1470 1295 1684 1352 triumpho
1720 1294 1771 1337 C.

382 1352 510 1394 Marii
531 1353 682 1394 ductus
709 1361 805 1394 ante
826 1367 994 1394 currum
1016 1352 1104 1393 eius
1126 1352 1332 1409 Iugurtha
1358 1367 1455 1394 cum
1476 1352 1641 1394 duobus
1661 1352 1772 1402 filiis,

381 1419 424 1452 et
450 1411 495 1451 in
522 1425 685 1452 carcere
714 1418 887 1451 necatus
914 1417 987 1451 est.
1052 1409 1215 1451 Marius
1241 1409 1486 1466 triumphali
1506 1418 1619 1451 veste
1643 1410 1689 1451 in
1710 1425 1775 1451 se-

381 1476 525 1509 natum
548 1468 676 1518 venit,
699 1467 815 1523 quod
842 1482 968 1509 nemo
996 1476 1092 1508 ante
1121 1482 1219 1508 eum
1239 1467 1419 1508 fecerat:
1453 1467 1578 1522 eique
1603 1476 1776 1523 propter

383 1525 585 1567 Cimbrici
620 1525 720 1566 belli
755 1533 915 1566 metum
951 1524 1219 1566 continuatus
1258 1539 1334 1580 per
1368 1523 1603 1580 complures
1642 1539 1776 1566 annos

380 1583 645 1638 magistratus
665 1591 738 1623 est.
804 1581 1001 1623 Secundo
1028 1590 1071 1623 et
1098 1582 1222 1623 tertio
1249 1581 1397 1623 absens
1424 1581 1571 1623 consul
1597 1591 1774 1632 creatus,

412 1648 578 1681 uartum
603 1639 865 1681 consulatum
888 1639 1200 1681 dissimulanter
1226 1648 1399 1696 captans
1425 1647 1674 1681 consecutus
1697 1647 1773 1681 est.

381 1655 465 1738 ἔῃ.
489 1696 705 1738 Domitius
736 1696 927 1753 pontifex
960 1697 1168 1738 maximus
1203 1697 1349 1754 populi
1381 1697 1577 1753 suffragio
1612 1705 1776 1738 creatus

381 1763 454 1796 est.
521 1754 699 1805 Cimbri,
739 1754 903 1796 vastatis
936 1755 1143 1804 omnibus,
1167 1770 1273 1810 quae
1302 1754 1414 1796 inter
1442 1753 1701 1796 Rhodanum
1733 1762 1777 1795 et

381 1811 649 1869 Pyrenaeum
685 1820 796 1861 sunt,
837 1827 913 1868 per
952 1811 1104 1853 saltum
1144 1812 1189 1853 in
1227 1811 1479 1868 Hispaniam
1519 1811 1775 1868 transgressi,

381 1869 524 1925 ibique
547 1869 680 1910 multa
699 1868 790 1910 loca
810 1884 865 1924 po
899 1869 1012 1919 ulati,
1036 1884 1061 1910 a
1084 1868 1308 1911 Celtiberis
1328 1868 1461 1925 fugati
1481 1877 1605 1910 sunt:
1638 1883 1776 1910 rever-

379 1926 498 1982 sique
521 1927 565 1967 in
589 1926 786 1975 Galliam,
809 1884 1016 1967 beiiicosis
1037 1941 1080 1967 se
1104 1926 1310 1967 Teutonis
1331 1926 1656 1967 coniunxerunt.

970 2149 1181 2191 LXVIII.

382 2269 443 2311 M.
465 2266 793 2310 ANTONIUS
814 2274 980 2323 praetor
999 2267 1043 2307 in
1068 2266 1264 2308 Ciliciam
1292 2267 1522 2309 maritimos
1542 2267 1775 2325 praedones

411 2335 623 2369 ersecutus
648 2334 720 2367 est.
787 2324 836 2366 C.
862 2324 1025 2366 Marius
1052 2324 1198 2365 consul
1226 2339 1390 2366 summa
1413 2325 1453 2366 vi
1481 2334 1723 2382 oppugnata
1749 2342 1775 2367 a

380 2343 587 2425 Ei'eutonis
618 2391 661 2424 et
688 2382 977 2423 Ambronibus
1009 2393 1142 2423 castra
1172 2382 1388 2423 defendit:
1421 2382 1586 2424 duobus
1617 2382 1773 2425 deinde

381 2441 549 2496 proeliis
580 2440 689 2481 circa
711 2440 858 2496 Aquas
887 2438 1050 2481 Sextias
1080 2454 1151 2480 eos
1180 2439 1320 2480 hostes
1347 2438 1515 2489 delevit,
1544 2440 1589 2480 in
1619 2440 1774 2496 quibus

381 2512 501 2538 caesa
530 2497 754 2538 traduntur
783 2497 966 2538 hostium
996 2496 1180 2538 ducenta
1210 2496 1352 2546 millia,
1378 2505 1499 2553 capta
1527 2497 1770 2554 nonaginta.

383 2554 545 2595 Marius
580 2555 728 2595 absens
763 2554 959 2609 quintum
994 2553 1140 2595 consul
1175 2562 1339 2594 creatus
1373 2563 1461 2595 est:
1510 2554 1772 2610 triumphum

381 2610 580 2660 oblatum,
603 2611 738 2652 donec
764 2620 807 2651 et
831 2610 1025 2652 Cimbros
1046 2611 1245 2659 vinceret,
1267 2610 1441 2652 distulit.
1506 2609 1685 2660 Cimbri,
1706 2625 1772 2652 re-

381 2667 501 2724 pulso
540 2668 591 2708 ab
633 2667 813 2723 Alpibus
852 2667 1080 2722 fugatoque
1125 2666 1177 2715 Q.
1205 2666 1359 2708 Catulo
1398 2666 1658 2722 proconsule,
1696 2668 1771 2723 qui

381 2725 521 2766 fauces
543 2723 718 2779 Alpium
742 2723 972 2772 obsederat,
996 2732 1038 2764 et
1065 2723 1119 2764 ad
1145 2724 1303 2764 flumen
1325 2723 1521 2764 Athesim
1554 2723 1771 2766 castellum

381 2782 544 2823 editum
584 2780 804 2829 insederat,
847 2779 1171 2835 reliqueratque,
1206 2795 1350 2835 quum,
1384 2780 1537 2822 virtute
1578 2796 1653 2822 sua
1696 2796 1770 2823 ex-

410 2839 528 2888 liciti,
550 2838 782 2894 fugientem
809 2836 1102 2893 proconsulem
1130 2837 1446 2893 exercitumque
1475 2839 1702 2888 consecuti,
1723 2838 1770 2879 in

405 2895 545 2937 taliam
581 2895 851 2943 traiecissent,
888 2894 1041 2935 iunctis
1082 2893 1270 2935 eiusdem
1306 2894 1449 2936 Catuli
1485 2903 1527 2936 et
1565 2893 1615 2937 C.
1639 2894 1768 2937 Marii
