1888 3194
366 183 450 221 280
618 179 774 222 ..ΤΙΤΙ
816 179 995 223 LIVII
1038 181 1503 225 FRAGMENTA.

484 268 728 321 Exsectum,
750 281 823 313 aut
842 279 944 337 poto
965 287 1161 329 raporum
1182 272 1342 314 semine
1363 272 1556 328 pulsum:

481 325 636 369 Infecti
656 328 801 370 dicens
821 344 892 371 vix
913 338 1075 386 septem
1097 345 1216 387 posse
1237 330 1385 372 diebus

481 383 627 426 Vitam
648 385 850 441 produci:
884 395 1002 429 tanta
1022 396 1085 429 est
1104 387 1306 429 violentia
1326 386 1472 428 morbi.

546 442 599 489 Q.
619 444 768 486 Seren,
787 445 958 487 Samon.
983 447 1036 487 de
1057 446 1220 487 Medic.
1245 461 1343 502 cap.
1366 447 1433 487 39.
1458 460 1517 486 vs.
1542 444 1641 492 725,
1663 457 1757 498 sqq.

898 671 919 691 *
934 672 1011 713 Ex
1033 672 1105 713 cib.
1131 672 1169 713 C
1178 673 1222 713 V.

424 782 618 823 Formam
647 780 773 822 totius
802 780 1046 823 Britanniae
1069 782 1217 823 Livius
1243 791 1446 833 veterum,
1470 782 1623 824 Fabius
1646 783 1760 824 Rus-

366 840 473 881 ticus
494 838 740 888 recentium,
763 837 1095 894 eloquentissimi
1123 848 1325 890 auctores,
1347 840 1551 895 oblongae
1573 838 1758 881 scutulae

365 896 431 937 vel
451 895 624 951 bipenni
646 895 950 936 assimulavere.
1022 897 1161 938 Tacit.
1179 897 1331 952 Agric.
1356 913 1453 953 cap.
1480 900 1544 938 10.

424 952 668 993 Britanniae
708 952 808 994 licet
848 952 1185 1008 magnitudinem
1225 954 1325 995 olim
1366 969 1504 1003 nemo,
1546 962 1594 995 ut
1633 953 1760 994 refert

366 1010 526 1060 Livius,
543 1010 846 1051 circumvectus
867 1019 942 1060 est,
960 1010 1102 1051 multis
1124 1019 1264 1052 tamen
1282 1011 1380 1052 data
1400 1020 1463 1053 est
1482 1011 1596 1053 varia
1615 1010 1760 1067 opinio

365 1067 418 1108 de
440 1082 489 1109 ea
509 1066 725 1123 loquendi.
789 1068 1028 1110 Iornandes
1049 1069 1101 1110 de
1121 1070 1248 1110 rebus
1275 1070 1417 1111 Getic.
1442 1084 1539 1125 cap.
1564 1072 1604 1111 2.

876 1295 897 1316 *
920 1297 997 1338 Ex
1019 1296 1091 1337 lib.
1122 1295 1244 1336 CIX.

424 1406 808 1462 Septingentesimo
843 1405 1097 1447 conditionis
1131 1420 1229 1446 suae
1271 1419 1382 1446 anno
1419 1406 1757 1461 quattuordecim

364 1464 476 1506 vicos
497 1464 585 1505 eius
606 1463 813 1519 (Romae)
833 1463 1041 1503 incertum
1063 1461 1176 1502 unde
1198 1476 1453 1516 consurgens
1469 1462 1637 1505 flamma
1657 1479 1758 1505 con-

364 1521 565 1577 sumpsit:
599 1535 678 1561 nec
708 1533 907 1575 unquam,
930 1527 978 1560 ut
1004 1519 1062 1560 ait
1084 1518 1242 1568 Livius,
1265 1518 1420 1560 maiore
1448 1519 1647 1561 incendio
1667 1536 1758 1563 vas-

365 1587 450 1620 tata
477 1586 566 1627 est3
603 1577 708 1618 adeo
737 1586 784 1618 ut
810 1585 904 1633 post
931 1576 1092 1632 aliquot
1118 1590 1249 1617 annos
1280 1575 1437 1617 Caesar
1457 1576 1676 1633 Augustus
1703 1579 1758 1620 ad

363 1635 668 1691 reparationem
690 1649 848 1684 eorum,
871 1648 978 1689 quae
1007 1642 1107 1674 tunc
1133 1641 1282 1674 exusta
1301 1642 1433 1683 erant,
1455 1648 1651 1690 magnam
1671 1635 1758 1677 vim

362 1692 566 1748 pecuniae
588 1707 641 1733 ex
662 1692 820 1732 aerario
841 1690 1010 1747 publico
1030 1690 1203 1746 largitus
1224 1690 1287 1731 sit.
1356 1691 1481 1733 Oros.
1514 1692 1614 1733 VII.
1636 1695 1677 1734 2.

424 1749 592 1798 Caesar,
613 1748 836 1790 Rubicone
852 1748 1026 1789 flumine
1049 1756 1315 1797 transmeato,
1333 1762 1431 1788 mox
1448 1755 1496 1789 ut
1512 1748 1756 1791 Ariminum

362 1806 490 1857 venit,
514 1807 702 1863 quinque
725 1805 930 1856 cohortes,
953 1820 1056 1861 quas
1081 1813 1182 1846 tunc
1203 1804 1309 1846 solas
1329 1804 1522 1856 habebat,
1544 1821 1641 1848 cum
1662 1807 1757 1863 qui-

362 1866 456 1914 bus,
476 1872 523 1905 ut
551 1864 609 1904 ait
631 1863 790 1914 Livius,
817 1863 961 1905 orbem
989 1870 1193 1904 terrarum
1221 1861 1392 1904 adortus
1419 1870 1493 1912 est,
1516 1863 1620 1919 quid
1646 1864 1756 1907 facto

363 1936 468 1977 opus
489 1931 609 1971 esset,
631 1920 813 1962 edocuit.
880 1921 1006 1962 Oros.
1033 1921 1133 1962 VII.
1155 1921 1224 1962 45.
1277 1919 1346 1975 Cf.
1365 1921 1625 1963 Freinshem.
1643 1922 1756 1977 Sup-

360 1980 486 2034 plem.
511 1994 608 2034 cap.
633 1981 700 2019 39.

870 2120 891 2142 ¹*
914 2121 991 2162 Ex
1013 2121 1086 2162 lib.
1116 2119 1240 2161 CXI.

421 2220 587 2262 Primus
617 2220 780 2261 hostem
815 2219 1018 2276 percussit
1049 2233 1185 2274 nuper
1215 2218 1301 2274 pilo
1333 2227 1501 2275 sumpto
1534 2221 1671 2277 primo
1701 2223 1750 2265 C.

365 2278 596 2320 Crastinus.
660 2278 891 2319 Scholiast.
916 2283 995 2318 vet.
1014 2277 1184 2317 Lucani
1204 2277 1265 2317 ad
1284 2277 1445 2318 Plears.
1473 2278 1572 2320 VII.
1594 2280 1692 2321 471.

420 2334 583 2376 Patavii
620 2335 666 2375 C.
693 2334 926 2383 Cornelius,
960 2332 1168 2389 auguralis
1203 2332 1401 2375 scientiae
1433 2334 1605 2390 peritus,
1639 2335 1753 2378 Livii

363 2391 549 2433 historici
576 2391 677 2431 civis
705 2401 747 2432 et
772 2390 997 2440 familiaris,
1020 2390 1096 2431 sub
1123 2389 1237 2430 idem
1258 2390 1363 2431 forte
1392 2399 1557 2448 tempus
1581 2407 1752 2449 operam

363 2448 489 2491 dabat
523 2448 719 2504 auspicio.
783 2448 867 2489 Hic
908 2448 1104 2504 primum,
1141 2455 1188 2488 ut
1229 2447 1374 2488 Livius
1409 2448 1548 2499 tradit,
1586 2458 1752 2516 tempus

313 2560 315 2562 ι
363 2505 509 2562 proelii
549 2505 820 2561 (Pharsalici)
860 2505 1068 2561 cognovit,
1105 2505 1478 2562 praesentibusque
1518 2506 1607 2561 geri
1642 2507 1751 2550 d1xit

362 2578 476 2604 nunc
512 2577 612 2612 rem,
651 2572 693 2604 et
728 2562 933 2619 proelium
970 2562 1098 2602 duces
1133 2561 1406 2603 committere.
1471 2562 1557 2604 Ubi
1597 2564 1750 2606 iterum

362 2620 473 2676 cepit
522 2620 756 2675 augurium,
798 2619 1100 2675 conspexitque
1151 2618 1281 2674 signa,
1323 2619 1526 2661 fanaticus
1565 2621 1748 2672 exsiluit,

362 2677 566 2718 clamans:
622 2678 777 2725 Vincis,
817 2678 994 2718 Caesar.
1079 2675 1484 2730 obstupescentibus
1531 2677 1623 2728 illis,
1674 2679 1749 2735 qui

361 2734 548 2783 aderant,
571 2733 758 2774 detracta
788 2733 913 2788 capiti
946 2747 1099 2773 corona
1129 2732 1290 2781 iuravit,
1314 2747 1398 2772 non
1424 2733 1539 2788 prius
1563 2749 1606 2774 se
1627 2749 1749 2791 repo-

361 2791 536 2832 siturum
558 2805 663 2839 cam,
686 2805 809 2845 quam
834 2790 910 2830 arti
932 2789 1214 2844 respondisset
1234 2798 1419 2830 eventus.
1484 2789 1579 2831 Hoc
1601 2791 1748 2834 Livius

359 2863 501 2889 verum
553 2862 640 2888 esse
691 2847 876 2887 affirmat.
961 2847 1183 2887 Plutarch.
1229 2846 1354 2887 Caes.
1398 2862 1493 2902 eal).
1536 2849 1605 2891 47.
1675 2851 1744 2906 cy:

364 2907 619 2948 Freinsleem.
640 2906 856 2960 Supplem.
879 2919 974 2958 cap.
1001 2904 1066 2944 72.
