1888 3194
893 187 1041 229 TITI
1081 188 1145 229 LI
1160 188 1256 229 VII

183 290 227 322 U.
245 290 282 322 C
306 291 378 330 580.
391 278 669 320 ‘Macedonia
695 278 874 328 deficiat,
896 278 1011 320 velut
1037 294 1090 320 ex
1118 278 1294 335 perenni
1314 279 1429 320 fonte
1450 278 1562 320 unde
1590 277 1766 328 hauriat,

181 334 221 365 A.
245 334 283 364 C.
310 341 377 373 Ι72·
391 341 404 359 ⁶
417 337 638 378 Thraciam
658 337 884 378 subiectam
902 351 1001 378 esse.
1005 337 1016 355 '
1076 336 1307 417 Reliquum
1323 336 1518 377 orationis
1533 335 1768 378 adhortatio

201 433 215 463 1
248 379 309 416 13·
392 399 403 417 ⁶
414 395 504 435 fuit.
558 394 658 435 Non
675 409 752 448 ego
769 394 897 444 haec:
917 394 1068 449 inquit,
1093 394 1282 435 ‘incertis
1297 394 1447 435 iactata
1461 394 1708 443 rumoribus,
1725 401 1768 434 et

180 434 358 507 {dcffiffigl
390 452 606 508 ‘cupidius
625 430 792 500 credita,
808 452 906 507 quia
918 466 1016 493 vera
1028 467 1115 493 esse
1129 451 1205 492 (10
1195 452 1364 493 1111111100
1378 452 1552 492 crimina
1564 451 1765 500 volebam,

179 523 290 550 cont1a
301 520 376 551 Per·
390 510 539 551 ⁶·affe10
561 510 614 551 ad
630 524 713 559 vos,
730 509 876 550 Patres
892 509 1136 574 conscripti3
1169 509 1241 550 sed
1258 518 1469 565 comperta
1481 517 1524 550 et
1539 508 1766 564 explorata,

180 571 245 593 ⁵⁶³³·
390 567 527 608 ‘haud
568 582 684 608 secus
717 582 844 623 quam
876 582 909 607 Sl
941 566 1174 622 speculator
1205 566 1352 608 missus
1381 582 1406 608 a
1435 567 1551 608 vobis
1582 565 1768 607 subiecta

390 192 444 229 50

390 630 402 649 ⁶
415 625 544 666 oculis
564 625 771 666 referrem.
834 623 1000 680 Neque,
1018 624 1161 665 relicto
1182 639 1310 680 regno
1327 639 1433 674 meo,
1452 623 1566 680 quod
1583 623 1768 680 amplum

390 688 458 724 ‘et
479 683 691 738 egregium
713 697 784 723 vos
804 682 968 730 fecistis,
991 697 1103 723 mare
1127 691 1288 723 tantum
1309 682 1573 731 traiecissem,
1595 690 1643 722 ut
1661 695 1768 722 vana

389 745 403 764 ⁶
414 740 468 781 ad
487 755 558 780 vos
575 739 787 780 afferendo
807 739 933 780 fidem
956 739 1195 803 abrogarem
1212 739 1327 780 mihi.

1391 738 1628 780 Cernebam
1648 738 1768 780 nobi-

390 797 586 838 ‘lissimas
619 796 741 837 Asiae
770 806 812 837 et
843 795 1043 836 Graeciae
1072 796 1270 845 civitates,
1293 796 1337 836 in
1363 796 1453 837 dies
1480 796 1610 852 magis
1635 795 1769 836 denu-

391 855 565 896 ‘dantes
592 854 748 894 iudicia
773 869 857 902 sua,
880 868 990 903 mox,
1013 853 1046 893 si
1073 853 1396 909 permitteretur,
1419 868 1469 894 eo
1495 868 1767 909 processuras,

389 918 401 935 ⁶
415 911 526 952 unde
541 919 755 967 receptum
770 910 822 951 ad
838 910 1140 966 poenitendum
1157 926 1243 951 non
1256 910 1467 952 haberent.
1531 909 1768 952 Cernebam

390 975 401 992 ⁶
417 969 581 1018 Persea,
603 983 689 1009 non
711 968 997 1009 continentem
1018 983 1061 1009 se
1084 967 1360 1009 Macedoniae
1382 983 1524 1025 regno,
1546 967 1626 1009 alia
1645 968 1769 1009 armis

390 1032 701 1082 ‘occupantem,
734 1025 825 1076 alia,
852 1041 958 1082 quae
989 1026 1029 1066 vi
1059 1026 1193 1081 suffigi
1224 1041 1309 1067 non
1339 1035 1524 1082 possunt,
1551 1026 1690 1067 favore
1719 1041 1768 1066 ac

389 1090 401 1108 ⁶
416 1083 707 1125 benevolentia
733 1083 1092 1140 complectentem.
1156 1083 1375 1133 Videbam,
1399 1099 1524 1140 quam
1551 1083 1686 1139 impar
1704 1098 1768 1124 es·
1783 1097 1796 1117 1

389 1147 402 1166 ⁶
417 1150 480 1183 set
506 1156 603 1191 sors,
630 1156 760 1198 quum
790 1140 859 1182 ille
887 1141 1003 1182 vobis
1030 1140 1186 1182 bellum
1210 1150 1384 1197 pararet,
1409 1157 1481 1183 vos
1511 1141 1550 1183 ei
1580 1153 1798 1182 securam2

389 1204 559 1256 ‘pacem
582 1198 866 1255 praestaretis;
899 1214 1140 1254 quanquam
1167 1199 1270 1239 mihi
1297 1198 1468 1255 quidem
1495 1214 1581 1240 non
1607 1212 1766 1254 parare,

388 1256 487 1298 ‘sed
514 1272 658 1322 gerere
685 1271 818 1312 paene
845 1256 1000 1297 bellum
1029 1256 1258 1298 videbatur.

388 1319 538 1371 ‘atque
567 1314 746 1356 amicum
773 1323 969 1364 vestrum,
991 1329 1119 1370 regno
1144 1314 1315 1370 expulit.

1322 1256 1587 1313 Abrupolim,
1608 1255 1767 1297 socium
1780 1266 1798 1297 3

1380 1314 1683 1355 Arthetaurum
1710 1312 1768 1354 Il-

389 1377 401 1395 ⁶
416 1371 580 1429 lyrium,
598 1372 696 1428 quia
716 1372 866 1428 scripta
887 1372 938 1413 ab
955 1387 1004 1413 eo
1025 1372 1230 1428 quaedam
1247 1372 1361 1413 vobis
1377 1371 1592 1428 comperit,
1609 1371 1768 1413 socium

389 1430 513 1471 ‘item
536 1439 659 1486 atque
681 1429 861 1471 amicum
880 1441 1075 1479 vestrum,
1098 1429 1315 1471 interfecit.

1379 1429 1580 1471 Euersam
1600 1437 1643 1470 01
1668 1427 1800 1470 Cal-4

390 1487 595 1528 ‘licritum
617 1487 854 1536 Thebanos,
876 1487 1086 1544 principes
1106 1487 1295 1537 civitatis,
1314 1487 1413 1544 quia
1433 1487 1602 1528 liberius
1622 1486 1766 1528 adver-

390 1550 482 1585 ‘sus
509 1560 606 1586 eum
634 1545 678 1585 in
702 1519 879 1586 concilio
909 1544 1162 1586 Boeotorum
1184 1545 1312 1586 locuti
1338 1545 1516 1594 fuerant,
1538 1544 1768 1585 delaturos-

390 1608 497 1658 ‘que
519 1602 571 1644 ad
591 1618 674 1651 vos,
698 1617 804 1658 quae
827 1611 1061 1658 agerentur,
1078 1602 1249 1658 professi
1271 1612 1401 1652 erant,
1424 1602 1629 1643 tollendos
1649 1616 1768 1643 cura-

389 1666 403 1684 ⁶
414 1660 483 1701 vit.

546 1659 766 1701 Auxilium
794 1636 876 1716 ByC
861 1660 1007 1700 zantiis
1033 1660 1228 1701 adversus
1253 1660 1401 1701 foedus
1430 1658 1538 1709 tuh‘t,
1560 1659 1798 1716 Dolopiae5

390 1717 569 1758 ‘bellum
591 1717 744 1766 intulit,
767 1717 1024 1758 Thessaliam
1051 1728 1093 1758 et
1120 1717 1324 1759 Doridem
1351 1732 1447 1759 cum
1469 1717 1656 1759 exercitu
1674 1731 1768 1774 per-

389 1781 401 1799 ⁶
414 1775 530 1825 vasit,
548 1783 594 1816 ut
614 1775 658 1815 in
674 1775 809 1815 110110
800 1775 997 1816 lntestino
1011 1775 1226 1816 deterioris
1241 1775 1369 1840 partis
1381 1775 1536 1817 auxilio
1553 1774 1768 1816 meliorem

389 1838 401 1856 ⁶
417 1832 574 1888 affliger
576 1841 628 1874 et.

694 1832 899 1873 Confudit
926 1842 968 1873 et
995 1833 1161 1874 miscuit
1186 1833 1325 1874 omnia
1348 1848 1393 1873 111
1425 1832 1640 1874 Thessalia
1666 1832 1768 1874 Per-

391 1890 671 1946 ‘rhaebiaque
695 1905 766 1945 spe
794 1905 994 1930 novarum
1025 1890 1271 1940 tabularum,
1303 1898 1349 1930 ut
1376 1905 1502 1930 manu
1530 1889 1799 1931 debitorum6

389 1947 594 1988 ‘obnoxia
628 1947 703 1987 sibi
742 1947 961 2002 optimates
1001 1947 1263 2002 opprimeret.

1326 1946 1444 1987 Haec
1481 1962 1611 2002 quum
1651 1947 1767 1988 vobis

389 2004 724 2060 ‘quiescentibus
738 2013 780 2044 et
791 2004 1044 2059 patientibus
1057 2003 1212 2053 fecerit,
1228 2013 1270 2044 et
1287 2019 1523 2045 concessam
1541 2004 1618 2045 sibi
1634 2003 1768 2046 Grae-

389 2062 521 2102 ‘ciam
548 2076 635 2102 esse
661 2076 686 2101 a
708 2061 824 2102 vobis
852 2060 1012 2110 videat3
1045 2076 1120 2117 pro
1140 2071 1253 2102 certo
1281 2061 1418 2111 habet,
1441 2062 1654 2103 neminem
1674 2062 1765 2113 sibi,

389 2183 560 2215 Thraciam
584 2183 721 2214 vicinam
746 2183 774 2214 ei
802 2186 834 2214 et
859 2183 900 2213 ad
924 2193 1055 2213 manum

389 2238 468 2263 esse,
480 2228 574 2263 unde,
585 2231 738 2266 tanquam
755 2237 793 2256 ex
811 2226 941 2265 perenni
959 2226 1056 2263 fonte,

389 2270 513 2300 hauriat
531 2269 702 2300 militarem
718 2269 927 2299 iuventutem.
953 2269 1014 2299 Cn.

440 2323 452 2342 1
491 2313 647 2349 Videbam,
671 2313 782 2352 quam]
822 2311 861 2342 cf.
885 2311 1053 2342 Demosth.

391 2355 534 2394 Philipp.
552 2354 593 2385 iii.
612 2365 642 2393 p.
664 2364 730 2385 112.

434 2407 449 2427 2
475 2399 578 2435 Quum
598 2398 652 2428 ille
669 2398 753 2427 vobis
769 2398 882 2427 bellum
902 2397 1052 2436 pararet]

390 2440 534 2470 Verbum
570 2444 704 2479 pao-aret
739 2439 857 2469 adiecit
893 2438 1055 2469 Gronovio

389 2487 519 2513 auctore
531 2481 683 2513 Clericus.
715 2482 786 2512 Nec
799 2481 968 2519 dubitabit,
978 2481 1053 2520 quin

391 2525 501 2555 Livius
530 2525 573 2555 ita
599 2523 768 2564 scripserit,
795 2524 848 2563 qui
878 2534 915 2554 ea
945 2523 1055 2563 legerit

390 2578 473 2607 qnae
483 2571 674 2606 sequuntur:
697 2577 879 2607 quanquam
895 2568 972 2596 mihi
987 2568 1054 2607 qui-

389 2612 457 2641 dem
480 2621 543 2640 non
564 2620 696 2649 parare,
710 2610 765 2639 sed
775 2620 886 2648 yerere
898 2620 980 2648 pene
995 2610 1054 2639 hel-

391 2654 456 2682 lzem
481 2653 656 2682 videbatur.
702 2652 760 2681 Est
784 2651 868 2681 enim
892 2651 1054 2688 correctio,

391 2700 543 2734 tauquam
566 2694 681 2731 minus,
697 2703 791 2733 quam
816 2704 864 2724 res
886 2698 943 2731 est,
961 2694 1054 2724 dixis-

391 2742 447 2767 set.
493 2737 645 2776 Oportuit
665 2736 758 2775 igitur
779 2736 875 2766 etiam
896 2747 969 2766 eum
988 2736 1054 2766 dix-

392 2780 463 2817 isse,
478 2780 563 2818 quod
580 2779 714 2818 corrigit.
738 2779 843 2810 (ἷκεν.

435 2831 451 2860 3
475 2822 675 2861 Abrupolim,
689 2822 823 2859 socium]
848 2821 942 2856 Quae
958 2821 1009 2851 1110
1025 2826 1056 2852 01

391 2865 462 2895 infr.
487 2874 535 2902 40.
560 2863 739 2894 indicantur
762 2864 801 2894 de
825 2864 991 2903 Abrupoli,
1017 2865 1057 2894 de

393 2907 598 2944 Arthetauro,
604 2907 643 2937 de
651 2907 782 2943 Euersa,
789 2910 820 2936 et
827 2907 1003 2943 Callia-rito,
1009 2908 1056 2936 fu-

392 2950 456 2980 sius
470 2954 698 2980 memoraverat
717 2950 825 2988 procul
839 2949 936 2979 dubio
950 2949 1058 2981 Livius

1100 2183 1133 2213 in
1160 2182 1197 2213 iis
1219 2193 1301 2222 quae
1327 2183 1514 2214 exciderunt
1537 2184 1578 2215 de
1603 2184 1684 2215 libro
1709 2185 1766 2217 xli.

1102 2226 1166 2255 Illo
1190 2225 1274 2256 enim
1302 2226 1382 2256 libro
1408 2226 1499 2257 initia
1521 2227 1768 2259 continebantur

1100 2268 1176 2298 belli
1192 2268 1407 2306 Macedonici,
1418 2273 1454 2299 ut
1470 2274 1594 2300 constat
1609 2280 1650 2301 ex
1665 2270 1766 2310 epito-

1098 2320 1160 2341 me.
1216 2292 1407 2350 Abrupolini
1437 2312 1629 2351 Sapensium
1659 2323 1766 2352 regem

1099 2352 1251 2393 (Sapaica
1267 2354 1424 2385 Thiaciae
1441 2355 1527 2394 regio
1546 2354 1609 2396 est)
1625 2355 1733 2393 fuisse,
1748 2366 1766 2396 0

1100 2396 1278 2426 Pausaniae
1301 2401 1448 2436 corrupto
1472 2397 1548 2428 licet
1569 2401 1663 2428 textu
1685 2399 1765 2429 erui-

1099 2441 1161 2475 tur,
1175 2438 1208 2468 in
1225 2438 1384 2476 Achaicis,
1400 2440 1464 2470 sive
1480 2440 1560 2471 libro
1576 2440 1630 2472 vii.
1653 2441 1760 2472 Canv.

1140 2493 1159 2519 4
1182 2482 1357 2519 Euersam]
1394 2482 1446 2512 Ita
1468 2482 1639 2522 legendum
1658 2488 1766 2514 censet

1099 2523 1201 2554 Henr.
1219 2523 1378 2562 Valesius,
1400 2535 1464 2555 non
1486 2527 1664 2557 Eversum.-
1690 2526 1766 2566 quia

1098 2566 1179 2596 illud
1203 2566 1362 2597 Graecum
1388 2577 1506 2598 nomen
1532 2572 1591 2606 est,
1615 2568 1677 2599 hoc
1700 2579 1764 2600 non

1098 2608 1185 2639 item.
1209 2609 1315 2640 Cam.

1142 2659 1159 2690 5
1183 2652 1338 2690 Dolopiae
1354 2652 1466 2682 bellum
1482 2653 1609 2690 intulit]
1642 2653 1764 2693 Legen—

1099 2695 1176 2724 dum
1206 2703 1278 2724 cum
1311 2694 1473 2724 Gronovio
1503 2696 1616 2725 bellum
1652 2697 1764 2727 suadet

1099 2736 1236 2767 Crevier.
1267 2736 1305 2766 cf.
1327 2746 1410 2776 supr.
1438 2736 1493 2767 xli.
1521 2746 1570 2776 33.
1593 2741 1626 2767 et
1650 2737 1766 2778 Polyb.

1100 2779 1179 2809 Exc.
1198 2779 1273 2809 Vat.
1290 2779 1366 2810 xxii.
1387 2788 1412 2809 1.
1436 2779 1575 2818 Appian.
1592 2780 1764 2812 Macedon.

1100 2832 1142 2852 lx.
1159 2833 1187 2859 4.

1147 2864 1168 2894 6
1194 2865 1257 2904 Spe
1288 2875 1442 2895 novarum
1478 2865 1678 2903 tabularum]
1724 2865 1765 2895 cf.

1102 2907 1193 2946 Supr.
1211 2906 1308 2938 xxxii.
1326 2907 1376 2946 38.
