1888 3194
508 172 791 216 LlBROR.
837 172 1140 215 DEPERD.
1442 179 1526 219 249

128 264 251 316 libus,
292 273 336 306 et
377 264 521 306 castris
561 279 733 320 quoque
777 263 1042 320 expugnatis.
1106 263 1329 305 Renovato
1370 264 1528 307 deinde

129 322 253 373 bello,
275 322 428 364 iterum
456 322 691 363 exercitum
718 321 827 378 regis
851 320 963 363 fudit
986 336 1034 363 ac
1059 320 1229 362 delevit.
1292 320 1529 363 Archelaus

128 394 226 421 cum
253 379 382 421 classe
414 379 531 436 regia
561 378 701 420 Sullae
732 393 776 420 se
807 378 993 420 tradidit.
1055 377 1106 420 L.
1130 377 1322 420 Valerius
1354 377 1529 420 Flaccus

129 435 288 486 consul,
331 435 493 502 collega
539 436 720 502 Cinnae,
767 436 930 486 missus,
976 444 1024 478 ut
1076 435 1218 478 Sullae
1267 435 1528 486 succederet,

127 501 300 559 propter
319 494 536 535 avaritiam
558 494 716 535 invisus
737 494 943 535 exercitui
963 509 1053 559 suo,
1075 509 1100 535 a
1121 493 1172 536 C.
1189 492 1375 534 Fimbria
1389 492 1530 558 legato

125 551 270 607 ipsius,
298 551 470 593 ultimae
497 551 698 593 audaciae
727 551 914 602 homine,
940 551 1101 593 occisus
1128 559 1202 601 est,
1230 559 1274 592 et
1302 551 1530 607 imperium

126 608 182 650 ad
212 607 440 650 Fimbriam
472 609 731 651 translatum.
794 608 1022 650 Praeterea
1050 616 1322 674 expugnatae
1348 609 1394 649 in
1426 607 1531 649 Asia

127 666 251 707 urbes
278 681 303 707 a
331 666 597 716 Mithridate,
620 675 663 708 et
690 666 919 708 crudeliter
943 666 1110 723 direpta
1135 666 1365 722 provincia,
1387 666 1529 708 incur-

126 723 349 781 sionesque
372 724 618 766 Thracum
608 739 653 766 ln
675 723 988 775 Macedoniam,
1011 724 1260 766 referuntur.

693 1006 959 1048 LXXXIII.

129 1125 180 1167 C.
208 1123 475 1166 FIMBRIA
516 1123 561 1164 in
602 1123 720 1174 Asia,
761 1123 863 1165 fusis
902 1123 1065 1180 proelio
1106 1123 1267 1180 aliquot
1307 1125 1529 1181 praefectis

126 1181 402 1231 Mithridatis,
426 1181 574 1222 urbem
603 1180 859 1237 Pergamum
888 1181 1013 1237 cepit,
1041 1181 1340 1237 obsessumque
1370 1197 1527 1238 regem,

125 1254 212 1282 non
242 1239 423 1281 multum
455 1239 600 1288 abfuit,
624 1239 729 1295 quin
760 1247 941 1295 caperet.
1008 1238 1170 1280 Urbem
1200 1238 1324 1289 Ilion,
1347 1254 1455 1295 quae
1484 1256 1527 1281 se

124 1297 322 1354 potestati
371 1296 510 1338 Sullae
561 1297 810 1346 reservabat,
855 1296 1116 1353 expugnavit
1165 1312 1213 1338 ae
1264 1296 1434 1347 delevit,
1486 1306 1530 1339 et

125 1369 320 1412 magnam
370 1363 533 1411 partem
574 1354 704 1396 Asiae
755 1355 925 1410 recepit.
1004 1353 1122 1396 Sulla
1166 1353 1310 1395 multis
1359 1354 1529 1411 proeliis

125 1413 313 1455 Thracas
333 1412 498 1454 cecidit.
565 1411 712 1460 Quum
742 1411 792 1453 L.
814 1411 957 1454 Cinna
982 1420 1026 1453 et
1054 1410 1136 1453 Cn.
1156 1411 1351 1468 Papirius
1374 1413 1528 1463 Carbo,

125 1471 177 1512 ab
212 1485 256 1512 se
286 1470 387 1527 ipsis
422 1469 616 1512 eonsules
651 1484 727 1526 per
761 1470 984 1511 biennium
1020 1469 1162 1519 creati,
1194 1469 1352 1511 bellum
1383 1479 1531 1512 contra

129 1527 289 1570 Sullam
324 1536 533 1584 pararent,
570 1528 769 1569 effectum
805 1536 867 1569 est
900 1542 977 1584 per
1009 1527 1059 1568 L.
1077 1526 1296 1569 Valerium
1330 1527 1529 1569 Flaccum

125 1585 361 1642 principem
383 1594 564 1634 senatuS,
586 1585 661 1641 qui
687 1585 920 1626 orationem
948 1585 990 1626 in
1020 1593 1169 1626 senatu
1196 1584 1357 1634 habuit,
1380 1594 1423 1626 et
1450 1600 1528 1642 per

125 1658 211 1693 eos,
232 1658 306 1699 qui
328 1642 578 1684 concordiae
599 1641 840 1692 studebant,
863 1651 911 1684 ut
935 1641 1063 1698 legati
1087 1642 1141 1683 ad
1165 1642 1324 1684 Sullam
1346 1642 1399 1683 de
1422 1657 1525 1698 pace

126 1701 405 1742 mitterentur.
471 1699 614 1741 Cinna
645 1700 697 1741 ab
730 1700 920 1741 exercitu
955 1715 1043 1749 suo,
1079 1714 1206 1755 quem
1242 1699 1422 1740 invitum
1456 1715 1528 1741 co-

124 1759 251 1815 gebat
291 1773 416 1799 naves
451 1757 748 1807 conscendere,
785 1768 828 1798 et
867 1757 1065 1798 adversus
1103 1755 1262 1798 Sullam
1302 1756 1525 1828 proficisci,

125 1816 370 1858 interfectus
405 1824 479 1856 est.
546 1814 827 1856 Consulatum
866 1814 1007 1856 Carbo
1043 1813 1155 1855 solus
1189 1814 1328 1870 gessit.
1395 1813 1524 1865 Sulla,

125 1889 257 1930 quum
290 1874 333 1914 in
357 1873 503 1914 Asiam
536 1873 776 1921 traiecisset,
806 1887 953 1928 pacem
984 1887 1080 1913 cum
1114 1871 1365 1913 Mithridate
1396 1872 1524 1922 fecit3

125 1932 183 1972 ita
216 1941 262 1973 ut
303 1931 337 1972 is
376 1930 546 1971 cederet
588 1929 814 1985 provinciis
844 1929 960 1978 Asia,
991 1929 1206 1986 Bithynia,
1237 1928 1522 1985 Cappadocia.

126 1988 322 2038 Fimbria,
356 1987 546 2029 desertus
578 1988 630 2028 ab
663 1987 866 2036 exercitu,
901 1987 974 2042 qui
1008 1986 1062 2027 ad
1098 1985 1257 2028 Sullam
1291 1987 1524 2037 transierat,

123 2047 212 2103 ipse
249 2061 291 2088 se
328 2045 558 2102 percussit:
598 2044 923 2101 impetravitque
956 2044 1011 2086 dc
1047 2059 1165 2086 servo
1198 2058 1287 2095 suo,
1319 2045 1526 2100 praebens

124 2105 344 2154 cervicem,
367 2112 414 2145 ut
435 2118 478 2145 se
500 2101 723 2145 occideret.

696 2378 952 2421 LXXXIV.

127 2497 330 2541 SULLA
362 2498 521 2555 legatiS,
544 2500 617 2555 qui
649 2515 673 2540 a
703 2508 851 2540 senatu
885 2498 996 2539 missi
1031 2506 1163 2548 erant,
1186 2498 1373 2540 futurum
1406 2514 1448 2540 se
1482 2499 1524 2540 in

125 2566 330 2613 potestate
359 2566 528 2598 senatus
557 2556 787 2612 respondit,
810 2556 843 2597 si
872 2556 998 2605 cich,
1021 2556 1094 2611 qui
1123 2555 1230 2612 pulsi
1257 2571 1281 2597 a
1304 2556 1447 2597 Cinna
1471 2556 1525 2598 ad

125 2629 168 2655 se
189 2614 478 2669 confugerant,
502 2614 833 2655 restituerentur.
900 2614 1021 2662 Quae
1047 2613 1236 2654 conditio
1257 2629 1390 2670 quum
1417 2614 1527 2656 iusta

125 2672 288 2713 senatui
325 2671 550 2721 videretur,
584 2687 660 2728 per
694 2671 933 2712 Carbonem
971 2671 1283 2728 factionemque
1319 2671 1422 2721 cius,
1456 2672 1525 2713 cui

125 2728 283 2770 bellurn
301 2729 522 2770 videbatur
539 2729 695 2779 utilius,
714 2744 767 2770 nc
784 2729 1042 2778 conveniret,
1061 2729 1258 2770 effectum
1277 2737 1350 2770 est.
1404 2728 1524 2770 Idem

130 2785 283 2835 Carbo,
301 2802 459 2842 quum}
450 2787 501 2827 ab
519 2787 714 2828 omnibus
735 2786 902 2843 oppidis
919 2786 1064 2828 Italiae
1081 2786 1342 2843 coloniisque
1360 2786 1526 2827 obsides

127 2842 294 2897 exigere
329 2844 467 2893 vellet,
506 2854 551 2885 ut
585 2844 711 2885 {idem
749 2859 896 2885 eorum
929 2854 1076 2886 contra
1111 2844 1270 2886 Sullam
1307 2844 1524 2899 obligaret,

127 2914 333 2940 tonsensu
364 2911 533 2942 senatus
566 2902 801 2957 prohibitus
834 2912 907 2943 cst.
972 2901 1107 2943 Novis
1142 2902 1303 2942 civibus
1338 2910 1526 2941 senatus-
