1888 3194
366 176 444 213 108
876 171 1023 213 TITI
1060 170 1238 213 LIVII

572 234 588 249 d

156 268 200 300 U.
218 268 256 299 C.
279 268 350 308 582.
364 262 446 303 tius
480 262 525 302 in
560 261 780 318 populares
810 277 904 303 suos
940 270 1105 318 praetor
1136 261 1353 302 Romanus
1391 258 1580 315 superbe,
1612 273 1744 308 avare,

155 312 195 343 Α·
219 311 257 343 C·
281 319 351 350 ¹70·
364 318 591 360 crudeliter
624 319 812 360 fecisset:
856 319 1010 360 deinde
1044 334 1150 374 quae
1187 328 1278 359 tum
1314 332 1444 373 quum
1480 316 1660 357 maxime
1693 315 1744 357 L.

365 376 618 418 Hortensius
638 377 802 418 faceret.
848 383 860 401 ⁶
877 376 1247 425 Quemadmodum
1269 375 1409 417 omnia
1429 374 1519 424 sibi,
1536 374 1662 415 etiam
1682 373 1746 424 iis,

367 440 379 458 ⁶
395 450 501 491 quae
542 435 766 491 patiantur,
808 434 997 483 tristiora,
1039 433 1237 490 patienda
1275 448 1361 474 esse
1400 432 1556 472 ducant
1593 431 1746 487 potius,

367 498 521 548 ‘quam
556 492 639 533 fide
672 491 905 541 decedant3
942 492 1012 541 sic,
1046 491 1162 547 quod
1197 491 1250 532 ad
1280 489 1525 531 Lucretium
1563 488 1750 529 Horten-

368 555 380 573 ⁶
394 551 586 606 siumque
627 550 834 599 attineret,
876 549 992 599 scire,
1031 549 1160 590 tutius
1199 548 1323 589 fuisse
1365 546 1556 588 claudere
1596 554 1749 602 portaS,

368 613 380 631 ⁶
396 623 522 663 quam
542 607 586 648 in
607 608 753 648 urbem
775 622 845 648 eos
867 606 1067 662 accipere.
1125 606 1213 654 Qui
1234 605 1507 646 exclusissent
1522 618 1604 653 eos,
1624 602 1750 644 Ema-
1764 618 1782 649 3

368 670 379 688 ⁶
396 665 539 714 thiam,
564 664 868 720 Amphipolim,
893 663 1154 712 Maroneam,
1179 663 1363 712 Aenum,
1385 661 1616 703 incolumes
1636 675 1748 702 esse:

369 727 381 746 ⁶
396 723 509 778 apud
529 738 570 763 se
593 721 748 777 templa
768 721 960 762 omnibus
982 720 1236 761 ornamentis
1256 719 1501 775 compilata3
1536 718 1751 774 spoliaque

370 786 379 803 ⁶
394 779 597 834 sacrilegii
627 778 676 820 C.
697 779 943 819 Lucretium
970 777 1145 818 navibus
1173 777 1352 818 Antium
1374 776 1601 825 devexisse,
1623 775 1754 817 libera

371 843 571 892 ‘corpora
600 837 644 876 in
674 835 917 877 servitutem
945 835 1126 890 abrepta,
1158 834 1344 875 fortunas
1374 833 1580 878 sociorum
1608 832 1755 889 populi

371 900 382 917 ⁶
400 893 582 934 Romani
603 893 786 950 direptas
814 907 914 941 esse,
937 900 979 933 et
999 891 1186 948 quotidie
1212 891 1346 947 diripi.
1410 889 1536 940 Nam,
1559 905 1612 931 ex
1636 889 1755 931 insti-

372 957 487 992 ‘tuto
512 950 561 991 C.
578 950 778 1000 Lucretii,
802 949 1077 991 Hortensium
1104 964 1272 1006 quoque
1300 948 1345 989 in
1369 948 1488 990 tectis
1515 947 1654 989 hieme
1681 962 1758 1004 pa-

372 1008 499 1049 ‘riter
526 1016 650 1064 atque
682 1017 834 1049 aestate
866 1007 1032 1048 navales
1060 1007 1191 1048 socios
1220 1007 1387 1055 habere,
1417 1014 1459 1047 et
1488 1005 1634 1047 domos
1663 1019 1756 1047 suas

373 1072 383 1089 ⁶
397 1066 540 1122 plenas
561 1066 682 1107 turba
701 1066 869 1107 nautica
889 1080 1000 1114 esse3
1033 1065 1187 1106 versari
1211 1065 1320 1105 inter
1340 1079 1396 1113 se,
1419 1063 1630 1118 coniugeS,
1651 1062 1757 1104 libe-

373 1130 547 1179 ‘rosque
578 1139 686 1173 suos,
718 1124 870 1180 quibus
899 1122 1005 1163 nihil
1035 1138 1172 1178 neque
1203 1122 1340 1163 dicere
1371 1120 1490 1177 pensi
1519 1121 1585 1170 sit,
1616 1135 1756 1176 neque

241 1188 265 1224 8
374 1181 558 1222 ‘facere'
617 1181 839 1222 Arcessere
867 1181 911 1221 in
933 1189 1122 1221 senatum
1148 1179 1392 1221 Lucretium
1413 1178 1582 1234 placuit,
1606 1186 1654 1218 ut
1673 1177 1758 1219 dis-

373 1247 557 1295 ceptaret
586 1254 737 1288 coram,
769 1248 1048 1294 purgaretque
1079 1252 1178 1278 sese.
1243 1236 1444 1277 Ceterum
1475 1235 1606 1276 multo
1635 1234 1758 1291 plura

372 1311 567 1352 praesens
588 1296 759 1345 audivit,
783 1311 909 1352 quam
929 1295 973 1335 in
999 1296 1211 1336 absentem
1233 1295 1339 1335 iacta
1359 1302 1500 1342 erant3
1533 1302 1577 1334 et
1596 1293 1759 1349 gravio-

373 1369 437 1395 res
463 1354 801 1410 potentioresque
823 1368 1029 1394 accessere
1051 1361 1307 1393 accusatores
1328 1351 1412 1392 duo
1435 1351 1591 1392 tribuni
1611 1350 1757 1406 plebis,

374 1411 447 1453 Μ’.
467 1411 685 1452 Iuventius
716 1411 881 1452 Thalna
911 1419 953 1451 et
984 1409 1064 1451 Cn.
1085 1410 1293 1450 Aufidius.
1355 1408 1393 1449 Ii
1423 1424 1509 1450 non
1539 1408 1585 1448 in
1610 1416 1760 1449 senatu

374 1469 499 1510 modo
528 1484 625 1510 eum
656 1468 900 1517 lacerarunt,
927 1467 1000 1509 sed
1030 1468 1073 1508 in
1105 1468 1350 1508 concionem
1381 1466 1507 1507 etiam
1537 1474 1758 1522 pertracto,

167 1536 304 1565 Senatus
316 1546 359 1566 re-
376 1526 516 1567 multis
557 1526 730 1567 obiectis
768 1526 941 1582 probriS,
984 1525 1097 1566 diem
1137 1525 1346 1565 dixerunt.
1430 1523 1608 1565 Senatus
1646 1523 1761 1564 iussu

166 1588 327 1617 ⁵P⁰¹¹⁵¹¹m·
380 1583 727 1625 Chalcidensibus
752 1583 804 1632 Q.
822 1583 1019 1624 Maenius
1034 1592 1200 1639 praetor
1215 1581 1451 1638 respondit:
1486 1587 1498 1604 ⁶
1515 1580 1636 1629 Quae
1652 1580 1759 1622 bene

378 1647 389 1665 ⁶
406 1642 574 1683 meritos
596 1656 696 1691 sese,
719 1651 762 1682 et
785 1650 894 1690 ante,
917 1650 958 1681 et
980 1641 1024 1680 in
1046 1655 1095 1681 eo
1123 1639 1245 1689 bello,
1269 1638 1384 1695 quod
1411 1647 1590 1694 geratur,
1612 1637 1665 1679 de
1685 1653 1762 1694 po-

378 1706 388 1722 ⁶
403 1699 501 1755 pulo
524 1699 717 1740 Romano
739 1698 893 1747 dicant,
916 1713 965 1739 ea
985 1707 1027 1739 et
1048 1697 1150 1738 scire
1171 1712 1270 1738 vera
1289 1711 1360 1737 eos
1384 1696 1535 1738 referre
1556 1703 1760 1745 senatum,

379 1763 389 1780 ⁶
403 1767 456 1806 et,
479 1756 653 1812 perinde
682 1772 729 1797 ac
757 1756 949 1805 debeant,
971 1765 1089 1812 grata
1112 1770 1211 1796 esse.
1277 1753 1397 1803 Quae
1425 1754 1534 1795 facta
1557 1768 1582 1794 a
1604 1753 1654 1795 C.
1673 1752 1762 1794 Lu-

381 1821 390 1837 ‘
403 1815 544 1864 cretio,
568 1814 741 1870 fierique
763 1814 814 1855 ab
836 1813 885 1854 L.
903 1813 1130 1854 Hortensio
1155 1812 1413 1868 praetoribus
1434 1811 1640 1853 Romanis
1660 1826 1763 1867 que-

381 1879 570 1921 ·'rantur3
613 1887 663 1913 ea
696 1887 834 1927 neque
874 1871 994 1920 facta,
1032 1886 1169 1926 neque
1210 1870 1301 1910 fieri
1335 1868 1549 1910 voluntate
1581 1877 1761 1918 senatus,

381 1936 531 1985 ⁶quem
566 1945 652 1970 non
684 1944 802 1984 posse
836 1928 1084 1975 existimare,
1117 1928 1190 1982 qui
1226 1927 1339 1975 sciat,
1370 1925 1527 1967 bellum
1559 1925 1690 1975 Persi,
1721 1934 1764 1967 et

382 1994 391 2010 ⁶
407 1996 502 2028 ante
524 1985 721 2041 Philippo
742 1985 850 2041 patri
871 1985 972 2034 eius,
994 1983 1181 2024 intulisse
1202 1983 1406 2039 populum
1427 1982 1667 2024 Romanum
1687 1997 1763 2038 pro

383 2044 597 2085 ‘libertate
629 2042 845 2091 Graeciae,
868 2057 953 2083 non
981 2051 1028 2082 ut
1055 2056 1105 2082 ea
1128 2057 1152 2082 a
1179 2040 1485 2095 magistratibus
1509 2040 1610 2081 socii
1637 2049 1763 2096 atque

385 2107 394 2124 ⁶
408 2101 530 2141 amici
550 2100 822 2156 paterentur?
853 2099 1014 2140 Literas
1035 2114 1076 2139 se
1095 2098 1148 2139 ad
1169 2098 1218 2139 L.
1240 2097 1513 2139 Hortensium
1529 2106 1763 2154 praetorem

386 2164 396 2182 ⁶
413 2158 581 2199 daturos
603 2172 714 2205 esse3
748 2172 853 2212 quae
879 2155 1177 2197 Chalcidenses
1197 2164 1427 2211 querantur
1450 2164 1553 2205 acta,
1576 2170 1626 2196 ea
1645 2170 1764 2196 sena-

387 2216 472 2256 ‘tui
499 2230 585 2256 non
609 2214 795 2270 placere:
829 2214 862 2254 si
888 2214 961 2269 qui
991 2214 1034 2254 in
1060 2213 1301 2254 servitutem
1324 2212 1445 2254 liberi
1471 2213 1694 2263 venissent,
1716 2221 1765 2254 ut

386 2279 397 2297 ⁶
410 2288 480 2314 eos
501 2271 807 2327 conquirendos
827 2271 961 2327 primo
983 2286 1150 2326 quoque
1180 2280 1379 2326 tempore,
1401 2270 1763 2327 restituendosque

387 2337 396 2354 ⁶
414 2331 457 2371 in
478 2330 710 2370 libertatem
731 2337 914 2370 curaret:
948 2328 1152 2369 sociorum
1173 2328 1382 2369 navalium
1402 2328 1628 2378 neminem,
1645 2343 1797 2384 prae-4

386 2394 397 2412 ⁶
412 2397 473 2429 ter
493 2387 721 2441 magistros,
743 2387 788 2427 in
815 2385 994 2441 hospitia
1014 2385 1167 2427 deduci
1191 2401 1371 2441 aequum
1393 2386 1585 2427 censere.'
1645 2385 1765 2427 Haec

386 2445 616 2486 Hortensio
645 2445 758 2485 iussu
783 2453 948 2484 senatus
976 2443 1137 2499 scripta.
1200 2443 1382 2484 Munera
1412 2443 1558 2484 binum
1588 2443 1766 2484 millium

386 2503 490 2544 aeris
510 2502 655 2557 legatis
671 2502 805 2551 missa,
823 2510 864 2542 et
880 2500 1069 2541 vehicula
1091 2500 1285 2541 Mictioni
1306 2501 1471 2556 publice
1493 2500 1639 2550 locata,
1657 2515 1764 2556 quae
1779 2514 1796 2546 5

180 2575 346 2606 Lucretius
387 2575 483 2602 eum
520 2559 793 2600 Brundisium
829 2558 1045 2600 commode
1082 2557 1367 2614 perveherent.
1391 2567 1397 2574 ·
1433 2557 1482 2599 C.
1506 2558 1764 2608 Lucretium,

180 2620 358 2649 damnatur.
387 2618 459 2659 ubi
488 2617 588 2666 dies,
612 2631 718 2672 quae
742 2616 853 2657 dicta
879 2625 978 2665 erat,
1001 2617 1128 2664 venit,
1152 2616 1307 2656 tribuni
1335 2616 1388 2657 ad
1415 2615 1618 2671 populum
1645 2630 1767 2656 accu-

388 2683 541 2724 sarunt,
570 2673 826 2729 multamque
855 2673 993 2714 decies
1018 2683 1187 2714 centum
1216 2672 1392 2714 millium
1420 2672 1524 2714 aeris
1554 2672 1764 2714 dixerunt.

432 2808 449 2837 3
475 2800 537 2835 Qui
552 2799 758 2829 eoeclusissent
773 2799 839 2835 eos]
866 2808 906 2827 sc.
925 2797 1057 2827 Incolae
1144 2806 1160 2834 5
1188 2797 1318 2828 Publice
1338 2798 1456 2835 locata]
1497 2797 1633 2827 Publica
1655 2799 1768 2838 populi

390 2841 528 2877 urbium,
544 2851 626 2879 quae
643 2845 752 2879 postea
768 2844 1003 2870 enumerantur.
1102 2839 1242 2870 Romani
1264 2839 1410 2878 impensa
1428 2840 1583 2878 praebita,
1599 2844 1684 2870 certo
1699 2851 1769 2880 pre-

434 2896 452 2921 4
476 2886 612 2913 Praeter
630 2884 810 2921 mayistros]
844 2893 885 2914 sc.
904 2882 1055 2913 Navium.
1102 2882 1146 2912 tio
1162 2881 1414 2921 redemptoribus
1429 2882 1587 2913 condicto.
1612 2884 1716 2914 CREv.

392 2928 430 2957 cf.
447 2936 531 2966 supr.
548 2925 635 2957 xxix.
656 2935 702 2965 ²5-

1870 2701 1888 2752 ‘ss
