1888 3194
217 161 593 205 EDITIONIS
635 163 1403 209 DRAKENBORCHIANAE.
1457 173 1541 211 509

150 251 375 306 Corintho]
398 268 425 293 a
452 252 672 293 Corintho.
691 276 748 280 —
765 252 872 307 Cap.
903 254 963 294 18.
982 254 1243 310 fatigantes
1272 271 1405 311 saepe
1431 259 1542 300 idem

135 311 325 363 petendo
349 309 559 363 senatum]
574 310 782 364 fatigato
802 323 936 365 saepe
963 311 1071 351 idem
1091 313 1282 366 petendo
1302 320 1466 354 senatu.
1485 339 1542 344 —

145 365 252 419 Cap.
275 366 343 406 21.
367 365 410 406 in
423 366 717 420 provinciam]
742 367 786 407 in
799 367 1067 422 provincias.
1088 368 1259 410 —lbid.
1282 383 1362 411 sex
1383 370 1538 424 millia]

141 435 188 463 se
208 422 349 463 decem
370 423 518 464 millia.
534 446 592 452 —
608 423 715 477 Cap.
734 425 801 463 22.
822 425 1099 479 acceperunt]
1122 432 1337 479 ceperunt.
1355 450 1412 455 —
1427 426 1538 467 Ibid.

142 478 455 534 traductisque]
511 480 872 534 transductisque.
895 506 952 511 —
974 481 1080 535 Cap.
1132 483 1202 522 25.
1255 483 1539 537 speculatum]

140 536 370 590 speculari.
386 560 444 564 —
460 536 572 577 lbid.
594 537 761 577 ZVocum
775 537 943 591 foedus
969 538 1008 578 si
1036 539 1345 593 secumfacere
1365 540 1538 594 vellent]

142 592 193 632 Si
230 607 379 634 novum
404 593 572 648 foedus
611 609 748 635 secum
773 594 937 649 facere
976 595 1141 636 vellent.
1157 595 1332 651 —Cap.
1367 599 1438 638 526.
1475 612 1540 638 re-

140 648 312 690 dierunt
341 649 497 704 legati]
530 651 668 707 legati
699 652 930 692 redierunt.
947 676 1004 680 —-
1021 652 1126 707 Cap.
1150 654 1218 693 527.
1249 654 1304 694 ab
1331 653 1481 707 sociis]
1512 669 1540 695 a

139 706 283 747 sociis.
301 706 485 747 —Ibid.
520 714 566 748 ut
595 707 848 762 exercitum]
883 710 957 764 qui
987 710 1233 750 exercitum.
1251 735 1309 739 —
1326 710 1433 765 Cap.
1467 711 1536 752 28.

140 777 263 817 quum
295 769 456 804 tantum
491 764 642 805 bellum
678 765 914 806 immineret
945 767 1223 821 reipublicae,
1257 768 1391 808 visum
1422 767 1536 821 erat]

140 834 266 875 quum
293 827 456 861 tantum
479 821 631 862 bellum
658 823 893 871 inmineret,
917 823 1073 863 iussum
1095 830 1200 864 erat.
1219 848 1275 852 —
1293 824 1404 865 Ibid.
1430 824 1535 878 iuri]

138 876 247 918 iure.
263 901 320 906 —
337 877 449 918 [bid.
473 894 552 919 non
574 879 824 934 compotem]
849 880 984 920 minus
1005 886 1246 936 compotem.
1266 905 1323 910 ——
1339 881 1448 922 lbid.
1474 888 1539 922 est

139 933 292 987 lectus]
322 935 469 976 lectus.
490 959 544 965 —
562 936 670 990 Cap.
694 937 763 976 539.
794 951 928 991 neque
949 936 1169 979 Romanos
1191 952 1326 993 posse
1356 953 1537 993 aequum

139 990 326 1044 censere]
359 1006 495 1046 neque
517 1007 604 1047 pro
630 992 838 1034 Romanis
864 1008 911 1034 se
937 1008 1119 1049 aequum
1147 1009 1331 1036 censere.
1350 1019 1408 1024 —
1424 995 1534 1036 lbid.

137 1047 281 1101 enixe]
311 1049 679 1090 eximia—lbid.
704 1065 927 1090 mansuras
958 1065 1027 1091 res
1055 1050 1164 1104 esse]
1198 1066 1425 1093 mansuras
1452 1067 1535 1093 res.

136 1103 318 1158 —Cap.
341 1105 411 1145 30.
441 1106 576 1146 omnis
592 1106 788 1159 ferme*,
812 1112 855 1146 ut
885 1107 1008 1155 solet,
1035 1108 1334 1158 deterioribus,
1356 1115 1452 1150 erat
1479 1110 1541 1150 ad

137 1161 300 1216 regem]
325 1162 460 1202 omnis
466 1163 628 1216 ferme,
652 1169 696 1203 ut
716 1163 838 1211 solet,
863 1164 1151 1205 deterioribus
1176 1171 1271 1205 erat
1297 1166 1350 1206 ob
1379 1181 1534 1221 regem.

135 1217 320 1259 —Ibid.
343 1218 730 1274 propagationem]
755 1220 1126 1275 prorogationem.
1145 1244 1199 1251 -
1218 1221 1326 1275 Cap.
1357 1223 1426 1263 31.
1462 1224 1538 1263 du—

137 1275 232 1316 ceni
257 1275 448 1331 pedites]
487 1277 638 1317 duceni
673 1277 1053 1331 equites.—Ibid.
1090 1277 1275 1332 obvenit]
1311 1279 1539 1320 evenit.—

137 1330 243 1385 Cap.
269 1334 338 1373 52.
373 1332 636 1388 optaturum]
673 1340 1035 1390 oppugnaturum.
1055 1360 1111 1366 -—
1128 1335 1235 1390 Cap.
1261 1335 1331 1377 33.
1365 1336 1431 1376 ᾸῙ.
1451 1336 1538 1377 Po-

128 1389 287 1444 pillius
319 1390 573 1439 consularis,
609 1391 896 1445 centuriones]
936 1391 1002 1432 M.
1029 1391 1246 1446 Popillius
1282 1393 1536 1443 consularis,

137 1446 389 1496 advocatus,
413 1447 691 1488 centuriones.
709 1472 766 1476 -
785 1448 894 1489 lbid.
918 1448 1190 1504 postulante]
1210 1450 1467 1504 postulanti.
1482 1475 1540 1481 —

138 1502 244 1556 Cap.
267 1503 337 1544 34.
361 1504 405 1544 in
427 1504 605 1545 Italiam
627 1505 861 1560 reportati]
886 1506 928 1546 in
949 1505 1130 1547 Italiam
1151 1507 1333 1560 portati.
1351 1531 1408 1535 —
1424 1506 1536 1548 lbid.

142 1558 322 1614 Ordine]
379 1560 599 1602 Ordinem.
621 1585 678 1590 —
698 1562 804 1616 Cap.
855 1563 924 1603 35.
981 1563 1162 1604 remissa
1220 1563 1536 1618 appellatione]

137 1617 293 1657 omissa
315 1618 619 1671 adpellatione.
637 1642 695 1648 —-
716 1618 822 1672 Cap.
845 1620 914 1659 37.
944 1619 1024 1659 Cui
1046 1619 1229 1661 rescribi
1250 1635 1330 1660 non
1344 1621 1536 1675 placuit]

142 1673 224 1714 Cui
245 1675 427 1715 rescribi
448 1675 558 1715 nihil
568 1676 754 1730 placuit.
770 1699 826 1704 —
841 1675 947 1729 Cap.
971 1676 1040 1717 38.
1064 1691 1090 1716 a
1113 1675 1242 1730 mari]
1265 1677 1321 1717 ab
1342 1677 1465 1718 mari.
1482 1702 1539 1707 —

137 1729 250 1771 lbid.
274 1730 566 1785 escenderent]
595 1733 917 1773 adscenclerent.
935 1756 992 1760 —-
1009 1732 1121 1773 lbid.
1148 1733 1540 1788 pollicitationibus

137 1787 292 1842 regiis]
309 1789 705 1842 pollicitationibus
725 1790 856 1844 regis.
875 1812 928 1819 —
948 1789 1060 1830 lbid.
1088 1789 1226 1835 Quum
1249 1790 1437 1845 culpam]
1469 1791 1537 1838 iis,

137 1859 261 1899 quum
283 1845 464 1900 culpam.
482 1869 538 1874 —
555 1845 668 1886 lbid.
698 1861 777 1887 non
792 1846 944 1900 fuisse
965 1861 1010 1886 se
1031 1846 1280 1901 dilaturum]
1301 1848 1539 1902 nonfuisse

136 1901 377 1942 dilaturum.
396 1925 453 1932 —
473 1901 579 1956 Cap.
621 1903 688 1943 39.
731 1902 971 1958 Ilippiam]
1008 1903 1228 1959 Hippian.
1246 1927 1303 1932 —
1320 1903 1425 1958 Cap.
1468 1905 1537 1945 40.

136 1957 414 2013 Arthetauri]
457 1958 668 2000 Artetari.
692 1984 748 1988 ——
770 1959 882 2000 lbid.
930 1959 1167 2014 materiem]
1221 1961 1458 2002 materiam.
1482 1985 1539 1990 —

137 2014 245 2070 Cap.
291 2016 362 2056 41.
411 2016 686 2070 Arthetauri]
738 2016 952 2057 Artetari.
975 2040 1032 2045 —
1051 2017 1159 2070 Cap.
1211 2019 1276 2057 4⁴2.
1326 2017 1536 2071 Pteleum]

136 2071 536 2127 Python—lbid.
571 2073 762 2124 escendi]
793 2074 1013 2114 adscendi.
1033 2074 1218 2114 —lbid.
1254 2074 1318 2114 Et
1353 2074 1439 2128 his]
1476 2075 1538 2116 Et

135 2128 218 2170 hic.
232 2151 289 2158 -—
303 2129 413 2171 lbid.
438 2145 529 2171 cum
551 2131 745 2171 exercitu
766 2145 829 2172 me
850 2129 953 2184 isse]
979 2145 1068 2171 cum
1088 2131 1283 2172 exercitu
1304 2146 1366 2172 me
1373 2132 1533 2185 fnisse.

136 2183 249 2227 lbid.
273 2185 470 2241 emotum]
502 2193 718 2228 remotum.
737 2186 922 2229 ——Ibid.
954 2194 1028 2228 aut
1044 2185 1246 2242 frustra]
1278 2193 1324 2228 at
1340 2188 1536 2242 fi·ust1·a.

134 2265 193 2272 --
209 2242 316 2297 Cap.
339 2244 408 2285 43.
435 2258 525 2284 cum
550 2243 745 2298 assensu]
777 2250 863 2285 tum
893 2245 1116 2286 adsensus.
1133 2268 1190 2275 —
1208 2244 1318 2286 lbid.
1349 2244 1535 2301 legatos]

136 2299 288 2355 legati.
306 2323 364 2330 —
381 2300 492 2342 lbid.
527 2300 980 2356 praetermittendam]
1013 2301 1455 2357 praetermittendum.
1478 2326 1537 2332 ——

136 2355 249 2398 lbid.
283 2371 389 2412 quos
419 2358 571 2413 legati,
603 2357 734 2412 nullo]
772 2358 883 2413 quis,
918 2359 1071 2413 legati,
1108 2358 1235 2400 nullo.
1256 2357 1436 2414 —Cap.
1467 2360 1535 2400 44.

135 2413 302 2468 regiam
342 2413 608 2467 societatem]
646 2415 799 2456 Persei
835 2415 1098 2457 societatem.
1117 2438 1174 2444 -—
1191 2415 1300 2456 lbid.
1337 2422 1379 2457 et
1414 2430 1538 2471 sepa-

134 2470 264 2511 ratim
293 2470 497 2526 singulis]
530 2471 769 2526 separatim
797 2472 998 2526 singulis.
1015 2496 1073 2502 —-
1091 2472 1199 2526 Cap.
1223 2473 1292 2512 45.
1316 2479 1357 2514 et
1379 2473 1538 2513 circum

134 2525 319 2581 insulas]
342 2529 498 2568 circum
521 2528 698 2569 insulas.
713 2552 770 2558 --
788 2527 900 2570 lbid.
925 2529 999 2583 Sp.
1020 2528 1284 2582 Postumius]
1309 2529 1361 2570 P.
1382 2529 1538 2569 Postu-

135 2583 254 2625 mius.
273 2607 330 2614 —
348 2584 460 2626 lbid.
479 2584 658 2639 fovere]
678 2586 853 2639 sarcre.
872 2609 929 2614 —
947 2585 1058 2626 lbid.
1087 2584 1395 2641 praeparatis]
1429 2601 1538 2627 com·

126 2641 322 2695 paratis.
340 2664 398 2671 --
418 2641 528 2682 lbid.
571 2641 860 2696 orationibus]
912 2643 1167 2684 rationibus.
1190 2666 1247 2672 —-
1269 2641 1382 2683 lbid.
1411 2643 1538 2697 saci-

134 2698 306 2751 undum]
315 2698 586 2753 faciendum.
603 2723 659 2728 -
676 2700 783 2752 Cap.
807 2699 874 2739 445.
899 2699 955 2740 ab
977 2698 1208 2754 colloquio]
1239 2714 1265 2740 a
1296 2700 1533 2754 conloquio.

134 2752 320 2795 —Ibid.
342 2755 399 2796 ab
429 2756 727 2797 Thebanorum
756 2755 946 2810 iniuriis]
975 2771 1002 2796 a
1033 2756 1327 2797 Thebanorum
1348 2756 1533 2797 iniuriis.

133 2809 312 2864 —Cap.
335 2812 406 2853 47.
437 2812 692 2854 denuntiare
719 2813 850 2854 etiam
878 2813 1087 2853 interdum
1113 2828 1309 2867 pugnam
1335 2818 1375 2853 et
1399 2813 1534 2853 locum

119 2865 276 2922 finire]
308 2867 561 2910 denuntiare
594 2869 755 2917 etiam,-
788 2870 998 2911 interdum
1032 2870 1168 2910 locum
1185 2868 1532 2923 finire.--lbid.
