1888 3194
550 190 677 232 LIB.
711 187 876 230 XLIV.
922 188 1072 232 CAP.
1107 191 1172 232 17.
1481 194 1561 233 139

133 290 177 323 2‘
196 283 358 325 Romae
393 281 541 337 legatis
575 295 722 322 eorum
762 288 989 321 curaretur.
1051 278 1318 320 Vestimenta
1358 279 1560 322 militibus

166 347 178 366 ‘
193 341 246 382 ab
269 341 406 382 Roma
426 337 633 379 mittenda
653 352 769 378 esse:
803 337 924 392 equis
951 336 1146 378 ducentis
1165 336 1296 377 ferme
1325 351 1431 392 opus
1456 352 1558 386 esse,

166 404 179 423 ‘
194 397 376 438 maxime
395 395 619 437 Numidis:
642 409 722 436 nec
742 393 822 435 sibi
842 394 886 434 in
908 393 973 434 his
994 393 1096 435 locis
1116 393 1245 434 ullam
1266 393 1430 449 copiam
1447 395 1561 435 esse.’

166 452 600 502 senatusconsultum,
621 462 670 494 ut
699 467 749 493 ea
778 451 920 493 omnia
946 466 999 492 ex
1027 451 1157 492 literis
1183 450 1366 492 consulis
1396 450 1560 500 fierent,

162 512 320 553 factum
351 520 425 552 est.
491 509 541 552 C.
563 509 774 566 Sulpicius
800 517 969 566 praetor
998 523 1072 550 sex
1100 507 1231 549 millia
1259 517 1464 564 togarum,
1489 508 1562 549 tri-

161 568 282 626 ginta
321 567 573 617 tunicarum,
609 576 653 608 et
691 581 822 622 equos
862 565 1126 622 deportanda
1160 565 1206 606 in
1246 564 1559 614 Macedoniam,

162 625 490 683 praebendaque
517 624 720 666 arbitratu
747 622 931 665 consulis
957 622 1136 672 locavit3
1169 632 1213 664 et
1239 622 1387 678 legatis
1409 622 1561 679 Epiro-

163 693 301 725 tarum
331 682 554 739 pecuniam
584 697 661 738 pro
690 681 902 722 frumento
932 680 1081 730 solvit3
1114 689 1156 722 et
1187 679 1451 729 Onesimum,
1475 679 1560 737 Py-

163 740 305 782 thonis
325 740 473 790 filium,
495 739 680 781 nobilem
703 738 1000 788 Macedonem,
1022 737 1067 778 in
1091 746 1284 779 senatum
1309 736 1557 779 introduxit.

165 797 209 840 Is
242 798 357 855 pacis
392 812 558 854 semper
597 804 744 838 auctor
782 796 872 852 regi
911 795 1060 845 fuerat,
1096 804 1416 851 monueratque,
1453 794 1562 837 sicut

163 864 286 913 pater
319 855 409 896 eius
442 854 664 911 Philippus
696 854 937 895 institutum
970 867 1103 909 usque
1137 852 1190 894 ad
1223 852 1420 893 ultimum
1452 852 1561 894 vitae

134 913 280 957 zdiem
308 912 511 962 servabat,
534 911 723 968 quotidie
752 911 816 953 bis
843 910 1026 952 indicem
1048 909 1228 952 foederis
1258 909 1329 951 icti
1353 924 1449 951 eum
1473 909 1563 952 Ro-

165 970 301 1012 manis
327 969 572 1026 perlegendi
588 985 599 1019 3
632 977 680 1010 ut
706 983 805 1010 eum
834 982 1007 1018 morem,
1030 968 1064 1009 si
1091 983 1179 1009 non
1207 982 1385 1023 semper,
1414 968 1562 1009 crebro

164 1037 307 1070 tamen
329 1036 558 1083 usurparet.
606 1026 839 1082 Postquam
855 1025 1066 1066 deterrere
1088 1040 1183 1066 eum
1206 1040 1230 1066 a
1251 1024 1362 1066 bello
1383 1024 1562 1080 nequiit,

164 1085 301 1141 primo
321 1083 564 1125 subtrahere
584 1098 674 1124 sese
695 1097 772 1139 per
791 1082 891 1124 alias
910 1091 1036 1137 atque
1057 1081 1157 1123 alias
1177 1096 1334 1131 causas,
1357 1097 1410 1123 ne
1433 1082 1564 1123 inter-

164 1151 274 1184 esset
297 1141 361 1191 iis,
385 1156 494 1197 quae
522 1156 609 1182 non
636 1140 852 1196 probabat,
873 1140 1038 1195 coepit:
1071 1148 1296 1195 postremo,
1319 1154 1452 1194 quum
1473 1154 1563 1181 sus-

164 1208 335 1265 pectum
367 1213 411 1240 se
440 1213 529 1240 esse
560 1206 763 1247 cerneret,
785 1206 828 1238 et
858 1196 1109 1253 proditionis
1140 1195 1352 1237 interdum
1386 1196 1562 1238 crimine

165 1255 410 1306 insimulari,
433 1255 487 1297 ad
508 1255 725 1297 Romanos
756 1253 991 1310 transfugit,
1018 1262 1061 1295 et
1091 1268 1245 1310 magno
1277 1253 1372 1294 usui
1399 1253 1563 1294 consuli

165 1313 256 1356 fuit.
321 1313 385 1355 Ea
404 1313 670 1355 introductus
689 1313 734 1353 in
755 1312 914 1354 curiam
936 1326 1068 1368 quum
1090 1319 1372 1361 memorasset,
1395 1319 1563 1352 senatus

165 1371 211 1413 in
245 1371 468 1414 formulam
503 1371 712 1412 sociorum
748 1385 846 1411 eum
881 1369 1026 1411 referri
1061 1368 1206 1410 iussit:
1244 1368 1397 1418 locum,
1434 1367 1565 1409 lautia

165 1429 382 1486 praeberi:
430 1429 519 1486 agri
560 1427 797 1477 Tarentini,
839 1427 914 1484 qui
984 1425 1148 1468 ublicus
1187 1426 1335 1483 populi
1379 1425 1564 1467 Romani

166 1496 287 1537 esset,
309 1486 493 1528 ducenta
520 1486 665 1542 iugera
691 1485 795 1534 dari,
818 1494 861 1526 et
888 1500 935 1526 ae
970 1499 1014 1526 es
1042 1483 1219 1525 Tarenti
1246 1483 1341 1525 emi.
1406 1482 1483 1525 Uti
1515 1498 1565 1524 ea

165 1553 345 1593 curaret,
370 1543 421 1585 C.
440 1544 637 1585 Decimio
658 1543 839 1599 praetori
861 1541 1120 1583 mandatum.

228 1601 438 1643 Censores
473 1616 646 1642 censum
682 1599 830 1641 Idibus
866 1599 1188 1649 Decembribus,
1221 1598 1405 1640 severius
1435 1613 1563 1654 quam

166 1667 278 1709 ante,
300 1658 550 1700 habuerunt.
613 1657 765 1699 Multis
789 1657 889 1712 equi
916 1656 1116 1712 adempti,
1139 1656 1249 1697 inter
1273 1670 1379 1712 quos
1403 1655 1451 1697 P.
1473 1655 1565 1696 Ru-

168 1715 271 1766 tilio,
308 1716 381 1772 qui
419 1715 611 1756 tribunus
645 1714 780 1771 plebis
815 1729 886 1755 eos
921 1713 1127 1755 violenter
1166 1723 1403 1754 accusarat:
1452 1713 1564 1754 tribu

167 1789 338 1830 quoque
374 1774 409 1814 is
444 1781 594 1822 motus,
628 1781 670 1814 et
707 1771 888 1813 aerarius
919 1771 1065 1812 faetus.
1129 1770 1200 1811 Ad
1235 1785 1362 1826 opera
1397 1769 1566 1826 publica

166 1831 362 1873 facienda
381 1845 514 1887 quum
534 1830 585 1871 iis
605 1829 830 1870 dimidium
851 1844 904 1870 cx
925 1827 1197 1885 vectigalibus
1217 1828 1307 1869 eius
1327 1827 1427 1868 anni
1448 1827 1565 1868 attri-

167 1889 319 1931 butum
346 1903 400 1930 ex
427 1886 789 1929 senatusconsulto
816 1901 841 1927 a
869 1885 1160 1942 quaestoribus
1184 1894 1317 1933 esset3
1351 1884 1418 1926 Ti.
1446 1884 1566 1926 Sem-

166 1945 341 2003 pronius
373 1960 426 1987 ex
459 1960 510 1986 ea
539 1944 733 2000 pecunia,
787 1959 864 1984 uae
892 1943 971 2000 ipsi
1005 1943 1205 1984 attributa
1236 1951 1337 1991 erat,
1360 1941 1484 1983 aedes
1515 1942 1562 1983 P.

134 2003 359 2051 4Africani
390 2017 501 2059 pone
530 2001 708 2043 Veteres
738 1959 792 2042 atil
820 2000 1049 2042 Vortumni
1079 2000 1260 2056 signum,
1292 1998 1565 2055 lanienasque

135 2070 212 2109 set
250 2061 444 2102 tabernas
483 2059 730 2101 coniunctas
771 2058 813 2099 in
855 2057 1071 2114 publicum
1113 2057 1229 2106 emit,
1267 2056 1564 2113 basilicamque

167 2117 402 2160 faciendam
424 2117 597 2166 curavit,
620 2131 728 2172 quae
750 2125 895 2172 postea
918 2114 1168 2171 Sempronia
1187 2114 1396 2170 appellata
1416 2122 1490 2155 est.

225 2174 316 2217 Iam
338 2175 382 2216 in
403 2175 522 2217 exitu
543 2189 677 2216 annus
698 2183 800 2222 erat,
823 2182 866 2214 et
894 2182 1065 2237 propter
1086 2171 1355 2214 Macedonici
1383 2171 1564 2212 maxime

167 2232 266 2275 belli
306 2247 449 2274 curam
490 2233 535 2273 in
574 2231 836 2273 sermonibus
876 2230 1069 2271 hommes
1109 2230 1334 2279 habebant,
1375 2243 1481 2285 quos
1521 2229 1565 2269 in

166 2305 326 2332 annum
348 2289 539 2332 consules
565 2289 618 2330 ad
641 2288 876 2330 finiendum
905 2287 1074 2329 tandem
1104 2287 1148 2328 id
1177 2287 1333 2328 bellum
1363 2296 1563 2327 crearent.

169 2347 318 2404 Itaque
341 2346 748 2389 senatusconsultum
770 2346 927 2386 factum
949 2354 1024 2395 est,
1043 2355 1091 2386 ut
1114 2344 1194 2386 Cn.
1215 2344 1414 2386 Servilius
1430 2344 1567 2400 primo

168 2421 339 2462 quoque
377 2415 564 2461 tempore
602 2404 655 2444 ad
691 2403 861 2445 comitia
901 2402 1096 2444 habenda
1130 2402 1302 2443 veniret.
1369 2401 1567 2443 Senatus-

135 2462 408 2508 6consultum
448 2461 657 2519 Sulpicius
694 2471 860 2517 praetor
894 2460 947 2502 ad
984 2459 1199 2501 consulem
1232 2460 1253 2480 '¹‘
1286 2469 1379 2515 post
1412 2474 1567 2515 paucos

216 2575 231 2596 2
256 2566 457 2604 furaretur]
484 2565 678 2595 solveretur.
720 2566 846 2594 Curare
890 2563 1052 2601 gontarius
1072 2573 1172 2592 novas
1192 2562 1396 2592 aedificatam
1419 2571 1505 2600 supr.
1524 2560 1567 2590 xl.

168 2610 339 2648 pecuniam
375 2609 461 2647 apud
493 2608 683 2637 (¹1'ceronem
719 2606 847 2645 saepius
892 2615 942 2644 51.
962 2605 1107 2643 legimus.
1131 2605 1170 2636 cf.
1188 2615 1273 2644 supr.
1293 2603 1378 2634 xxvi.
1398 2612 1445 2642 27.

173 2651 296 2689 legitur.
318 2651 358 2682 cs.
383 2651 444 2690 Ep.
467 2651 507 2680 ad
532 2651 599 2685 Qu.
622 2649 674 2680 Fr.
698 2649 729 2680 ii.
753 2661 780 2686 4.
804 2649 845 2679 ad
934 2647 953 2677 6
976 2649 1142 2687 Sulpicius
1169 2647 1317 2686 μηνίων]
1360 2646 1469 2676 Foede
1500 2654 1567 2673 cor-

172 2695 240 2724 Au.
260 2693 310 2724 vii.
329 2702 357 2731 3.
894 2696 1024 2730 ruptum
1050 2696 1081 2720 ct
1106 2690 1258 2720 asterisco
1281 2689 1457 2719 notandum
1481 2687 1566 2717 huuc

215 2745 232 2774 ,3
258 2737 406 2773 Quotidie
422 2737 468 2765 btv
485 2736 637 2773 indit-cm]
661 2734 756 2770 Vulg.
774 2745 846 2774 quo·
895 2735 1001 2763 locum
1019 2737 1150 2762 consent
1164 2732 1312 2771 Sigonius
1328 2735 1359 2761 et
1373 2729 1567 2763 (ii-numius,

172 2780 248 2809 tinne
263 2779 308 2808 bis
326 2780 359 2808 in
376 2779 438 2814 die,
454 2778 538 2817 quod
561 2779 657 2816 pinne
675 2783 776 2807 vacat.
894 2776 947 2805 sual
977 2776 1016 2805 (le
1044 2774 1308 2814 interpretatiom·
1333 2773 1401 2803 cius
1428 2773 1509 2802 inu-r
1534 2782 1567 2800 sc

216 2832 233 2858 4
259 2822 348 2851 l'mu·
388 2821 530 2858 Veteres]
579 2821 655 2850 Sul».
688 2820 847 2853 tadu-rnna,
892 2818 1085 2858 ‹list-repunt.
1136 2817 1293 2856 Equidem
1325 2816 1354 2845 iu
1383 2819 1472 2844 tantu
1502 2824 1563 2841 wr-

174 2873 245 2892 num
268 2869 302 2892 ut
320 2874 432 2897 novar,
450 2864 493 2893 itu
512 2868 630 2893 wlfr-¹⁸
655 2862 684 2892 iu
711 2863 777 2891 sum
801 2867 845 2891 m-
895 2862 1005 2890 borum
1039 2859 1148 2899 inopia
1176 2860 1254 2889 nihil
1283 2860 1323 2888 «10
1350 2868 1442 2887 sensu
1472 2857 1567 2884 buius

174 2906 291 2935 hernae
306 2911 407 2936 erant.
431 2906 471 2936 cf.
488 2916 574 2944 supr.
594 2905 678 2935 xxvi.
699 2913 747 2942 27.
895 2903 954 2932 loci
983 2913 1039 2942 pro
1064 2907 1152 2933 certo
1178 2901 1403 2932 affirmandum
1429 2910 1496 2929 ezec
1519 2907 1565 2927 nr-

217 2955 232 2984 5
252 2948 505 2989 Basilio-umque]
526 2947 698 2978 Basilicam
718 2952 787 2986 post
801 2957 847 2977 nr-
895 2946 1001 2976 bitror.

1576 285 1619 316 U.
1636 284 1676 316 C.
1698 285 1771 325 583.

1577 329 1614 359 A.
1638 328 1677 359 C.
1703 327 1771 368 169.

1573 692 1718 724 Onesimi

1574 736 1765 783 Macedonis

1574 788 1728 819 praemla.

1577 1611 1712 1644 Census.

1646 2174 1710 2215 17.
