1888 3194
665 184 1091 228 KREYSSIGII.
1495 195 1574 234 381

181 290 317 348 iisque
342 290 595 349 gravissimis
621 305 844 347 operarum
875 291 1058 348 peccatis
1079 290 1311 333 deformata
1334 301 1410 343 est,
1433 294 1477 336 in
1505 311 1580 338 sua

181 357 425 400 adornanda
465 365 666 399 uteretur.
744 357 876 407 Quod
919 373 1053 415 quum
1098 357 1168 399 ille
1214 359 1416 415 epistolae
1460 376 1579 405 meae

181 425 434 483 respondere
461 424 716 482 dedignatus
743 426 886 468 nescio
913 441 1043 483 quam
1071 427 1125 468 ob
1146 442 1315 469 causam
1341 428 1478 472 facere
1503 446 1580 473 no-

180 493 340 544 luisset,
371 493 447 535 sed
483 502 649 536 textum
681 495 794 536 vitiis
830 495 1081 552 turpissimis
1115 495 1386 552 inquinatum
1418 513 1473 540 ex
1501 498 1581 541 Er·

179 561 372 604 nestiana
391 561 463 603 illa
485 562 599 604 Livii
627 563 813 605 editione
841 563 1021 605 describi
1049 563 1245 614 iussisset,
1268 564 1340 606 vix
1360 580 1408 607 ac
1433 581 1487 608 ne
1509 567 1581 609 vix

179 629 354 686 quidem
388 631 528 687 potuit
560 631 769 688 impediri,
800 647 885 688 quo
918 632 1058 674 minus
1090 647 1144 674 ex
1171 634 1437 689 contagione,
1465 635 1582 678 velut

179 698 308 749 tabes,
322 698 366 740 in
382 698 699 741 Berolinensem
714 715 885 756 quoque
903 700 1015 742 Livii
1029 699 1259 742 editionem
1274 701 1318 743 id
1331 703 1582 759 pervaderet

178 772 348 814 malum.
412 772 632 814 Bekkerus
652 773 780 823 enim,
803 781 1096 830 praeterquam
1117 773 1233 830 quod
1255 774 1350 817 Lib.
1375 776 1578 819 XXXII.

179 842 249 883 39.
268 842 346 897 agi
364 847 556 896 coeptum
577 848 640 883 est
654 856 729 897 pro
744 848 939 897 coeptum
961 843 1038 898 agi
1060 848 1135 891 est,
1151 840 1247 883 Lib.
1265 843 1492 886 XXXIII.
1509 846 1578 887 27.

179 910 377 952 denarios
395 923 472 964 pro
489 911 722 959 denarium,
741 909 841 951 ibid.
861 925 933 952 eos
949 925 1042 952 esse
1064 911 1279 961 credebat,
1302 926 1379 967 pro
1395 927 1468 954 eos
1489 928 1582 955 ere-

179 978 324 1027 debat,
353 991 444 1032 cap.
468 979 537 1018 34.
567 983 609 1018 et
631 978 830 1033 Dolopes
858 979 986 1019 liberi
1015 992 1180 1033 quoque
1201 981 1477 1034 pronuntiati
1504 994 1580 1037 pro

178 1052 221 1087 et
240 1045 437 1100 Dolopes
458 1059 626 1100 quoque
647 1045 775 1086 liberi
793 1046 1083 1100 pronuntiati,
1113 1060 1204 1101 cap.
1227 1049 1297 1087 41.
1322 1054 1483 1089 tantum
1502 1063 1579 1104 pro

178 1113 315 1161 modo,
353 1120 395 1152 et
431 1110 527 1152 Lib.
566 1112 767 1153 XXXV.
806 1115 874 1153 20.
915 1113 1099 1168 quinque
1131 1114 1252 1155 milia
1276 1116 1470 1170 peditum
1502 1131 1579 1172 pro

178 1180 421 1235 quindecim
443 1179 563 1220 milia
579 1180 773 1234 peditum
795 1178 897 1220 falso
924 1179 1101 1220 retinuit
1128 1188 1254 1236 atque
1285 1181 1381 1223 Lib.
1406 1183 1578 1227 XLIV.

178 1250 248 1290 29.
270 1246 520 1288 vacabulum
554 1248 638 1288 loci
665 1255 708 1287 ct
738 1246 835 1289 Lib.
859 1247 1006 1289 XLV.
1036 1251 1102 1288 10.
1133 1248 1383 1290 vocabulum
1413 1266 1581 1307 quoque

179 1325 335 1357 temere
369 1315 521 1364 omisit,
558 1314 654 1356 Lib.
680 1315 737 1356 X.
766 1318 803 1356 1.
843 1315 1022 1357 stlarcio
1053 1330 1129 1371 pro
1162 1317 1348 1367 Alarce‘s,
1381 1332 1473 1374 cap.
1505 1322 1578 1362 44.

177 1386 337 1426 ducunt
357 1399 434 1441 pro
456 1385 650 1440 legiones
672 1385 841 1434 ducunt,
866 1384 963 1425 Lib.
990 1384 1121 1426 XXI.
1140 1386 1210 1426 56.
1234 1392 1275 1427 et
1297 1387 1484 1429 iumenta
1504 1402 1581 1444 pro

179 1459 221 1494 et
241 1454 429 1494 homines
450 1453 602 1494 multos
622 1458 664 1493 et
686 1453 884 1501 iumenta,
911 1466 1003 1508 cap.
1029 1454 1098 1493 61.
1122 1454 1341 1494 duodecim
1363 1455 1482 1497 milia
1504 1470 1581 1512 pro

178 1522 241 1562 ad
268 1521 489 1561 duodecim
520 1520 656 1570 milia,
691 1519 788 1561 Lib.
815 1520 969 1561 XXII.
996 1523 1060 1561 12.
1095 1521 1138 1561 in
1171 1528 1400 1577 conspeetu
1431 1538 1507 1578 pro
1538 1525 1582 1566 in

180 1594 409 1644 conspectu
435 1588 630 1637 hostium,
653 1602 744 1643 cap.
768 1590 837 1629 20.
862 1588 1073 1644 profecti,
1097 1588 1213 1643 quod
1238 1603 1291 1629 ex
1316 1588 1382 1632 ed.
1409 1590 1512 1633 Ern.
1537 1593 1581 1633 in

180 1655 280 1696 alias
308 1664 371 1696 est
401 1664 693 1712 propagatum,
715 1670 791 1711 pro
817 1657 1027 1711 provecti,
1050 1671 1139 1712 cap.
1165 1660 1234 1698 31.
1259 1673 1336 1699 nec
1363 1659 1430 1700 illi
1459 1666 1580 1701 terra

179 1738 256 1780 pro
283 1739 417 1779 neque
448 1725 514 1765 illi
542 1730 676 1773 terra,
709 1738 798 1779 cap.
823 1725 892 1764 53.
927 1725 987 1764 ad
1015 1740 1158 1779 regem
1186 1726 1385 1781 aliquem,
1412 1726 1465 1768 de
1494 1742 1580 1784 quo

179 1791 275 1833 vide
298 1790 439 1832 Vann.
470 1791 561 1832 crit.
592 1806 631 1847 p.
656 1794 725 1832 58.
755 1791 827 1831 ubi
861 1790 987 1831 huius
1020 1790 1211 1833 lectionis
1244 1793 1473 1836 vanitatem
1505 1810 1580 1837 ex-

179 1859 298 1916 plosi,
321 1874 398 1916 pro
419 1861 479 1901 acl
500 1875 650 1915 regum
675 1861 875 1915 aliquem,
903 1859 998 1901 Lib.
1025 1860 1202 1903 XXIII.
1230 1864 1294 1902 ll.
1318 1864 1581 1919 recipiendis

177 1929 438 1976 civilatibus,
460 1941 535 1982 pro
558 1928 601 1968 ἱιι
624 1928 885 1983 recipiendis
912 1929 1160 1970 civitatibus
1181 1944 1269 1985 cap.
1295 1933 1363 1972 35.
1396 1932 1443 1972 T.
1463 1932 1581 1973 Sem-

173 1996 370 2052 pronius,
393 1994 509 2051 quod
536 1994 619 2035 iam
647 1994 691 2035 in
713 1994 778 2035 ed.
811 1993 913 2036 Ern.
938 1995 1156 2051 reperitur,
1179 2011 1256 2052 pro
1286 1999 1327 2039 T
1323 1999 1351 2039 i.
1380 1999 1581 2055 Sempro-

177 2064 286 2113 nius,
328 2078 417 2119 cap.
450 2066 521 2104 44.
556 2063 713 2113 educit,
743 2062 859 2118 quod
892 2077 945 2103 ex
973 2063 1039 2104 cd.
1080 2063 1398 2107 Drakenborch.
1434 2067 1478 2107 in
1511 2067 1577 2108 cd.

179 2130 280 2172 Em.
311 2130 557 2172 translatum
588 2138 664 2179 est,
687 2145 763 2186 pro
785 2132 950 2181 eduxit,
973 2131 1089 2188 quod
1121 2132 1201 2174 iam
1223 2143 1320 2175 ante
1346 2134 1580 2176 Strothium

178 2198 375 2240 Millerus
408 2209 451 2241 et
493 2198 822 2241 Ruddimannus
861 2201 1148 2252 restituerunt,
1195 2202 1290 2246 Lib.
1329 2204 1503 2246 XXIV.
1539 2207 1577 2247 5.

179 2269 258 2316 ita,
280 2267 396 2324 quod
427 2283 480 2308 cx
511 2267 578 2310 ed.
604 2267 704 2309 Ern.
729 2268 773 2309 in
795 2268 895 2310 alias
923 2280 1200 2327 propagatum
1223 2281 1298 2322 cst,
1322 2287 1397 2329 pro
1419 2274 1578 2330 itaque,

176 2350 266 2392 cap.
292 2339 352 2377 14.
386 2336 433 2377 Τ.
456 2336 697 2386 Gracc-leus,
715 2336 831 2393 quod
852 2337 935 2379 iam
957 2339 1000 2379 in
1022 2339 1090 2381 ed.
1113 2339 1212 2381 ΕΠ).
1234 2339 1398 2397 legitur,
1413 2356 1489 2397 pro
1512 2342 1577 2383 Ti.

182 2404 424 2453 Gracchus,
459 2419 547 2460 cap.
583 2407 650 2445 36.
686 2412 839 2447 nactus
866 2421 942 2462 pro
968 2414 1120 2449 nactus
1148 2424 1234 2459 eos,
1269 2424 1358 2465 cap.
1381 2411 1450 2452 47.
1476 2410 1580 2451 Ma-

176 2478 295 2514 tutae
315 2487 391 2528 pro
414 2473 564 2513 matri-s·
587 2472 805 2522 Alaudae,
832 2473 925 2514 Lib.
952 2475 1103 2517 XXV.
1128 2478 1194 2516 23.
1219 2478 1281 2517 acl
1303 2492 1390 2518 rem
1415 2484 1580 2519 tantam

176 2554 254 2596 pro
282 2542 343 2582 ad
362 2556 448 2582 rem
470 2546 634 2582 tantam
656 2542 868 2596 agendam
892 2544 1227 2599 audendamque,
1256 2544 1350 2586 Lib.
1377 2546 1577 2588 XXXII.

178 2611 249 2650 34.
279 2625 355 2651 nec
381 2624 463 2665 ego
491 2623 566 2665 pro
595 2625 730 2665 neque
758 2626 853 2664 ego,
885 2610 980 2652 Lib.
1018 2612 1239 2654 XXXIV.
1274 2616 1342 2654 45.
1385 2615 1432 2656 Τ.
1464 2615 1580 2656 Som-

172 2678 368 2731 pronius,
402 2677 518 2732 quod
561 2692 615 2718 cx
658 2677 723 2718 ed.
757 2677 857 2719 Ern.
888 2678 930 2719 in
963 2678 1063 2720 alias
1091 2688 1153 2721 cst
1185 2691 1475 2738 propagatum,
1504 2698 1579 2739 pro

186 2744 252 2785 Ti.
283 2746 574 2800 Sempronius,
602 2745 696 2786 Lib.
735 2746 933 2787 XXXV.
968 2751 1038 2789 48.
1062 2750 1320 2804 exprobans,
1353 2751 1468 2806 quod
1497 2751 1578 2792 iam

179 2810 222 2850 in
250 2810 315 2852 ed.
349 2811 449 2854 Ern.
475 2813 693 2869 reperitur,
721 2828 796 2869 pro
824 2817 1109 2870 e.1·sn·obran.s·‚
1144 2816 1236 2858 Lib.
1272 2819 1494 2861 XXXVI.
1538 2823 1575 2860 3.

178 2878 236 2919 ab
259 2879 359 2922 urbe
382 2880 592 2929 Romana,
616 2880 731 2936 quod
764 2881 909 2923 itidem
940 2883 981 2923 in
1011 2883 1076 2925 cd.
1105 2883 1204 2927 ΕΠ).
1232 2885 1395 2941 legitur,
1420 2901 1493 2941 pro
1521 2888 1577 2928 ab
