1888 3194
526 227 652 269 LIB.
686 226 852 269 XLIV.
896 226 1044 269 CAP.
1078 231 1146 270 39.
1460 233 1537 272 163

107 333 129 365 9
143 321 156 340 6
170 326 213 359 et
233 318 428 359 adversus
449 332 525 359 nos
545 318 712 360 fuerint.
775 318 866 360 Iam
891 317 1080 359 omnium
1109 317 1305 373 primum,
1327 327 1533 373 quantum
1551 332 1592 363 υ,
1610 333 1647 365 C.
1670 334 1742 372 534,

142 378 345 416 ⁶numero
372 389 448 416 nos
477 384 703 431 pr,aestent
726 376 938 416 neminem
967 383 1153 415 vestrum
1180 389 1259 415 nec
1287 383 1385 415 ante
1413 375 1585 431 igno-A·
1610 377 1648 408 C·
1674 377 1742 408 ¹68-

141 435 154 454 ⁶
168 446 291 481 rasse,
313 439 355 473 et
375 431 573 473 hesterno
593 432 661 474 die
683 432 935 489 explicatam
956 432 1170 472 intuentes
1191 431 1323 472 aciem
1345 409 1534 473 animad-

141 488 349 538 ‘vertisse,
372 498 534 530 certum
564 489 711 532 habeo.
776 489 843 530 Ex
873 489 952 530 hac
982 497 1122 530 nostra
1149 488 1358 544 paucitate
1386 500 1534 544 quarta

141 549 262 624 ‘pars
301 545 483 586 militum
523 547 732 602 praesidio
767 545 1081 602 impedimentis
1116 545 1263 587 relicta
1296 554 1410 587 erat:
1453 561 1532 587 nec

141 602 480 667 ‘ignavissimum
503 618 716 660 quemque
738 603 920 659 relinqui
948 602 1003 643 ad
1023 602 1255 644 custodiam
1277 603 1531 644 sarcinarum

141 659 290 700 ‘scitis
357 658 442 700 Sed
473 660 675 701 fuerimus
710 675 881 702 omnes:
921 674 1094 716 parvum
1128 659 1208 700 hoc
1241 659 1411 701 tandem
1443 675 1530 701 esse

139 715 388 766 ‘credimus,
412 717 527 773 quod
558 733 611 758 ex
639 717 703 759 his
730 718 887 767 castris,
909 717 954 758 in
975 717 1128 773 quibus
1154 716 1232 757 hac
1261 726 1384 758 nocte
1413 732 1531 758 man-

109 795 121 816 1
139 773 306 823 ‘simus,
329 774 484 815 exituri
516 775 560 815 in
593 776 724 816 aciem
759 774 965 816 hodierno
998 783 1069 815 aut
1103 789 1315 815 summum
1350 775 1531 816 crastino

138 834 150 852 ⁶
165 830 248 895 die,
266 831 300 871 si
321 831 379 872 ita
395 831 618 881 videbitur,
637 832 717 873 diis
737 832 844 874 bene
867 831 1119 881 iuvantibus,
1138 832 1312 872 sumus?
1353 831 1530 873 Nihilne

137 887 351 938 ‘interest,
384 898 523 930 utrum
557 889 748 938 militem,
780 904 908 953 quem
943 904 1082 944 neque
1114 888 1204 929 viae
1237 888 1354 929 labor
1387 888 1528 938 hodie,

138 948 305 1001 ‘neque
334 946 470 1002 operis
497 946 743 1002 fatigaverit,
767 946 1019 1002 requietum,
1042 946 1252 1004 integrum
1278 946 1322 986 in
1349 946 1530 987 tentorio

138 1005 241 1043 ‘suo
269 1017 384 1043 arma
414 1017 561 1059 capere
572 978 747 1052 Ciubeas,
780 1013 906 1058 atque
938 1003 983 1043 in
1010 1001 1142 1043 aciem
1131 980 1343 1058 ”plenum
1364 1003 1529 1052 virium,

138 1059 378 1114 ‘vigentem
409 1068 452 1100 et
477 1074 649 1115 corpore
678 1069 721 1100 et
753 1060 893 1100 animo
921 1059 1106 1100 educas?
1136 1074 1189 1100 an
1222 1059 1348 1115 longo
1381 1060 1530 1101 itinere

137 1120 149 1138 ‘
163 1115 397 1181 fatigatum,
420 1124 463 1157 et
493 1131 618 1172 opere
646 1116 813 1165 fessum,
837 1116 1078 1157 madentem
1099 1115 1264 1165 sudore,
1287 1116 1531 1158 ardentibus

137 1173 232 1214 ‘siti
262 1172 464 1222 faucibus,
497 1188 567 1215 ore
600 1182 726 1229 atque
761 1172 892 1214 oculis
925 1173 1094 1229 repletis
1126 1172 1312 1228 pulvere,
1346 1182 1529 1214 torrente

137 1229 397 1271 ‘meridiano
425 1230 524 1280 sole,
550 1230 660 1272 hosti
688 1231 859 1272 obiicias
889 1230 1062 1279 recenti,
1084 1230 1289 1285 requieto,
1312 1230 1385 1285 qui
1416 1230 1532 1271 nulla

136 1291 149 1310 ⁶
163 1302 208 1329 re
230 1296 326 1329 ante
349 1296 616 1375 consumptas
637 1288 744 1329 vires
765 1287 818 1328 ad
839 1287 1046 1343 proelium
1067 1287 1258 1328 adferat?
1312 1287 1431 1337 Quis,
1454 1302 1531 1343 pro

137 1349 150 1367 ⁶
164 1344 292 1386 deum
313 1344 466 1386 fidem.
494 1345 553 1386 ita
572 1354 849 1401 comparatus,
872 1344 969 1385 vel
958 1359 1070 1385 mers
1091 1353 1217 1400 atque
1239 1344 1431 1395 imbellis,
1448 1345 1532 1386 for-

137 1402 370 1443 ‘tissimum
405 1402 541 1443 virum
577 1418 663 1444 non
698 1402 878 1443 vicerit?
942 1401 1093 1450 Quid?
1136 1401 1251 1458 quod
1287 1401 1426 1443 hostes
1455 1417 1532 1458 per

136 1463 150 1482 ⁶
164 1474 376 1500 summum
397 1460 531 1500 otium
553 1460 838 1501 instruxerant
865 1459 1011 1508 aciem,
1034 1468 1327 1515 reparaverant
1355 1460 1529 1509 animos,

137 1517 330 1558 ‘stabant
369 1517 589 1573 compositi
629 1517 714 1558 suis
754 1517 932 1573 quisque
975 1516 1225 1558 ordinibus?
1268 1517 1388 1559 nobis
1429 1526 1530 1558 tunc

136 1579 338 1654 ‘repente
370 1574 705 1630 trepidandum
695 1589 739 1614 m
773 1574 861 1616 acie
894 1574 1140 1615 instruenda
1169 1583 1269 1624 erat,
1296 1586 1339 1616 et
1369 1575 1530 1618 incom-

103 1650 121 1671 α
138 1631 311 1687 ‘positis
342 1631 712 1673 concurrendum?
774 1631 846 1680 At,
880 1631 1064 1680 hercule,
1093 1631 1226 1673 aciem
1259 1633 1432 1689 quidem
1463 1634 1528 1674 in·
1607 1643 1675 1682 39,

136 1688 375 1729 ‘conditam
418 1688 781 1744 inordinatamque
817 1688 1130 1730 habuissemus:
1179 1699 1312 1731 castra
1352 1691 1527 1740 munita,

136 1746 370 1802 ‘provisam
403 1761 427 1786 a
461 1747 685 1795 uafionem,
709 1756 847 1786 tutum
881 1745 934 1787 ad
967 1761 1058 1788 eam
1093 1747 1172 1788 iter
1205 1747 1422 1803 praesidiis
1453 1748 1530 1788 im-

136 1803 320 1859 ‘positis-³,
358 1762 574 1859 explorata
603 1804 713 1845 circa
745 1804 912 1869 omnia3
953 1820 1006 1845 au
1038 1804 1143 1845 nihil
1171 1805 1302 1846 nostri
1329 1805 1531 1846 habentes

136 1866 329 1916 ‘praeter
358 1860 520 1901 nudum
552 1876 761 1916 campum,
784 1861 826 1902 in
856 1877 941 1917 quo
971 1863 1285 1917 pugnaremus?
1346 1861 1531 1904 Maimes

137 1917 289 1959 ‘vestri
325 1927 458 1959 castra
494 1918 657 1959 munita
692 1928 859 1975 portum
897 1919 950 1959 ad
987 1934 1132 1960 omnes
1167 1934 1286 1960 casus
1321 1920 1530 1960 exeicitus

137 1980 148 1999 ‘
163 1974 375 2017 ducebant
395 1989 507 2017 esse:
541 1975 653 2017 unde
676 1976 728 2016 ad
751 1991 936 2032 pugnam
958 1976 1137 2025 exirent,
1155 1991 1240 2032 quo
1263 1976 1403 2017 iactati
1425 1986 1531 2018 tem-

136 2037 325 2089 ‘pestate
357 2048 525 2089 pugnae
557 2042 773 2090 receptum
805 2033 1021 2075 haberent.
1085 2032 1201 2083 Ideo,
1228 2048 1360 2090 quum
1392 2034 1530 2075 muni-

136 2095 148 2114 ⁶
164 2090 316 2131 mentis
340 2105 391 2132 ea
393 2091 676 2156 saepsissent,
699 2090 908 2147 praesidio
929 2105 1099 2147 quoque
1120 2090 1259 2132 valido
1280 2091 1529 2141 firmabant3

137 2147 293 2212 ‘quod,
331 2148 404 2204 qui
445 2148 588 2190 castris
629 2156 781 2189 exutus
821 2157 921 2197 erat,
965 2148 1128 2189 etiamsi
1168 2148 1398 2213 pugnando
1441 2149 1530 2191 acie

137 2205 342 2255 ‘vicisset,
366 2221 442 2271 pro
463 2206 574 2246 victo
606 2205 840 2246 haberetur.
906 2204 1056 2246 Castra
1085 2215 1184 2246 sunt
1211 2206 1358 2247 victori
1387 2221 1531 2263 recep-

136 2267 148 2286 ‘
165 2262 362 2312 taculum,
385 2263 496 2304 victo
517 2262 765 2319 perfugium.
831 2261 972 2311 Quam
995 2262 1116 2304 multi
1138 2263 1360 2312 exercitus,
1378 2264 1532 2320 quibus

137 2319 304 2361 ‘minus
336 2335 534 2376 prospera
566 2335 731 2376 pugnae
764 2319 933 2361 fortuna
964 2320 1056 2369 fuit,
1089 2320 1199 2362 intra
1230 2320 1385 2362 vallum
1417 2336 1532 2363 com-

103 2382 149 2423 3‘
195 2376 286 2427 ulsi,
321 2386 508 2442 tempore
545 2392 633 2426 ειιο,
671 2376 882 2418 interdum
919 2386 1134 2419 momento
1170 2386 1275 2433 post,
1309 2379 1530 2434 eruptione

138 2391 285 2484 ‘licta
327 2434 528 2476 victorem
568 2434 730 2475 hostem
771 2434 1059 2491 pepulerunt?
1119 2434 1262 2476 Patria
1301 2435 1430 2477 altera
1470 2445 1533 2478 est

179 2560 199 2590 9
223 2551 389 2587 Quantum
407 2560 539 2579 numero
555 2560 610 2578 nos
624 2549 808 2589 praestent]
901 2558 917 2578 2
942 2550 998 2583 At.
1013 2549 1155 2585 hercule,
1171 2549 1288 2587 aciem]
1324 2548 1446 2580 obiicit
1473 2548 1531 2579 sibi

139 2591 273 2624 Perseus
313 2591 613 2632 undequadraginta
654 2591 811 2631 peditum,
858 2591 1036 2622 Aemilius:
1062 2595 1095 2621 nt
1119 2590 1250 2621 hercule
1273 2590 1375 2622 aciem
1400 2590 1530 2631 quidem

137 2639 290 2674 quattuor
310 2635 455 2673 equitum
478 2633 580 2664 millia
601 2633 749 2664 habuisse
765 2633 810 2663 di·
857 2633 1071 2663 inordinatam
1094 2637 1192 2672 atque
1213 2633 1459 2672 incompositam
1477 2633 1531 2663 lm-

138 2676 221 2708 citur
240 2687 329 2716 supr.
348 2676 415 2707 xlii.
433 2684 483 2714 51.
530 2676 671 2707 Aemilio
692 2676 810 2706 duode-
857 2676 1046 2713 buissemus,
1062 2676 1116 2706 sed
1138 2680 1245 2707 cetera
1266 2676 1389 2715 egregie
1409 2680 1532 2715 parata.

137 2718 267 2759 triginta
284 2719 442 2759 peditum,
457 2719 522 2748 duo
538 2719 681 2758 equitum
707 2718 810 2748 milliu
857 2718 886 2748 id
904 2722 963 2754 eat,
979 2723 1082 2748 cantra
1097 2718 1234 2754 munim,
1252 2718 1411 2757 pruvinum
1434 2728 1530 2757 nqua-

138 2771 178 2792 ex
190 2761 369 2801 legionibus
381 2760 539 2792 Romania
551 2765 583 2791 et
595 2760 704 2791 sociali
721 2770 809 2791 exer·
856 2761 975 2790 tionem
993 2784 999 2791 .
1018 2785 1024 2791 .
1043 2785 1049 2791 .
1067 2784 1074 2791 .
1099 2760 1185 2791 Tum
1217 2760 1388 2799 respondet
1404 2771 1410 2791 z
1444 2760 1532 2790 itane

138 2803 218 2840 citu,
233 2814 358 2834 necnon
383 2802 504 2833 niixilia
530 2803 631 2834 Attali
656 2808 687 2833 et
713 2803 810 2833 Minn-
858 2803 957 2842 parati
976 2802 1254 2837 concurrissemus
1270 2813 1310 2832 an
1329 2802 1435 2841 potius
1451 2801 1530 2831 nihil

138 2845 228 2883 genia
242 2845 328 2876 haud
346 2855 462 2885 magna
473 2851 574 2877 erant.
591 2846 631 2876 cf.
644 2855 730 2885 supr.
745 2845 810 2876 xlii.
857 2845 953 2875 nostri
972 2845 1137 2880 habentes,
1155 2849 1281 2884 praeter
1302 2846 1424 2874 nudum
1447 2853 1530 2873 cum-

140 2895 189 2925 31.
207 2891 238 2917 et
254 2897 340 2927 supr.
359 2897 408 2918 αι.
860 2898 950 2928 pum,
967 2887 997 2917 in
1014 2898 1078 2927 quo
1095 2896 1319 2927 pugnaremus.
1344 2888 1452 2917 Cum.

187 2938 196 2959 ι
225 2929 480 2969 Auemmmum]
508 2931 556 2961 ΛιΙ
574 2940 748 2961 nummum.
773 2931 920 2967 0113
948 2931 1098 2969 Tempore
1113 2930 1188 2967 mo]
1215 2930 1410 2968 opportuno
1427 2926 1494 2957 nihi

139 2981 226 3011 supr.
246 2980 342 3001 xxxV.
361 2979 410 3008 35.

1223 3019 1283 3052 Μ
1276 3043 1297 3052 ..
