1888 3194
459 175 972 219 FRAGMENTUM
1018 176 1143 218 LIB.
1189 176 1313 218 XCI.
1505 183 1587 220 305

190 281 288 309 vero
328 266 490 308 tamdiu
530 264 779 314 obtundere,
821 264 1008 321 fatigare,
1050 280 1199 321 urgere
1242 265 1458 306 hominem
1502 282 1585 308 nou

188 324 344 374 destiti,
366 322 507 380 quoad
527 322 713 378 denique
734 322 903 378 pervici.
957 321 1107 378 Itaque
1129 337 1214 363 non
1237 322 1379 363 multis
1401 322 1464 363 his
1485 335 1584 365 ante

187 382 337 423 diebus
356 379 532 422 schedas
547 395 694 422 omnes
713 394 807 421 suas
828 394 851 420 e
873 379 1036 421 scriniis
1051 379 1222 421 eductas
1243 379 1347 420 mihi
1371 380 1413 420 in
1436 394 1584 421 manus

187 437 372 487 tradidit,
393 437 696 493 arbitriumque
718 451 862 479 earum
884 452 1009 478 omne
1031 437 1245 493 permisit:
1279 445 1506 478 statuerem
1529 437 1582 479 de

185 495 236 536 iis
256 494 397 545 modo,
419 494 535 551 quod
558 494 750 536 luberet:
784 494 1044 536 continerem
1068 494 1197 544 domi,
1220 494 1286 535 vel
1314 509 1410 535 curn
1439 494 1583 535 amicis

183 552 540 594 communicarem
557 568 568 602 3
600 567 836 608 premerem
867 551 981 608 apud
1012 566 1093 602 me,
1116 551 1181 593 vel
1209 552 1253 592 in
1282 550 1430 607 vulgus
1461 552 1582 592 emit-

184 618 315 652 terem
333 625 343 659 3
376 610 429 651 ad
450 624 494 652 se
515 609 691 666 quidem
711 609 828 666 quod
856 609 1074 659 attinebat,
1097 608 1307 666 quidquid
1329 609 1378 649 iis
1398 608 1582 650 facturus

183 681 330 718 essem,
352 667 453 709 boni
475 667 777 709 consulturum.

242 724 362 767 Haec
396 725 461 766 vir
499 724 751 767 clarissimus
790 733 832 766 et
871 724 1172 773 amicissimus;
1221 723 1340 765 cuius
1375 738 1453 781 ego
1494 732 1579 765 tam

182 791 348 839 praeter
363 782 722 839 exspectationem
744 782 928 824 maximo
944 797 992 824 ac
1008 781 1209 838 singulari
1225 796 1400 823 munere
1417 790 1578 831 auctus,

182 849 340 897 quanta
370 839 529 882 laetitia
556 840 729 882 affectus
756 840 848 890 sim,
867 849 1111 896 quantoque
1141 854 1268 896 opere
1295 839 1523 894 gestierim‚
1545 839 1580 880 si

182 898 370 939 oratione
402 898 568 954 assequi
608 913 675 939 me
709 912 828 954 posse
863 897 1086 947 confidam,
1121 896 1272 938 frustra
1303 896 1393 937 sim.
1459 896 1580 945 Quo-

181 955 293 996 circa
324 955 432 996 nihil
465 955 751 997 cunctandum
784 964 909 1004 ratus,
936 955 1072 1011 primo
1101 954 1275 1010 quidem
1309 954 1446 1010 ipsum
1479 969 1580 1010 apo-

181 1012 388 1069 graphum
424 1027 518 1054 mea
554 1027 681 1054 manu
717 1013 870 1053 iterum
903 1012 1103 1068 descripsi
1140 1011 1302 1060 ordine,
1337 1026 1422 1067 quo
1456 1010 1580 1053 Iuve-

180 1071 320 1111 natius
341 1070 569 1125 legendum
591 1084 693 1118 esse,
715 1069 769 1110 ad
790 1070 881 1111 eius
902 1069 1133 1125 marginem
1163 1077 1458 1110 annotaverat:
1492 1084 1578 1110 non

180 1127 308 1177 enim,
332 1136 378 1168 ut
404 1127 482 1168 hoe
503 1127 640 1169 obiter
660 1141 869 1176 moneam,
891 1141 977 1182 quo
998 1126 1180 1182 primum
1201 1125 1482 1182 fragmentum
1505 1141 1579 1168 ex-

179 1193 398 1241 ceperunt,
435 1199 487 1226 eo
517 1198 632 1226 nunc
662 1183 866 1226 editur³⁵:
913 1183 1068 1226 deinde
1110 1183 1434 1239 exprimendum
1473 1183 1578 1224 illud

178 1241 323 1283 formis
363 1241 687 1299 typographicis,
726 1250 885 1297 quanta
919 1241 1104 1282 maxima
1139 1255 1240 1281 cura
1274 1255 1321 1281 ac
1357 1240 1577 1296 diligentia

179 1299 350 1357 potuim,
384 1300 561 1356 parique
597 1299 810 1341 celeritate
845 1299 998 1340 curavi.
1077 1298 1165 1347 Qui
1206 1298 1319 1339 enim
1357 1297 1576 1339 doctorum

178 1357 364 1399 virorum
399 1357 668 1414 reipublicae,
703 1372 755 1398 eo
791 1366 976 1413 accepto,
1011 1357 1055 1397 in
1092 1371 1186 1398 aere
1222 1370 1310 1396 esse
1348 1355 1482 1411 coepi,
1519 1355 1577 1396 sic

179 1429 346 1457 mecum
377 1415 516 1465 statui,
539 1415 651 1456 nolle
680 1414 852 1464 diutius,
875 1429 1003 1471 quam
1033 1429 1098 1455 res
1126 1421 1353 1470 pateretur,
1378 1421 1579 1469 tanquam

179 1472 337 1514 malum
358 1487 529 1523 nomen,
553 1472 634 1514 tale
657 1481 906 1529 tantumque
929 1472 1028 1529 ipsis
1048 1471 1250 1529 gaudium
1271 1470 1439 1512 debere.
1493 1470 1580 1511 Ac-

179 1530 303 1571 cessit
335 1530 388 1572 ad
421 1530 537 1580 haec,
560 1529 675 1586 quod
707 1530 750 1571 in
777 1529 986 1572 Iuvenatii
1013 1529 1255 1586 apographo
1283 1528 1416 1569 multa
1446 1528 1580 1569 anim-

180 1586 353 1637 adverti,
376 1602 484 1644 quae
516 1587 775 1637 illustrando,
801 1597 873 1629 aut
904 1586 1171 1629 emendando
1201 1586 1312 1627 Livii
1343 1585 1578 1641 fragmento

181 1645 274 1686 usui
296 1655 427 1695 erant,
482 1660 644 1701 uaeque
666 1646 753 1701 ipse
782 1645 851 1686 hic
880 1644 964 1686 illic
992 1644 1143 1701 passim
1172 1644 1214 1684 in
1237 1643 1424 1699 margine
1446 1657 1579 1684 anno-

181 1711 364 1744 taverat:
403 1660 478 1744 seii
507 1718 556 1744 ea
588 1712 672 1744 tarn
703 1703 886 1744 breviter
915 1702 1068 1743 chartis
1099 1701 1345 1756 consignata
1377 1708 1509 1749 erant,
1532 1709 1580 1741 ut

180 1759 337 1816 legenti
378 1761 516 1802 statim
558 1760 601 1800 in
643 1768 828 1801 mentem
870 1759 1033 1800 venerit
1074 1758 1184 1799 illius
1228 1757 1370 1807 Gellii,
1409 1758 1482 1813 qui
1524 1757 1577 1798 de

182 1817 347 1874 Nigidii
370 1817 507 1883 Figuli
536 1818 718 1859 hominis
739 1817 968 1859 doctissimi
991 1815 1304 1857 commentariis
1325 1814 1577 1871 quibusdam

178 1876 461 1931 grammatieis
481 1875 672 1931 loquen5‚
695 1875 753 1916 ita
773 1875 915 1916 scribit
936 1874 1005 1915 lib.
1027 1874 1175 1916 XVII.
1195 1888 1283 1929 cap.
1304 1875 1341 1914 7.
1377 1878 1388 1896 ‘
1402 1880 1577 1928 anguste

181 1938 411 1989 ‘perquam
453 1942 494 1974 et
536 1933 710 1974 obscure
752 1932 944 1980 disserit3
993 1940 1040 1972 ut
1079 1931 1198 1986 signa
1239 1945 1377 1971 rerum
1420 1944 1577 1986 ponere

179 1989 363 2040 ‘videas,
386 1990 439 2031 ad
470 1989 700 2031 subsidium
735 1990 866 2045 magis
897 1988 1122 2030 memoriae
1152 2003 1265 2036 suae,
1289 2002 1415 2043 quam
1438 1987 1491 2028 ad
1519 1986 1579 2028 le-

179 2048 398 2105 ‘gentium
420 2047 713 2104 disciplinam.'
774 2047 839 2088 Ac
860 2046 1055 2087 videbam
1085 2060 1198 2094 sane,
1221 2045 1449 2101 plurimum
1474 2043 1579 2085 lucis

177 2115 304 2162 atque
329 2106 458 2148 etiam
484 2105 611 2171 pretii
639 2104 831 2154 editioni,
853 2119 979 2161 quam
1012 2104 1222 2160 parabam,
1245 2117 1522 2151 accessurum,
1544 2103 1577 2142 si

179 2163 274 2205 illae
307 2173 600 2206 annotationes
632 2162 757 2204 simul
790 2162 948 2219 publici
981 2162 1081 2203 iuris
1112 2161 1287 2202 fierent:
1327 2159 1579 2201 necessarias

178 2221 306 2263 etiam
339 2237 408 2263 eas
439 2221 564 2278 plane
597 2235 700 2271 esse,
735 2235 867 2277 quum
904 2219 958 2261 ad
991 2218 1241 2261 schedarum
1275 2227 1317 2260 et
1348 2218 1578 2274 scripturae

179 2288 441 2336 praesentem
483 2288 638 2321 statum
679 2277 1036 2335 cognoscendum,
1075 2286 1164 2318 tum
1205 2276 1333 2318 etiam
1375 2274 1429 2317 ad
1465 2274 1577 2316 Livii

179 2345 343 2379 textum
370 2337 589 2387 inoffenso,
612 2345 660 2378 ut
688 2337 747 2378 ita
773 2336 924 2385 dicam,
947 2335 1055 2392 pede
1084 2333 1416 2391 percurrendum
1445 2341 1487 2374 et
1515 2333 1578 2373 in-

176 2394 468 2452 telligendum.
534 2394 806 2452 Quapropter
827 2409 913 2435 non
934 2402 1158 2435 contentus
1180 2392 1316 2448 priore
1338 2390 1579 2432 amicissimi

179 2451 362 2494 hominis
398 2452 661 2502 liberalitate,
697 2452 881 2493 eundern
918 2467 994 2508 pro
1030 2450 1215 2492 amicitia
1250 2449 1404 2506 rogavi,
1443 2457 1489 2489 ut
1526 2463 1578 2489 ue

179 2519 434 2566 gravaretur,
468 2511 517 2552 iis
549 2510 892 2552 annotationibus
927 2508 1236 2565 aliquantulum
1276 2507 1443 2548 maioris
1477 2505 1580 2546 lucis

224 2680 263 2712 35
291 2672 339 2703 Ex
359 2673 407 2704 his
426 2674 598 2704 manifesto
622 2677 769 2713 apparet,
794 2683 856 2702 non
949 2670 988 2710 36
1015 2671 1090 2701 Hoc
1115 2671 1258 2705 verbum,
1281 2670 1379 2709 quod,
1400 2668 1424 2698 si
1443 2668 1577 2699 Cancel-

183 2715 359 2753 perfectum
386 2716 556 2754 fragmenti
579 2716 802 2755 apographum
826 2715 857 2745 in
905 2714 1001 2745 letius
1016 2725 1111 2754 quam
1136 2723 1192 2752 pro
1214 2717 1338 2753 quanta
1364 2711 1532 2751 posuisset,
1548 2714 1577 2739 et

186 2755 343 2788 Iuvenatii
369 2759 516 2789 manibus
537 2758 634 2788 suis-*e
655 2763 752 2797 atque
772 2758 856 2789 Cun-
902 2757 978 2787 addi
1008 2761 1114 2796 posset
1142 2761 1173 2786 et
1205 2755 1324 2790 omitti,
1354 2753 1520 2784 Ernestim
1548 2753 1578 2782 in

183 2798 348 2831 cellerium
371 2800 453 2831 hanc
478 2801 579 2840 ipsam
601 2802 644 2831 ob
668 2810 795 2831 (nusum
825 2800 856 2830 in
903 2799 1045 2830 editiunc-
1076 2798 1233 2838 Lipsicnsi
1267 2804 1352 2827 recte
1380 2796 1506 2826 adiecit.
1540 2795 1577 2824 cf.

182 2840 362 2878 digerendi„
378 2843 546 2882 fragmenti
571 2843 713 2882 partibus
734 2843 855 2881 aliquo·
904 2842 1127 2873 Ruddimnnui
1160 2841 1301 2871 Institut.
1331 2839 1477 2869 Granum.
1510 2837 1578 2867 Lat.

184 2882 243 2913 tic!
274 2894 431 2923 peccatum.
480 2885 554 2915 vid.
582 2891 674 2916 nutus
703 2886 741 2915 sul
777 2886 852 2923 frag-
906 2885 992 2915 Part.
1012 2885 1059 2915 11.
1080 2894 1108 2923 ιι.
1127 2893 1197 2922 307.
1217 2883 1291 2913 coll.
1311 2882 1520 2917 Oudendorp.
1538 2879 1576 2908 ud

185 2927 282 2955 nwnti
302 2926 355 2956 lin.
376 2935 507 2965 72ψ74.
525 2933 555 2957 et
579 2937 645 2958 102.
669 2936 734 2965 ¹03.
903 2928 997 2957 (sucu.
1018 2926 1113 2956 13.st
1137 2926 1160 2956 Ι,
1183 2933 1209 2963 7.
1233 2936 1255 2954 2.

241 2980 337 3007 vol..
364 2980 419 3007 lv.
1323 2979 1346 3003 X
