1888 3194
347 176 1038 221 MANUSCRIPTORUM
1082 178 1272 220 LIVII.
1424 183 1507 220 433

117 270 207 312 eius
227 285 315 327 cap.
340 269 584 312 XXXVII.
609 273 643 323 ξ.
667 272 704 310 3,
739 268 875 310 verbis
901 284 984 324 per
1010 271 1150 310 omnia
1167 270 1280 324 fora
1310 270 1510 309 com-ilia-

117 328 300 384 bulaque
317 329 556 374 edixerunt,
575 326 795 382 sequentia
812 327 990 381 ascripta
1007 326 1149 366 inveni
1165 341 1175 366 ι
1201 331 1213 349 ‘
1229 324 1362 366 Periit
1383 325 1507 364 huius

119 390 131 408 ‘
147 385 246 427 XL.
269 383 364 425 libri
385 384 492 433 finis,
515 383 873 439 quemadmodum
896 392 938 424 et
959 383 1086 424 ceteri
1110 397 1255 424 omnes
1277 390 1371 438 post
1395 381 1509 421 hunc

118 440 309 483 ‘librum.
378 440 525 482 Fiebat
560 450 701 482 autem
737 441 780 481 in
816 440 896 481 hoe
932 440 1016 481 fine
1052 449 1144 496 post
1181 439 1387 495 quaedam
1430 437 1511 478 alia

118 504 131 522 ‘
147 499 304 539 mentio
325 497 378 539 de
401 497 599 554 Philippo
621 513 732 554 rege,
751 498 824 553 qui
846 497 1108 553 aegritudine
1131 497 1258 538 animi
1281 496 1508 544 confectus,

118 560 132 579 ‘
146 555 261 611 quod
282 555 550 596 Demetrium
573 555 719 604 filium,
742 555 854 596 falsis
875 554 1019 595 Persei
1047 554 1214 595 alterius
1236 554 1309 594 filii
1339 553 1380 593 in
1412 567 1509 593 eum

117 612 426 654 ‘delationibus
457 612 672 668 impuISUS,
695 627 859 653 veneno
890 611 1134 661 sustulisset,
1165 627 1260 652 cum
1289 610 1342 651 de
1374 624 1511 666 poena

118 668 291 711 ‘Persei
330 670 544 726 cogitaret,
589 669 799 726 velletque
839 669 1104 725 Antigonum
1146 669 1287 725 potius
1327 667 1509 709 amicum

119 732 268 768 ‘suum
300 728 419 783 regni
449 742 729 768 successorem
760 726 1011 782 relinquere,
1034 736 1176 782 raptus
1207 741 1229 767 e
1261 725 1401 766 medio
1432 733 1508 765 est.

119 784 325 826 ‘Perseus
374 799 472 826 vero
522 799 698 840 regnum
749 785 930 840 excepit.
1011 783 1094 825 Hic
1145 784 1273 824 finem
1325 781 1510 823 Decadis

119 847 332 898 ‘quartae‚
362 841 406 882 id
438 850 500 882 est
531 841 625 882 libri
661 842 759 883 XL.
791 841 842 882 ab
875 842 977 882 urbe
1011 841 1182 882 condita
1216 839 1426 881 Historiae
1456 838 1509 878 T.

117 899 258 940 ‘Livii
279 899 472 940 Patavini
501 907 596 940 ante
623 899 761 955 operis
788 899 877 940 eius
905 898 1168 954 naufragium
1190 898 1330 947 fuisse,
1357 896 1511 937 Guini-

119 961 132 981 ‘
146 956 263 998 fortis
284 956 459 998 invenit.
523 955 618 997 Deo
639 956 791 1012 gratias
813 956 962 996 amen.'

175 1013 229 1055 V.
263 1013 554 1054 LovssLrANUs
588 1013 627 1053 T
630 1026 788 1053 Eamus
820 1022 883 1053 est
915 1012 1049 1053 codex
1086 1013 1262 1068 scriptus
1299 1012 1341 1052 in
1379 1026 1511 1052 mem-

117 1070 270 1120 branis,
307 1071 440 1111 forma
479 1070 638 1119 maiori,
676 1069 828 1118 seculo,
871 1078 918 1110 ut
958 1069 1136 1118 videtur,
1173 1069 1239 1110 vel
1281 1069 1404 1110 tertio
1445 1067 1508 1108 vel

117 1127 444 1183 quartodecimo.
505 1126 588 1168 Sed
610 1136 698 1167 erat
719 1126 901 1166 mutilus.
958 1126 1179 1173 Quaedam
1202 1127 1315 1166 enim
1337 1126 1513 1166 deerant

119 1184 171 1226 ab
188 1184 321 1234 initio,
337 1193 379 1225 et
395 1183 566 1225 demum
585 1184 813 1239 incipiebat
829 1183 919 1223 libr.
934 1184 1134 1224 XXXII.
1152 1198 1239 1238 cap.
1253 1183 1377 1223 VIII.
1395 1187 1428 1235 ξ.
1450 1186 1512 1222 ll.

116 1241 162 1282 in
194 1241 366 1282 vocibus
399 1242 485 1297 ipsi
514 1242 796 1297 praesidium.
863 1239 1084 1288 Quaedam
1119 1240 1245 1281 etiam
1281 1239 1456 1280 deerant
1492 1255 1516 1279 a

116 1298 214 1340 fine.
278 1298 390 1340 Nam
420 1298 575 1339 desinit
602 1298 671 1339 lib.
702 1298 801 1339 XL.
835 1312 922 1353 cap.
951 1298 1146 1339 XXVII.
1173 1302 1205 1351 ξ.
1232 1299 1268 1339 7.
1303 1297 1347 1337 in
1377 1296 1514 1337 verbis

118 1372 288 1398 manere
308 1357 427 1398 iussi.

177 1414 257 1455 VI.
292 1413 585 1454 LovmstANus
623 1412 844 1461 QUARTUS
883 1412 1018 1454 codex
1059 1421 1121 1454 est
1156 1413 1513 1461 membranaceus,

119 1470 253 1511 forma
292 1471 452 1520 maiori,
493 1470 742 1526 plerumque
788 1471 1054 1512 consentiens
1096 1470 1326 1511 Loveliano
1365 1469 1512 1526 primo.

123 1526 335 1584 Scriptum
357 1543 446 1569 esse
468 1527 608 1568 seculo
631 1528 947 1583 quintodecimo
969 1528 1155 1577 ineunte,
1178 1528 1281 1568 haec
1307 1526 1360 1569 ad
1385 1527 1514 1567 finem

121 1585 210 1626 eius
240 1585 403 1626 adiecta
433 1585 560 1626 verba
591 1594 820 1626 testantur:
866 1586 1121 1626 (im-hardus
1153 1586 1368 1640 Magistri
1402 1585 1516 1625 Lan-

106 1643 296 1697 sranchi
317 1645 370 1684 cle
392 1644 590 1684 Bononia
612 1644 789 1697 scripsit
812 1642 1199 1683 MCCFCVIIII.

179 1700 282 1741 Vll.
317 1699 609 1740 Lovssmmcs
646 1698 855 1747 Qt'lx'rrs
887 1709 949 1739 est
981 1699 1107 1739 etiam
1140 1698 1276 1739 codex
1310 1698 1516 1739 membra-

121 1771 288 1806 naceus,
310 1757 443 1798 forma
465 1757 633 1805 maiore,
658 1766 754 1797 nata
776 1756 855 1797 iam
879 1765 965 1796 arte
989 1755 1289 1811 typographica
1310 1765 1512 1796 exaratus.

123 1814 195 1855 Ad
216 1814 372 1856 calcem
394 1814 506 1855 enim
530 1814 621 1854 libri
643 1814 821 1869 ascripta
847 1823 944 1853 sunt
966 1813 1068 1853 hacc
1090 1814 1240 1854 verba:
1275 1814 1412 1854 Finis.
1430 1828 1515 1868 pro

120 1873 472 1913 reverendissimo
488 1873 675 1912 Domino
691 1872 918 1912 Cardinali
942 1871 1180 1912 'l'leeanensi
1192 1871 1451 1911 lr'rancisens
1466 1872 1516 1910 (Ie

129 1929 281 1971 Tiam‘s
305 1929 586 1970 Pistoriensis
606 1929 782 1983 scripsit
809 1943 918 1968 anuo
941 1928 1119 1968 Domini
1142 1928 1514 1968 MCCCCLXX.

124 1984 339 2027 Convenit
379 1985 628 2041 plerumque
669 2000 766 2025 cum
798 1976 1044 2025 'Lovcliano
1086 1984 1285 2032 secundo,
1328 1993 1370 2025 ct
1417 1998 1513 2024 cum

120 2042 377 2084 editionibus
390 2042 673 2099 principibus3
697 2041 902 2097 imprimis
915 2050 1053 2082 autem
1072 2056 1167 2082 cum
1184 2041 1369 2082 editione
1388 2039 1515 2081 Cam-

120 2100 232 2157 pani,
255 2115 362 2156 quae
385 2115 438 2141 ex
459 2099 580 2141 simili
605 2098 836 2155 exemplari
860 2099 969 2155 typis
990 2097 1200 2154 descripta
1225 2113 1313 2139 esse
1335 2098 1512 2139 videtur.

178 2158 307 2199 VIII.
341 2157 633 2198 Lovnmxcs
658 2156 831 2198 SEx'rtrs
855 2166 918 2197 est
943 2155 1078 2197 codex
1107 2155 1363 2205 chartaceus,
1385 2155 1518 2196 forma

121 2215 281 2264 maiori,
303 2230 351 2256 ac
378 2215 508 2256 ferme
536 2230 631 2255 cum
663 2213 808 2255 codice
831 2213 1049 2263 vossiano,
1072 2213 1126 2255 dc
1152 2229 1237 2269 quo
1269 2228 1367 2254 mox
1399 2228 1513 2254 num.

122 2273 203 2316 XI.
228 2287 360 2328 agam,
383 2272 608 2314 convenire
630 2271 745 2313 solet.

182 2330 262 2372 lx.
297 2329 577 2371 Mamurius
627 2329 799 2370 Pana-s
848 2337 912 2370 est
961 2328 1095 2370 codex
1139 2328 1179 2369 V
1183 2329 1231 2370 iri
1286 2328 1516 2371 Clarissimi

124 2387 326 2430 Richardi
350 2387 493 2436 Mead,
517 2386 777 2429 celeberrimi
799 2386 912 2443 apud
938 2386 1233 2428 Londincnses
1253 2386 1420 2436 medici,
1443 2386 1516 2442 qui

122 2445 286 2502 scriptis
316 2454 358 2486 et
389 2445 512 2486 editis
543 2445 665 2485 variis
695 2444 809 2485 libris
842 2444 1004 2499 insigne
1039 2444 1080 2484 in
1113 2445 1211 2485 orbe
1243 2444 1409 2485 erudito
1440 2444 1517 2484 sibi

121 2517 277 2545 nomen
300 2503 469 2559 paravit.
520 2501 622 2542 Eius
643 2501 777 2543 codex
801 2501 882 2551 hic,
905 2502 977 2556 qni
1001 2501 1042 2542 in
1066 2517 1320 2557 pergameno
1341 2501 1518 2557 scriptus

122 2559 526 2617 quadringentorum
561 2559 787 2600 admodum
825 2574 1030 2600 annorum
1072 2574 1159 2600 esse
1201 2559 1367 2607 dicitur,
1405 2574 1519 2599 com·

154 2617 321 2659 lectitur
355 2617 545 2673 primam,
581 2617 758 2666 tertiam,
792 2625 834 2657 et
871 2626 1062 2672 quartam
1099 2616 1277 2657 decadas
1318 2616 1517 2657 librorum

123 2632 251 2722 ἶίνίἰ,
271 2683 313 2715 et
342 2675 383 2715 in
414 2674 621 2731 principio
649 2675 852 2729 cuiusque
881 2673 972 2714 libri
1004 2689 1080 2721 rcS,
1103 2689 1210 2730 quae
1238 2674 1278 2714 iu
1303 2673 1391 2730 ipso
1414 2673 1518 2713 libro

124 2729 430 2781 describuntur,
473 2731 645 2788 picturis
691 2731 877 2772 exhibet.
955 2731 1180 2772 Praeterea
1226 2731 1269 2771 in
1315 2731 1517 2785 cuiusque

128 2786 312 2828 Dccadis
329 2788 449 2829 initio
466 2797 665 2829 contenta
680 2787 939 2843 singulorum
963 2788 1159 2830 librorum
1180 2788 1518 2844 praemittuntur,

128 2844 282 2900 quibus
303 2844 345 2885 in
367 2846 502 2901 prima
521 2845 679 2887 decade
712 2846 780 2886 hic
809 2845 954 2886 titulus
981 2846 1194 2901 appositus
1222 2854 1310 2885 est:
1353 2845 1518 2885 'l'almla

128 2902 336 2956 imprimis
370 2903 422 2943 ele
457 2903 595 2944 decem
633 2904 755 2944 libris
799 2903 888 2944 Titi
924 2903 1056 2952 Livii,
1091 2904 1208 2942 edila
1243 2918 1268 2941 a
1311 2902 1521 2955 magistro

188 2971 282 2998 voi..
310 2971 366 2998 iv.
1241 2971 1262 2997 r
1281 2958 1301 2996 f
