1888 3194
311 143 394 180 454

517 138 882 184 SYLLABUS
923 141 1506 185 PRAECIPUARUM

426 231 603 286 paginae
635 232 715 273 illis
745 233 892 289 prioris
918 233 1047 274 ferme
1077 249 1241 290 semper
1268 234 1562 291 respondeant,
1584 234 1701 276 nulla

426 298 567 329 tamen
587 305 729 330 carum
751 299 825 340 est,
848 290 892 331 in
914 306 997 346 qua
1016 306 1101 332 non
1124 291 1285 348 aliquot
1305 300 1524 333 occurrant
1543 307 1700 341 versus,

426 346 500 401 qui
521 346 564 386 in
589 346 667 388 hac
695 347 879 388 editione
902 347 964 388 vel
993 348 1134 403 plures
1154 348 1219 389 vel
1246 349 1474 404 pauciores,
1498 364 1624 404 quam
1655 349 1701 389 in

425 402 510 452 illa,
530 403 660 445 literis
681 405 946 445 contineant:
977 405 1022 445 in
1038 420 1122 460 qua
1142 420 1227 446 non
1249 405 1396 446 itidem
1417 405 1557 461 plures
1576 420 1700 447 voces

425 460 698 515 reperiantur,
721 477 827 517 quae
861 462 906 501 In
938 461 1016 502 hac
1044 461 1228 503 editione
1261 477 1336 518 per
1362 463 1570 518 quaedam
1600 463 1700 504 scri—

425 516 552 557 bendi
589 518 852 574 compendia,
888 519 933 558 in
968 518 1039 558 illa
1073 533 1170 559 vero
1207 519 1400 560 omnibus
1435 520 1565 561 literis
1600 535 1700 561 exa-

424 583 579 615 rantur.

312 632 435 672 1518.
471 630 719 687 Moguntiae
773 631 885 686 apud
932 631 1167 672 Iohannem
1218 631 1424 682 Schesser,
1473 633 1518 674 in
1566 634 1699 675 forma

336 686 402 728 vel

527 689 685 729 maiori.

312 747 433 786 1519.
469 745 541 784 Ad
562 746 690 785 finem
717 745 914 786 librorum
938 744 1049 785 Livii
1070 746 1172 786 haec
1196 747 1393 802 temporis
1414 756 1513 788 nota
1533 763 1557 788 a
1577 756 1699 804 typo-

422 802 581 857 grapho
612 803 789 857 ascripta
819 812 906 843 est:
943 802 1221 857 ‘hloguntiae
1252 803 1297 843 in
1328 803 1501 844 aedibus
1529 804 1698 845 Ioannis

425 864 436 881 ‘'
455 857 654 908 Scheffer,
673 874 815 900 mense
840 859 1072 900 Novembri
1093 875 1204 900 anno
1227 861 1518 902 MDXV111.’
1572 861 1700 903 Prae-

423 916 594 958 missum
631 915 898 972 Imperatoris
934 916 1217 957 lIaximiliani
1253 917 1518 973 privilegium
1553 919 1697 960 datum

422 983 485 1014 est
522 974 617 1014 ‘die
654 989 766 1014 nona
797 974 949 1014 mensis
983 973 1231 1015 Decembris
1262 989 1326 1015 an.
1365 976 1699 1018 M.D.XVIII.'

425 1029 509 1071 Sed
532 1030 695 1072 Erasmi
712 1031 921 1072 Praefatio
939 1030 1038 1071 VII.
1062 1031 1152 1073 Cal.
1178 1031 1304 1072 Mart.
1329 1047 1394 1072 an.
1420 1033 1483 1073 M.
1499 1033 1695 1075 I).XIX.

420 1097 463 1129 et
474 1087 639 1129 Nicola'i'
652 1087 874 1130 Carbachii
883 1088 1091 1129 Praefatio
1102 1088 1248 1129 Idibus
1258 1088 1424 1129 Martiis
1434 1090 1495 1130 M.
1506 1091 1558 1130 D.
1571 1091 1694 1132 XIX.

421 1145 472 1185 In
501 1146 577 1187 hac
609 1146 808 1195 editione,
841 1156 935 1202 post
963 1145 1231 1202 Imperatoris
1261 1145 1542 1187 Maximiliani
1569 1147 1697 1203 privi-

420 1202 590 1258 legium,
632 1204 902 1245 continentur
942 1203 1076 1258 primo
1119 1202 1283 1243 Ulrichi
1321 1202 1504 1244 Hutteni
1543 1204 1696 1260 equitis

420 1260 628 1302 Praefatio
679 1261 730 1301 ad
773 1260 995 1302 Albertum
1039 1259 1501 1316 Brandenburgensem,
1546 1261 1696 1302 Cardi-

421 1317 571 1367 nalem,
608 1318 983 1374 Archiepiscopum
1021 1317 1323 1373 Moguntinum
1361 1327 1403 1358 et
1437 1317 1696 1373 Magdebur-

417 1390 603 1430 gensem,
626 1375 859 1431 principem
884 1374 1146 1423 Electorem;
1181 1384 1270 1414 tum
1294 1374 1456 1415 Erasmi
1483 1375 1537 1416 ad
1562 1375 1695 1417 Miso-

418 1433 613 1473 barbaros
646 1441 771 1488 atque
809 1431 977 1473 eosdem
1011 1431 1276 1472 Philomusos
1310 1431 1532 1481 Praefatio,
1567 1447 1695 1488 quam

419 1498 640 1545 utramque
674 1504 798 1545 supra
825 1488 924 1529 dedi
951 1489 1031 1529 hoc
1065 1499 1178 1529 tomo
1213 1503 1250 1543 p.
1276 1491 1371 1529 266.
1401 1497 1443 1529 et
1472 1489 1549 1529 viri
1581 1489 1694 1531 docti

419 1557 654 1587 memoratu
675 1546 845 1602 dignam
872 1546 1072 1595 iudicant,
1095 1546 1294 1601 quoniam
1317 1545 1389 1594 illi,
1413 1546 1486 1601 qui
1507 1545 1694 1602 Mogun-

419 1604 518 1644 tiam
560 1604 657 1644 artis
698 1604 1023 1660 typographicae
1060 1603 1335 1643 inventricem
1371 1603 1603 1653 venditant,
1640 1620 1694 1646 ex

418 1660 499 1701 illis
527 1661 651 1701 etiam
680 1661 932 1702 sententiam
953 1661 1119 1701 firmare
1147 1659 1321 1702 soleant.
1381 1659 1482 1701 Post
1509 1660 1694 1702 indicem

417 1717 571 1758 deinde
604 1718 649 1758 in
681 1717 851 1758 Livium
884 1718 1058 1773 eiusque
1095 1717 1310 1773 epitomaS‚
1345 1726 1387 1758 et
1423 1717 1614 1759 consules
1649 1718 1693 1759 in

417 1774 540 1816 Livio
577 1785 619 1816 et
655 1775 848 1831 epitomis
884 1784 1162 1823 occurrenteS,
1197 1775 1344 1815 ordine
1383 1774 1693 1831 Chronologico

417 1832 650 1888 dispositOS,
667 1842 903 1887 sequuntur
923 1833 1130 1888 epitomae
1148 1831 1348 1872 Livianae
1372 1841 1414 1872 et
1434 1832 1563 1888 ipsius
1580 1832 1693 1873 Livii

417 1898 652 1930 contextus.
715 1889 964 1931 Admodum
999 1898 1139 1930 autem
1177 1888 1457 1930 memorabilis
1492 1898 1555 1930 est
1589 1889 1692 1931 haec

417 1946 561 1996 editio>
584 1947 683 2002 quia
703 1946 838 2002 prima
858 1947 1046 1988 omnium
1069 1946 1261 1987 exhibuit
1286 1946 1509 1986 maximam
1532 1955 1692 2001 partem

418 2003 511 2044 libri
535 2004 758 2045 XXXIII.
783 2019 806 2044 a
827 2019 915 2060 cap.
936 2005 1085 2045 XVII.
1110 2007 1143 2056 ξ.
1168 2006 1205 2043 6.
1230 2017 1362 2057 usque
1384 2003 1437 2043 ad
1458 2002 1552 2043 libri
1573 2003 1692 2044 istius

417 2060 558 2109 finem,
582 2060 656 2116 qui
677 2061 841 2116 integer
867 2070 991 2102 antea
1018 2075 1093 2115 pro
1114 2059 1333 2115 deperdito
1361 2059 1527 2100 habitus
1554 2069 1627 2110 est,
1649 2070 1692 2101 et

418 2117 607 2158 ultimam
647 2127 807 2173 partem
848 2118 919 2159 lib.
963 2117 1063 2158 XL.
1102 2132 1126 2157 a
1165 2131 1253 2171 cap.
1293 2117 1538 2157 XXXVII.
1577 2122 1611 2171 ᾗ.
1650 2121 1688 2158 3.

418 2189 549 2229 usque
585 2174 637 2215 ad
673 2175 828 2215 finem:
868 2189 974 2229 quae
1011 2173 1147 2229 operis
1183 2173 1351 2213 Liviani
1386 2173 1612 2228 particulae
1644 2175 1690 2215 in

416 2231 553 2271 lucem
588 2240 820 2286 protractae
857 2241 955 2271 sunt
991 2245 1043 2270 ex
1079 2229 1356 2271 bibliothecae
1394 2230 1688 2286 Mogunfinae,

417 2303 523 2343 quae
556 2288 600 2327 in
627 2287 729 2328 aede
760 2288 941 2327 maxima
968 2302 1014 2328 ac
1042 2287 1362 2342 metropolitana
1389 2296 1462 2337 est,
1485 2303 1689 2345 perquam

415 2354 579 2385 vetusto
610 2344 767 2393 codice,
794 2344 1100 2385 characteribus
1129 2343 1458 2399 Longobardicis
1485 2346 1529 2385 in
1557 2361 1689 2387 mem-

415 2402 544 2442 brana
583 2401 747 2457 scripto.
825 2401 969 2449 Quum
1011 2410 1150 2442 autem
1193 2401 1327 2442 codex
1373 2401 1458 2452 ille,
1498 2403 1687 2444 omnium

414 2459 538 2499 huius
554 2458 681 2514 partis
698 2459 1084 2514 praestantissimus,
1104 2459 1177 2514 qui
1193 2467 1354 2514 partem
1371 2458 1440 2499 lib.
1459 2459 1685 2502 XXXIII.

413 2515 605 2556 ultimam
631 2524 672 2556 et
697 2516 822 2556 libros
843 2526 1066 2571 sequentes
1088 2531 1220 2570 usque
1242 2516 1295 2556 ad
1316 2516 1444 2556 finem
1465 2515 1559 2556 libri
1582 2517 1684 2559 XL.

413 2572 666 2621 continebat,
688 2573 840 2628 passim
872 2588 896 2614 a
926 2572 1093 2627 vulgata
1121 2573 1307 2628 priorum
1338 2572 1571 2613 editionum
1602 2572 1686 2614 lec-

412 2630 526 2670 tione
560 2629 746 2670 diversus
777 2630 921 2679 abiret,
960 2629 1058 2670 Nic.
1084 2628 1342 2670 Carbachius
1379 2644 1477 2669 eum
1509 2629 1686 2685 dignum

412 2701 499 2728 esse
528 2687 702 2735 censuit,
726 2701 852 2742 quem
880 2686 1105 2742 diligenter
1131 2701 1226 2726 cum
1254 2686 1354 2726 olim
1381 2686 1544 2727 excusis
1572 2702 1686 2728 com-

412 2744 610 2792 mitteret,
661 2744 834 2799 eiusque
895 2752 1113 2799 excerptas
1162 2743 1366 2784 variantes
1422 2743 1521 2784 huic
1572 2743 1685 2785 Livii

412 2801 586 2842 editioni
614 2800 848 2850 subiiceret,
871 2800 1095 2857 praemissa
1116 2800 1392 2849 Praefatione,
1415 2816 1499 2856 qua
1522 2801 1683 2842 consilii

411 2857 614 2899 rationem
645 2857 839 2899 reddidit.
906 2857 968 2899 Eo
997 2866 1137 2898 autem
1167 2857 1274 2898 facto
1302 2857 1458 2913 optime
1485 2857 1537 2899 de
1561 2857 1683 2899 Livio
