1888 3194
408 150 461 189 32
920 146 1067 188 ΤΙΤΙ
1108 146 1286 189 LIVII

202 249 246 281 U.
263 249 301 281 c.
323 251 395 290 578
411 241 507 279 ‘tet
568 237 636 280 Ac
665 238 829 287 scimus,
858 237 1022 288 Persea,
1054 253 1183 295 regno
1214 246 1397 295 accept0,
1429 238 1587 294 legatos
1608 238 1817 284 Romam5

200 292 608 345 A·G·174·‘misisse,
639 310 687 337 ac
717 310 858 351 regem
890 311 915 336 a
945 295 1100 352 populo
1133 296 1325 337 Romano
1354 296 1631 353 appellatum:
1669 296 1789 338 audi-

411 358 540 403 ‘mus,
562 352 739 409 legatos
749 353 962 394 Romanos
983 353 1142 394 venisse
1174 353 1227 394 ad
1256 369 1410 419 regem,
1436 362 1478 395 et
1507 370 1577 396 eos
1606 354 1786 410 benigne

411 416 644 467 ‘exceptos
708 410 827 452 Haec
849 411 989 452 omnia
1009 411 1121 467 pacis
1143 411 1338 466 equidem
1372 412 1490 467 signa
1516 427 1603 453 esse
1632 412 1785 462 iudico,

410 473 521 509 ‘non
536 468 658 510 belli:
686 483 763 509 1100
783 468 996 509 Romanos
1013 468 1169 509 offendi
1190 484 1321 524 posse,
1336 469 1381 518 si,
1397 478 1443 510 ut
1464 469 1619 510 bellum
1639 485 1786 525 geren-

410 532 495 567 ‘tes
523 541 593 568 eos
623 526 754 567 secuti
783 541 937 576 sumus,
959 541 1072 567 nunc
1094 541 1260 581 quoque
1291 527 1402 582 pacis
1432 535 1618 568 auctores
1638 542 1787 583 sequa-

409 590 421 607 ‘
434 599 538 624 mur.
587 582 677 624 Cur
693 583 864 639 quidem
882 598 956 624 nos
973 583 1224 639 inexpiabile
1242 584 1427 625 omnium
1449 584 1523 625 soli
1542 584 1696 625 bellum
1714 584 1786 626 ad-

409 647 573 682 ‘velsus
594 656 769 706 regnum
793 640 1076 682 Macedonum
1098 656 1300 696 geramus,
1323 657 1406 682 non
1428 641 1561 683 video.
1621 642 1786 698 Oppor-

408 705 420 723 ‘
434 699 525 739 tuni
540 698 852 754 propinquitate
866 698 954 754 ipsa
968 698 1243 739 Macedoniae
1260 699 1426 739 sumus?
1450 714 1502 739 an
1518 699 1786 740 infirmissimi

407 756 634 805 ε011111111111,
664 765 876 811 tanquam,
904 770 1008 811 quos
1037 770 1172 820 nuper
1201 755 1387 805 subiecit,
1418 755 1633 812 Dolopes?
1692 756 1784 798 Imo

407 819 577 854 ‘contra
605 828 665 862 ea,
694 813 761 854 vel
793 812 948 853 viribus
978 813 1140 861 nostris,
1173 812 1298 853 deum
1328 813 1598 869 benignitate,
1625 813 1691 855 vel
1720 822 1818 855 re-6

407 871 566 926 ‘gionis
587 869 806 911 intervallo
827 869 917 910 tuti.
983 869 1067 910 Sed
1087 869 1213 910 simus
1234 885 1366 926 aeque
1387 870 1562 912 subiecti
1582 885 1629 912 ac
1651 870 1816 916 Thes-7

406 927 504 968 ‘sali
525 927 778 983 Aetolique:
811 926 944 968 nihilo
972 926 1066 983 plus
1092 926 1191 968 fidei
1221 927 1559 993 auctoritatisque
1584 928 1784 970 habemus

406 984 625 1026 ‘adversus
648 985 875 1034 Romanos,
898 984 971 1040 qui
993 999 1156 1041 semper
1182 984 1281 1026 socii
1308 993 1433 1041 atque
1464 985 1586 1027 amici
1615 986 1782 1036 fuimus,

405 1048 418 1067 ⁶
431 1057 556 1098 quam
577 1042 734 1092 Aetoli,
756 1042 829 1098 qui
849 1042 989 1097 paullo
1010 1050 1106 1083 ante
1128 1042 1266 1083 hostes
1285 1042 1484 1084 fuerunt?
1546 1042 1674 1092 Quod
1698 1043 1784 1085 Ae-

405 1099 536 1150 ί10115,
558 1100 673 1156 quod
694 1099 917 1149 Thessalis,
941 1100 1055 1156 quod
1083 1099 1278 1156 Epirotis,
1302 1100 1416 1141 omni
1441 1100 1622 1157 denique
1650 1100 1783 1142 Grae-

404 1157 516 1199 ‘ciae
537 1173 633 1199 cum
655 1157 960 1199 Macedonibus
986 1157 1087 1198 iuris
1108 1165 1182 1207 est,
1204 1157 1317 1198 idem
1347 1166 1389 1199 et
1418 1158 1538 1199 nobis
1565 1158 1628 1199 sit.
1693 1157 1784 1200 Cur

404 1215 690 1256 ‘exsecrabilis
726 1215 804 1256 ista
838 1215 958 1256 nobis
990 1214 1085 1255 solis
1112 1214 1226 1256 velut
1256 1215 1445 1256 dissertio
1479 1215 1579 1256 iuris
1609 1215 1782 1257 humani

404 1273 523 1314 ‘est?
583 1272 745 1314 Fecerit
765 1272 925 1329 aliquid
947 1272 1179 1328 Philippus,
1202 1287 1276 1313 eur
1296 1273 1492 1314 adversus
1522 1288 1618 1314 eum
1649 1288 1781 1315 arma-

392 1336 519 1372 r‘tum
549 1338 592 1372 et
620 1330 777 1372 bellum
806 1338 1023 1395 gerentem
1055 1330 1135 1371 hoc
1165 1329 1508 1372 decerneremus.
1547 1330 1650 1387 quid
1680 1331 1781 1372 Per-

403 1393 533 1438 ‘seus,
561 1403 693 1429 novus
719 1403 806 1438 rex,
840 1388 974 1429 omnis
1001 1387 1175 1429 iniuriae
1205 1388 1357 1438 insons,
1380 1402 1455 1429 suo
1475 1388 1678 1430 beneficio
1695 1403 1780 1453 *pa-

403 1452 564 1487 ‘ternas
603 1445 833 1487 simultates
873 1445 1110 1495 obliterans,
1150 1445 1334 1486 meruit?
1374 1460 1448 1486 cur
1481 1445 1557 1486 soli
1592 1446 1780 1487 omnium

402 1503 564 1545 ‘hostes
594 1503 634 1545 ei
665 1504 840 1544 sumus?
903 1503 1157 1559 Quanquam
1190 1511 1232 1544 et
1265 1502 1370 1544 illud
1405 1503 1542 1544 dicere
1577 1511 1778 1559 poteram,

402 1567 415 1586 ‘
428 1569 542 1602 tanta
562 1561 746 1617 priorum
768 1560 1045 1602 Macedoniae
1075 1575 1221 1616 regum
1249 1561 1397 1601 merita
1421 1575 1519 1616 erga
1545 1575 1621 1603 nos
1641 1560 1779 1611 fuisse,

401 1624 473 1660 ‘ut
500 1618 685 1674 Philippi
713 1618 837 1659 unius
863 1618 1047 1667 iniurias,
1070 1618 1103 1658 si
1125 1633 1231 1672 quae
1252 1617 1356 1659 forte
1383 1618 1565 1668 fuerunt,
1587 1618 1610 1640 ᾖ
1631 1618 1776 1675 utique

402 1682 519 1732 ‘post
553 1684 756 1724 mortem3
799 1691 930 1731 quum
965 1675 1104 1716 classis
1140 1675 1332 1716 Romana
1368 1675 1597 1717 Cenchreis
1634 1683 1774 1726 staret,

401 1740 413 1758 ‘
425 1733 570 1774 consul
591 1748 687 1774 cum
709 1733 896 1774 exercitu
918 1732 1077 1773 Elatiae
1098 1741 1217 1782 05501,
1233 1733 1416 1774 triduum
1436 1748 1511 1773 nos
1532 1733 1576 1773 in
1596 1733 1772 1775 concilio

402 1791 562 1841 ‘fuisse‚
589 1790 882 1841 consultantes,
912 1799 1052 1831 utrum
1084 1790 1309 1839 Romanos,
1342 1805 1395 1831 an
1425 1790 1681 1846 Philippum,
1709 1805 1773 1832 se-

402 1855 660 1905 ‘.queremur
724 1847 846 1889 Nihil
873 1856 1008 1888 metus
1034 1862 1229 1902 praesens
1253 1848 1304 1888 ab
1328 1847 1528 1888 Romanis
1553 1847 1809 1889 sententias8

402 1911 584 1947 ‘nostras
604 1905 834 1945 inclinarit:
867 1904 947 1944 fuit
966 1915 1076 1944 certe
1098 1912 1238 1945 tamen
1259 1903 1429 1959 aliquid,
1448 1904 1562 1959 quod
1585 1912 1667 1945 tam
1687 1904 1779 1946 lon-

401 1969 520 2018 ‘gam
554 1962 895 2003 deliberationem
927 1961 1104 2001 faceret:
1143 1961 1187 2001 id
1217 1961 1331 2016 quod
1366 1969 1454 2002 erat
1485 1970 1647 2003 vetusta
1678 1977 1778 2003 con-

401 2019 583 2061 ‘iunctio
613 2034 709 2060 cum
738 2018 1055 2068 Macedonibus,
1076 2026 1217 2059 vetera
1237 2026 1279 2059 et
1300 2033 1449 2074 magna
1469 2018 1513 2059 in
1534 2034 1610 2060 nos
1630 2034 1777 2085 regum

402 2077 584 2118 ‘merita
646 2075 826 2117 Valeant
856 2083 898 2117 et
928 2090 1042 2116 nune
1072 2074 1218 2116 eadem
1250 2075 1331 2125 illa,
1361 2091 1446 2116 non
1473 2084 1520 2116 ut
1554 2077 1776 2143 praecipue

402 2140 413 2159 ‘
426 2134 560 2184 amici,
582 2133 655 2175 sed
682 2149 734 2174 ne
764 2133 986 2189 praecipue
1008 2132 1167 2173 inimici
1187 2132 1325 2173 simus.
1388 2133 1456 2174 Ne
1478 2133 1533 2183 id,
1556 2134 1671 2199 quod
1690 2138 1808 2178 non9

402 2198 413 2217 ‘
425 2192 573 2248 agitur,
594 2190 848 2241 Callicrates,
864 2189 1201 2231 simulaverimus.
1264 2189 1403 2231 Nemo
1423 2205 1552 2232 novae
1570 2192 1777 2234 societatis

443 2323 459 2354 5
477 2316 610 2355 Leyatos
622 2316 752 2346 Romam
765 2315 899 2352 misisse]
919 2313 959 2344 cf.
972 2314 1064 2353 Supr.

400 2358 445 2389 xl.
483 2358 512 2388 8.

442 2365 605 2431 65C‘ontra
630 2401 684 2438 ea]
722 2399 874 2430 Formula
900 2399 979 2429 haee
1010 2409 1066 2438 pro

400 2443 547 2482 simplice
566 2446 677 2472 contra
698 2442 773 2472 alibi
795 2441 964 2472 adhibetur
979 2441 1066 2480 apud

400 2489 554 2516 nostrum.
577 2485 617 2515 cf.
635 2495 721 2524 supr.
742 2483 807 2515 xxi.
824 2494 873 2515 20,
896 2484 967 2514 infr.
989 2483 1065 2514 xliv.

400 2536 464 2610 437
494 2570 557 2601 Sed
590 2570 689 2600 simus
725 2580 825 2609 aeque
861 2569 992 2600 subiecti
1028 2579 1066 2599 ae

403 2613 545 2644 Thessali
556 2612 739 2652 Aetolique]
765 2612 861 2641 Patet
876 2622 913 2641 ex
932 2610 968 2641 iis
985 2621 1066 2650 quae

401 2658 587 2694 sequuntur,
613 2654 673 2693 legi
701 2655 815 2684 debere
839 2655 1079 2693 Epirotaeque..

401 2698 555 2729 Ceterum
579 2697 658 2727 haec
683 2696 729 2727 ita
752 2696 960 2735 intelligenda
983 2699 1066 2733 sunt,

401 2743 438 2771 ut
460 2751 498 2770 ea
519 2740 602 2770 Arco
618 2738 677 2769 511)1
698 2739 766 2778 ipse
782 2738 920 2775 obiiciat,
937 2749 973 2768 ac
990 2739 1065 2768 dum

402 2782 511 2813 obiicit
532 2782 667 2812 refellat.
711 2782 850 2812 Subiectz'
866 2781 949 2811 idem
967 2784 1013 2811 est
1029 2791 1066 2810 ae

402 2835 498 2865 supra
523 2825 703 2864 opportuni.
749 2823 820 2854 Nisi
852 2823 933 2853 forte
963 2824 1066 2862 legen-

404 2869 481 2899 dum
496 2871 544 2898 est
561 2867 666 2906 potius
680 2867 826 2906 suspecti.
851 2867 954 2897 Cussv.

446 2911 464 2941 8
487 2911 583 2941 Nihil
596 2914 697 2941 metus
710 2910 878 2949 praesens]
904 2909 1000 2939 Nihil
1012 2919 1067 2947 pro

1110 2315 1259 2344 nonnihil
1277 2318 1362 2344 recte
1383 2315 1566 2345 emendavit
1581 2315 1774 2348 Perizonius.

1111 2356 1206 2393 Areo,
1227 2360 1262 2386 ut
1283 2357 1461 2387 Crevierius
1483 2358 1616 2396 notavit,
1638 2359 1707 2389 vult
1727 2359 1774 2389 in-

1110 2398 1210 2438 telligi
1235 2399 1456 2429 Romanorum
1479 2404 1614 2439 metum,
1639 2411 1772 2441 quorum

1110 2441 1218 2471 classis
1241 2441 1424 2480 Cenchreis,
1445 2443 1602 2473 exereitus
1622 2444 1775 2475 terrestris

1111 2483 1238 2514 Elatiae
1249 2485 1409 2520 erat,dum
1421 2485 1632 2516 deliberarent
1641 2486 1774 2524 Achaei,

1109 2525 1141 2556 in
1163 2536 1259 2556 causa
1281 2526 1386 2563 fuisse,
1410 2538 1464 2557 0111·
1486 2529 1528 2558 ad
1550 2528 1623 2559 illos
1641 2528 1774 2559 inclina-

1109 2573 1179 2598 rent
1204 2569 1454 2600 consultantium
1480 2570 1588 2602 animi.
1633 2571 1696 2602 Sed
1720 2572 1773 2602 de-

1109 2620 1191 2647 mus,
1211 2610 1326 2650 inquit,
1346 2612 1426 2642 nihil
1451 2616 1528 2643 tunc
1550 2613 1686 2643 valuisse
1708 2623 1774 2644 me-

1109 2656 1178 2683 tum
1195 2654 1296 2684 illum.
1335 2655 1430 2685 Certe
1445 2654 1566 2694 aliquid
1581 2658 1690 2685 tamen
1702 2655 1773 2693 fuit,

1110 2696 1193 2735 quod
1214 2699 1279 2726 tam
1302 2696 1428 2737 longam
1447 2697 1707 2728 deliberationem
1729 2697 1773 2728 fa-

1111 2742 1206 2769 ccret.

1151 2791 1170 2821 9
1193 2782 1245 2811 Ne
1274 2782 1318 2816 id,
1348 2783 1431 2821 qnod
1460 2793 1524 2813 mm
1554 2783 1679 2822 ayitur]
1719 2782 1774 2813 Ne

1111 2823 1264 2853 subiicere
1287 2823 1449 2855 videamur
1463 2824 1682 2856 deliberationi
1703 2835 1774 2856 nos-

1110 2869 1178 2896 trae
1214 2866 1346 2905 aliquid,
1383 2867 1422 2897 de
1459 2878 1522 2906 quo
1558 2877 1623 2899 non
1659 2867 1772 2907 agitur.

1112 2908 1236 2940 Riscn.
