1888 3194
336 185 416 223 144
858 179 1006 222 ΤΙΤΙ
1042 180 1223 223 LIVII

130 282 174 313 U.
191 281 230 313 C.
251 281 323 320 584.
336 286 436 313 euos
466 270 720 327 capientium
742 269 795 310 ad
816 284 1000 325 pugnam
1022 284 1163 325 equos.
1227 268 1288 309 Hi
1309 269 1419 324 pacti
1441 275 1572 317 erant,
1595 281 1726 323 eques

128 325 169 355 A·
192 324 231 356 C·
256 322 325 355 ¹63·
338 328 469 370 denos
498 336 738 384 praesentes
768 341 927 375 aureos,
956 326 1086 381 pedes
1106 326 1269 382 quinos,
1303 325 1416 366 mille
1447 325 1534 366 dux
1565 339 1722 365 eorum.

338 385 620 426 Venientibus
640 384 705 425 his
725 383 902 424 Perseus
924 383 974 423 ab
998 383 1163 439 Enipeo
1185 398 1238 424 ex
1259 383 1401 423 castris
1421 381 1631 438 profectus
1652 382 1724 422 ob-

338 442 449 483 viam
481 457 577 483 cum
614 440 789 481 dimidia
823 440 1037 495 copiarum
1072 448 1189 495 parte
1223 439 1471 480 denuntiare
1507 453 1583 494 per
1613 438 1727 479 vicos

340 499 561 554 urbesque,
580 513 686 553 quae
708 498 798 537 viae
820 497 1080 552 propinquae
1103 506 1212 546 sunt,
1235 496 1385 552 coepit,
1404 505 1451 536 ut
1471 504 1728 536 commeatus

341 556 602 611 expedirent,
628 554 839 603 frumenti,
862 553 961 602 vini,
994 568 1192 608 pecorum
1224 562 1270 593 ut
1300 553 1421 608 copia
1450 563 1567 593 esset.
1630 551 1727 607 Ipse

342 628 485 669 equOS,
508 611 795 667 phalerasque,
822 618 864 650 et
889 610 1042 665 sagula,
1065 609 1224 650 donum
1254 609 1513 664 principibus
1542 609 1663 657 ferre,
1687 615 1730 648 et

341 684 491 725 parum
530 668 632 716 auri,
670 667 782 722 quod
822 667 932 706 inter
970 682 1123 721 paucos
1160 666 1377 714 divideret,
1414 666 1731 707 multitudinem

342 726 516 767 credens
553 724 660 765 trahi
691 738 762 778 spe
794 738 924 778 posse.
986 722 1060 763 Ad
1092 722 1316 763 Almanam
1349 723 1494 762 urbem
1524 722 1760 778 pervenit,1

343 791 385 823 et
415 783 459 822 in
489 782 579 836 ripa
608 780 792 820 fluminis
814 779 917 819 Axii
944 779 1084 833 posuit
1105 788 1248 819 castra.
1314 777 1439 818 Circa
1460 779 1766 819 Desudabam2

342 839 388 879 in
410 838 607 878 Maedica
628 836 835 877 exercitus
859 834 1078 876 Gallorum
1109 834 1367 883 consederat,
1389 835 1626 876 mercedem
1658 850 1732 891 pa-

344 904 451 936 ctam
493 894 724 950 opperiens.
807 892 871 932 Eo
912 892 1041 932 mittit
1082 892 1360 947 Antigonum,
1402 907 1454 932 ex
1494 891 1733 948 purpuratis

343 967 489 1000 unum,
516 951 589 1006 qui
625 951 800 999 iuberet,
837 949 1151 990 multitudinem
1191 948 1409 990 Gallorum
1445 949 1499 990 ad
1530 949 1734 1006 Bylazora

344 1008 573 1063 (Paeoniae
605 1008 639 1048 is
669 1007 784 1048 locus
812 1006 894 1060 est)
915 1015 1047 1047 castra
1074 1021 1254 1055 movere,
1276 1006 1487 1062 principes
1515 1006 1569 1047 ad
1599 1021 1641 1047 se
1663 1021 1734 1046 ve-

343 1066 434 1107 nire
461 1065 712 1121 frequentes,
777 1063 1052 1119 Septuaginta
1073 1063 1260 1118 quinque
1293 1063 1423 1103 millia
1447 1064 1498 1104 ab
1520 1063 1635 1104 Axio
1654 1063 1734 1104 flu—

345 1123 458 1163 mine
481 1132 523 1163 et
544 1122 686 1162 castris
707 1121 815 1176 regis
836 1121 1018 1161 aberant.
1083 1119 1203 1161 Haec
1224 1119 1421 1161 mandata
1441 1120 1495 1161 ad
1514 1135 1585 1162 eos
1601 1134 1734 1175 quum

345 1179 583 1236 pertulisset
609 1178 862 1233 Antigonus,
892 1177 1208 1233 adiecissetque,
1230 1192 1306 1232 per
1325 1177 1436 1217 viam
1457 1185 1615 1232 quanta
1645 1191 1735 1218 om-

345 1237 464 1277 nium
489 1244 732 1291 praeparata
752 1249 851 1275 cura
871 1234 978 1290 regis
1000 1234 1120 1289 copia
1140 1233 1401 1274 multitudini
1421 1234 1540 1283 foret,
1563 1234 1735 1289 quibus-

346 1308 428 1349 que
452 1292 694 1334 muneribus
716 1291 924 1347 principes
945 1291 1229 1340 advenientes,
1246 1291 1383 1340 vestis,
1406 1291 1581 1346 argenti,
1603 1305 1735 1346 equo-

346 1365 524 1405 rumque
561 1358 812 1405 excepturus
847 1363 921 1389 rex
957 1356 1077 1397 esset,
1114 1348 1166 1389 de
1202 1348 1267 1388 his
1303 1348 1475 1403 quidem
1515 1362 1558 1389 se
1595 1362 1734 1389 coram

347 1407 586 1463 cognituros
617 1405 883 1461 respondent.
946 1404 1071 1454 Illud,
1094 1405 1209 1460 quod
1238 1420 1434 1461 praesens
1464 1405 1734 1461 pepigissent,

346 1463 618 1519 interrogant,
641 1462 793 1518 ecquid
816 1477 976 1510 aurum,
1000 1462 1115 1517 quod
1139 1463 1184 1502 in
1211 1462 1396 1517 singulos
1427 1462 1590 1518 pedites
1616 1461 1736 1517 equi-

347 1529 493 1576 tesque
516 1520 791 1561 dividendum
812 1527 931 1568 esset,
953 1534 1093 1560 secum
1116 1519 1388 1560 adduxisset?
1451 1518 1597 1567 Quum
1618 1519 1672 1559 ad
1692 1518 1768 1563 ids

346 1577 453 1617 nihil
485 1577 817 1633 responderetur,
852 1576 1084 1617 Clondicus
1114 1576 1281 1631 regulus
1312 1590 1479 1618 eorum:
1515 1576 1640 1626 ‘Abi,
1671 1591 1737 1617 re-

349 1634 526 1675 ‘nuntia
554 1634 679 1689 ergo,’
709 1633 860 1688 inquit,
893 1633 1020 1688 ‘regi,
1049 1633 1128 1673 nisi
1159 1648 1307 1674 aurum
1337 1633 1587 1688 obsidesque
1617 1648 1769 1676 acce-4

349 1697 362 1715 ‘
376 1691 546 1746 pissent,
568 1704 776 1746 nusquam
802 1690 900 1731 inde
925 1689 1068 1731 Gallos
1088 1689 1253 1746 longius
1274 1690 1496 1745 vestigium
1526 1690 1737 1732 moturos?

349 1747 470 1789 Haec
505 1747 635 1789 relata
669 1747 757 1803 regi
788 1762 920 1802 quum
955 1755 1106 1796 essent,
1140 1747 1341 1788 advocato
1372 1747 1558 1797 consilio,
1589 1762 1735 1803 quum,

350 1805 454 1861 quid
475 1818 620 1846 omnes
641 1804 800 1845 suasuri
821 1813 971 1853 essent,
994 1813 1224 1860 appareret,
1248 1804 1348 1859 ipse,
1371 1804 1588 1860 pecuniae,
1610 1819 1738 1860 quam

349 1862 482 1918 regni,
512 1861 659 1902 melior
688 1870 838 1910 eustos,
865 1861 1017 1902 institit
1044 1861 1096 1902 de
1127 1861 1304 1917 perfidia
1333 1869 1375 1901 et
1404 1860 1568 1902 feritate
1593 1861 1738 1903 Gallo-

349 1934 444 1960 rum
474 1919 697 1959 disserere:
733 1917 997 1958 ‘Multorum
1033 1918 1116 1958 iam
1151 1926 1247 1958 ante
1284 1917 1470 1958 cladibus
1500 1925 1735 1973 expertum,

351 1975 660 2031 ‘periculosum
690 1989 791 2023 esse,
824 1982 982 2014 tantam
1012 1974 1328 2014 multitudinem
1363 1974 1408 2014 in
1439 1973 1738 2016 Macedoniam

352 2032 582 2087 ‘accipere,
613 2046 666 2072 ne
699 2031 906 2086 graviores
941 2045 1011 2071 eos
1043 2030 1175 2071 socios
1209 2030 1403 2079 habeant,
1436 2046 1562 2086 quam
1597 2032 1738 2073 hostes

353 2094 364 2112 ‘
383 2089 606 2130 Romanos.
673 2087 875 2142 Quinque
902 2087 1031 2127 millia
1056 2087 1247 2142 equitum
1273 2087 1370 2128 satis
1398 2103 1499 2137 esse,
1522 2088 1675 2144 quibus
1695 2097 1738 2130 et

353 2151 365 2169 ‘
380 2146 443 2186 uti
474 2145 527 2186 ad
557 2144 714 2186 bellum
734 2152 916 2199 possent,
939 2152 980 2184 et
1001 2159 1180 2199 quorum
1202 2144 1516 2186 multitudinem
1547 2145 1627 2200 ipsi
1651 2161 1738 2187 non

204 2207 271 2248 27.
352 2208 364 2226 ⁶
380 2201 580 2243 timeant.’
641 2201 884 2256 Apparebat
904 2200 1002 2241 inde
1020 2201 1225 2251 omnibus,
1244 2201 1482 2242 mercedem
1504 2201 1738 2244 multitudi-
1751 2208 1769 2239 5

351 2319 422 2340 sum
452 2318 606 2347 equorum
637 2306 888 2345 adaequantium
908 2319 915 2342 ;
954 2306 1021 2336 dix-
1068 2306 1169 2344 dicae,
1186 2317 1269 2345 quae
1285 2306 1409 2337 Edonis
1427 2307 1531 2338 vicina
1549 2311 1605 2339 est.
1629 2308 1738 2340 ΟΜΝ.

351 2354 446 2382 erunt
485 2350 547 2380 hoc
584 2349 731 2388 peditum
767 2359 867 2387 genus
905 2348 1021 2378 Graeci

351 2392 512 2431 ἁμίππους.
538 2392 648 2422 Domi.
693 2390 746 2421 De
761 2390 823 2420 hoe
839 2400 926 2421 more
944 2391 1021 2420 Gal-

353 2436 456 2466 lorum
478 2434 517 2465 cf.
537 2433 673 2464 Pausan.
689 2432 724 2463 in
739 2432 836 2463 Phoc.
858 2442 904 2472 19.
928 2433 1020 2464 Caes.

353 2479 394 2509 de
410 2477 495 2508 Bell.
512 2476 601 2507 Gall.
617 2475 637 2506 i.
655 2475 704 2512 48.

400 2529 412 2550 1
431 2520 485 2549 Ad
499 2518 688 2554 Almanam]
714 2518 857 2546 Almana
873 2517 946 2547 urbs
962 2516 1023 2547 fuit

353 2560 578 2597 Macedoniae,
591 2560 641 2589 vel
658 2559 689 2588 in
706 2559 775 2598 ripa
792 2559 879 2596 Axii,
892 2560 943 2589 vel
960 2569 1022 2589 non

353 2605 448 2643 longe
463 2603 538 2633 inde
554 2601 625 2639 sita,
641 2601 732 2631 cuius
751 2605 877 2640 praeter
894 2601 1022 2632 Livium

353 2655 448 2678 nemo
464 2643 621 2674 meminit.
647 2643 761 2673 DRAK.

397 2697 413 2717 2
437 2684 659 2724 Desudabam]
703 2685 777 2715 1100
807 2695 925 2715 nomen
959 2695 1022 2716 non

352 2729 512 2761 immerito
544 2731 729 2766 suspectum
764 2730 811 2757 est
843 2728 909 2757 Iac.
941 2727 1021 2757 Gro-

352 2772 459 2809 novio,
482 2770 536 2810 qui
557 2773 661 2800 mutat
681 2769 763 2798 illud
785 2769 817 2798 in
839 2770 993 2799 Oeszfmam
1012 2780 1018 2803 ;

352 2824 435 2854 quae
465 2813 540 2842 urbs
569 2812 627 2842 etsi
659 2811 782 2841 Edonis
809 2811 904 2850 vulgo
934 2811 1021 2841 attri-

352 2856 471 2892 buitur,
497 2854 578 2884 nihil
608 2857 717 2883 tamen
748 2857 835 2883 vetut
865 2863 934 2883 eam
965 2853 1021 2883 ali-

353 2899 482 2939 quando
505 2896 649 2927 habitam
673 2895 770 2926 fuisse
796 2894 907 2925 finium
931 2895 1020 2925 Mae-

1111 2358 1128 2387 3
1144 2350 1358 2387 Adduxisset]
1376 2351 1565 2381 Adveoeisset
1577 2360 1618 2380 ex
1630 2360 1737 2382 emen-

1067 2391 1196 2421 datione
1214 2391 1355 2422 Gronov.
1372 2391 1515 2431 reposuit
1531 2392 1673 2423 Bekker.

1109 2445 1128 2471 4
1150 2434 1374 2472 Aca-epissent]
1398 2435 1593 2474 Acceperint
1611 2435 1738 2465 mavult

1069 2475 1263 2507 Gronovius,

1111 2525 1128 2556 5
1144 2518 1335 2557 Apparebat
1351 2518 1425 2549 inde
1440 2519 1600 2556 omnibus]
1627 2518 1737 2558 Vulgo

1067 2561 1102 2589 in
1132 2561 1287 2596 omnibus,
1313 2560 1399 2598 quod
1428 2560 1543 2590 merito
1573 2560 1737 2591 Gronovio

1067 2601 1201 2640 aliisque
1231 2601 1404 2640 displicuit.
1459 2602 1629 2633 Bekkerus
1656 2602 1737 2633 Gro-

1067 2644 1197 2674 novium
1213 2646 1341 2673 secutus
1356 2643 1625 2683 praepositionem
1639 2645 1737 2683 delet,

1068 2689 1165 2725 atque
1188 2685 1342 2722 omnibus,
1365 2694 1407 2715 se.
1431 2685 1486 2725 qui
1509 2685 1542 2716 in
1566 2686 1737 2717 eonsilium

1067 2728 1170 2758 vocati
1191 2730 1292 2764 erant,
1307 2726 1425 2758 scribit.
1471 2727 1676 2768 Kreyssigius
1695 2739 1737 2759 ex

1067 2768 1249 2801 coniectura
1287 2769 1543 2800 Drakenborchii
1579 2771 1653 2801 inde
1688 2781 1738 2801 re-

1067 2812 1184 2851 posuit,
1200 2811 1351 2851 quoniam
1369 2811 1420 2848 ivi,
1435 2811 1500 2842 sive
1519 2812 1604 2849 inde,
1620 2815 1651 2843 et
1666 2814 1702 2843 in
1717 2823 1736 2844 a

1066 2854 1200 2885 librariis
1217 2853 1369 2884 confundi
1385 2854 1499 2885 solent.
