1888 3194
336 176 418 213 234
845 167 1217 210 EPITOMAE

981 371 1078 412 LII.

339 487 478 531 CUM
516 486 713 536 Achaeis,
750 485 823 541 qui
858 486 903 526 in
938 485 1095 526 auxilio
1129 484 1311 526 Boeotos
1346 491 1389 526 et
1424 482 1726 525 Chalcidenses

334 546 559 594 habebant,
600 543 653 592 Q.
686 542 896 585 Caecilius
932 541 1135 583 Metellus
1175 541 1229 583 ad
1270 540 1574 597 Thermopylas
1614 538 1726 581 bello

336 603 551 646 conflixit:
586 601 738 657 quibus
765 599 899 648 victis,
925 598 1013 639 dux
1044 613 1190 639 eorum
1218 597 1429 639 Critolaus
1455 613 1620 639 veneno
1647 595 1726 638 sibi

335 669 513 701 mortem
535 657 747 699 conscivit.
810 655 861 696 In
887 656 1005 696 cuius
1029 654 1168 696 locum
1190 654 1363 704 Diaeus,
1386 655 1564 696 Achaici
1588 662 1727 695 motus

367 718 495 757 rimus
525 724 681 762 auctor,
704 714 755 754 ab
782 712 964 753 Achaeis
991 712 1080 752 dux
1110 720 1285 760 creatus,
1314 711 1368 752 ad
1397 710 1590 752 Isthmon
1619 726 1644 752 a
1673 710 1724 752 L.

336 733 549 815 iiIummio
585 769 755 812 consule
790 769 924 809 victus
959 776 1046 809 est:
1095 768 1181 823 qui,
1218 768 1335 808 omni
1372 767 1534 808 Achaia
1571 768 1617 807 in
1653 767 1728 808 de-

336 831 541 871 ditionem
581 836 765 882 accepta,
805 824 1044 866 Corinthon
1089 840 1143 866 ex
1183 823 1543 865 senatusconsulto
1583 823 1726 873 diruit,

337 887 436 943 quia
465 886 524 927 ibi
554 884 681 940 legati
711 882 893 924 Romani
920 881 1061 923 violati
1089 891 1218 923 erant.
1282 881 1455 922 Thebae
1484 896 1653 937 quoque
1684 889 1729 922 et

339 943 522 992 Chalcis,
545 956 653 997 quae
683 939 840 981 auxilio
860 940 1039 989 fuerant,
1062 939 1236 980 dirutae.
1298 937 1393 994 Ipse
1422 937 1472 979 L.
1492 937 1728 980 Mummius

337 999 736 1043 abstinentissimum
758 997 892 1038 virum
914 996 1025 1052 egit:
1058 1011 1138 1038 nec
1167 996 1394 1052 quicquam
1422 1010 1476 1036 ex
1503 995 1554 1036 iis
1578 995 1728 1050 opibus

335 1056 688 1111 ornamentisque,
706 1069 813 1110 quae
834 1054 1051 1109 praedives
1070 1053 1295 1095 Corinthos
1315 1052 1475 1102 habuit,
1492 1052 1538 1093 in
1553 1051 1728 1093 domum

336 1116 425 1156 eius
465 1113 667 1170 pervenit.
734 1111 787 1159 Q.
814 1110 1025 1152 Caecilius
1064 1110 1264 1152 Metellus
1304 1110 1357 1151 de
1400 1109 1610 1151 Andrisco
1655 1109 1729 1150 tri-

337 1171 582 1228 umphavit3
625 1170 673 1211 P.
695 1168 919 1210 Cornelius
958 1168 1098 1223 Scipio
1127 1167 1351 1208 Africanus
1379 1166 1643 1208 Aemilianus
1672 1165 1727 1207 de

340 1228 596 1284 Carthagine
619 1235 660 1268 et
681 1226 733 1267 de
758 1225 1033 1266 Hasdrubale.
1096 1224 1313 1265 Viriathus
1341 1224 1385 1265 in
1408 1223 1616 1280 Hispania
1641 1223 1728 1279 pri-

337 1301 453 1326 mum
494 1300 547 1326 ex
586 1294 749 1340 pastore
790 1291 973 1332 venator,
1011 1297 1064 1323 ex
1098 1291 1295 1323 venatore
1335 1281 1452 1331 latro,
1489 1295 1589 1322 mox
1627 1279 1728 1321 iusti

337 1357 506 1399 quoque
533 1341 740 1382 exercitus
761 1340 849 1380 dux
868 1339 1013 1388 factus,
1036 1347 1166 1380 totam
1189 1338 1451 1379 Lusitaniam
1478 1337 1725 1394 occupavit,

340 1400 390 1441 C.
410 1398 615 1440 Vetilium
654 1405 902 1454 praetorem,
942 1396 1034 1437 fuso
1074 1396 1164 1436 eius
1204 1395 1405 1445 exercitu,
1442 1395 1580 1450 cepit:
1631 1402 1728 1450 post

337 1472 464 1513 quem
499 1455 549 1496 C.
570 1455 760 1496 Plautius
789 1463 955 1510 praetor
985 1452 1117 1493 nihilo
1141 1452 1303 1493 felicius
1330 1467 1420 1493 rem
1448 1451 1601 1507 gessit:
1635 1461 1728 1492 tan-

336 1524 511 1569 tumque
535 1512 701 1553 terroris
722 1511 755 1552 is
776 1510 904 1551 hostis
926 1509 1081 1558 intulit,
1103 1519 1151 1550 ut
1176 1509 1372 1549 adversus
1397 1523 1495 1550 eum
1520 1507 1728 1549 consulari

337 1586 442 1627 opus
470 1579 577 1611 esset
605 1578 647 1609 et
668 1569 788 1616 duce,
815 1576 858 1608 et
886 1567 1085 1608 exercitu.
1148 1565 1373 1607 Praeterea
1399 1574 1536 1607 motus
1568 1564 1726 1621 Syriae,

336 1637 379 1669 et
411 1627 520 1668 bella
555 1627 665 1667 inter
698 1639 817 1680 reges
852 1632 968 1679 gesta
999 1623 1247 1664 referuntur.
1311 1622 1568 1672 Alexander,
1600 1622 1728 1664 homo

334 1686 505 1740 ignotus
537 1692 579 1724 et
610 1683 793 1723 incertae
827 1681 978 1736 stirpis,
1011 1680 1160 1730 occiso,
1192 1680 1299 1721 sicut
1331 1689 1428 1722 ante
1460 1679 1621 1721 dictum
1651 1687 1727 1730 est,

336 1741 557 1783 Demetrio
581 1755 692 1796 rege,
716 1739 760 1779 in
788 1738 909 1795 Syria
932 1738 1142 1794 regnabat.
1207 1737 1336 1778 Hunc
1358 1737 1615 1786 Demetrius,
1638 1736 1729 1778 De-

337 1799 475 1840 metrii
503 1797 624 1846 filius,
648 1796 721 1852 qui
750 1811 774 1836 a
801 1805 917 1852 patre
943 1795 1157 1851 quondam
1189 1795 1242 1836 ob
1270 1795 1450 1836 incertos
1480 1793 1580 1835 belli
1609 1809 1728 1835 casus

336 1856 551 1911 ablegatus
589 1854 765 1895 Gnidon
804 1853 952 1902 fuerat,
990 1861 1231 1907 contempta
1271 1852 1459 1893 socordia
1492 1851 1727 1907 inertiaque

336 1914 439 1962 eius,
484 1912 707 1953 adiuvante
751 1910 1009 1958 Ptolemaeo,
1052 1909 1240 1964 Aegypti
1285 1924 1396 1964 rege,
1438 1908 1557 1949 cuius
1597 1907 1727 1948 filiam

340 1970 610 2025 Cleopatram
650 1968 695 2007 in
733 1967 1045 2007 matrimonium
1085 1974 1314 2020 acceperat,
1351 1964 1461 2006 bello
1499 1964 1724 2006 interemit.

336 2026 615 2074 Ptolemaeus,
637 2025 681 2064 in
703 2032 828 2079 caput
847 2023 1028 2078 graviter
1047 2021 1299 2071 vulneratus,
1322 2022 1433 2062 inter
1452 2021 1726 2072 curationem,

336 2084 438 2124 dum
470 2097 560 2123 ossa
587 2080 740 2121 medici
769 2081 977 2121 terebrare
1009 2078 1286 2128 contendunt,
1314 2079 1564 2134 exspiravit:
1598 2087 1725 2135 atque

337 2141 382 2180 in
402 2140 541 2180 locum
563 2138 652 2179 eius
672 2137 798 2178 frater
822 2136 959 2177 minor
979 2135 1258 2185 Ptolemaeus,
1281 2136 1355 2191 qui
1379 2135 1559 2192 Cyrenis
1579 2151 1728 2192 regna-

337 2197 420 2246 bat,
443 2195 650 2236 successit.
715 2194 959 2234 Demetrius
986 2194 1039 2234 ob
1061 2193 1363 2242 crudelitatem,
1386 2208 1513 2248 quam
1540 2208 1616 2249 per
1642 2202 1728 2234 tor-

338 2261 482 2294 menta
522 2252 566 2292 in
608 2266 704 2292 suos
746 2251 979 2299 exercebat,
1017 2265 1041 2291 a
1082 2250 1269 2291 Diodoto
1312 2250 1508 2306 quodam,
1545 2265 1631 2291 uno
1673 2265 1727 2292 ex

338 2309 545 2358 subiectis,
579 2309 652 2363 qui
682 2307 915 2349 Alexandri
946 2307 1047 2356 filio,
1081 2307 1240 2348 bimulo
1274 2307 1515 2356 admodum,
1548 2322 1724 2363 regnum

338 2367 556 2415 asserebat,
585 2365 695 2406 bello
725 2373 954 2420 superatus,
988 2364 1220 2405 Seleuciam
1250 2364 1448 2420 confugit.
1511 2363 1561 2405 L.
1581 2363 1727 2405 Mum-

338 2425 446 2464 mius
474 2423 526 2464 de
554 2422 736 2463 Achaeis
764 2422 1061 2477 triumphavit:
1096 2422 1215 2477 signa
1242 2437 1373 2471 aerea,
1397 2435 1724 2477 marmoreaque,

339 2489 382 2522 et
401 2479 560 2522 tabulas
580 2480 711 2535 pictas
732 2479 776 2519 in
797 2479 1009 2535 triumpho
1030 2479 1137 2520 tulit.

971 2706 1090 2747 LIII.

338 2823 429 2864 ΑΡ.
457 2820 778 2864 CLAUDIUS
810 2820 956 2862 consul
989 2819 1183 2870 Salassos,
1211 2828 1381 2876 gentem
1408 2820 1620 2876 Alpinam,
1649 2820 1725 2862 do-

337 2880 453 2921 muit.
497 2879 620 2921 Alter
640 2877 1024 2934 Pseudophilippus
1044 2878 1088 2919 in
1111 2877 1363 2935 Macedonia
1385 2893 1408 2919 a
1430 2877 1478 2918 L.
1496 2877 1724 2920 Tremellio
