1888 3194
956 199 1248 237 INDEX.

416 276 609 315 Onchestus,
624 275 727 307 amnis
742 275 776 307 in
791 275 961 307 Thessalia
977 285 1028 316 33,
1044 275 1073 308 6.

417 319 588 350 Onesimus
621 320 772 357 Macedo,
802 319 960 359 Pythonis
989 319 1085 358 filius,

459 363 601 394 Romam
617 362 757 403 profugit
773 373 825 402 44,
841 361 888 393 16.
913 362 981 393 eius
995 372 1085 402 prae-

458 405 535 443 mia,
550 405 627 436 ibid.

418 449 624 486 Onomastus,
644 447 826 478 maritimae
850 458 924 479 orae
946 448 1086 488 praefec-

458 494 510 521 tus
534 501 553 522 a
580 491 747 530 Philippo,
773 490 859 521 iussu
886 491 954 521 eius
979 491 1085 521 Maro-

458 534 553 572 nitas,
576 533 765 564 intromissis
788 534 822 564 in
847 534 958 564 urbem
984 533 1086 563 Thra-

459 577 560 614 cibus,
569 576 708 607 trucidat
721 585 829 617 39,34.
846 586 919 606 curn
932 576 1086 615 Philippo

457 619 580 650 iudicat
595 620 635 649 de
653 619 820 649 Demetrio
837 629 888 656 40,
904 619 933 649 8.

416 663 525 702 Opera
562 661 693 701 publica
733 671 910 699 censorum,
948 659 1085 700 pecunia

458 704 590 744 publica
609 704 696 733 facta
716 713 768 741 41,
791 713 839 742 32.
864 714 916 742 44,
936 702 981 734 16.
1009 713 1083 742 ope-

456 756 528 776 rum
562 746 765 785 publicorum
799 746 887 786 apud
918 746 1085 776 Romanos

455 788 520 819 iam
537 789 577 818 ab
593 789 734 827 antiquis
748 788 948 828 temporibus
962 788 1083 828 magni-

457 831 587 861 ficentia
606 841 633 868 1,
651 830 700 869 56.

366 890 368 892 ·
415 874 559 913 Opifices
579 874 621 904 ad
640 874 763 904 bellum
784 873 881 904 exciti
897 874 928 912 8,
945 883 994 905 20.
1017 872 1083 913 opi-

457 917 533 947 fices
553 916 757 956 Carthaginis
778 917 894 947 Novae
914 916 1012 956 capti,
1028 926 1084 956 po-

456 959 527 999 puli
552 959 649 990 Rom.
677 959 832 990 exercitui
856 959 1017 990 distributi
1044 959 1085 990 ad

457 1012 570 1041 operas
587 1000 638 1040 26,
653 1008 703 1041 47.

416 1044 537 1084 Opima
552 1044 656 1084 spolia
672 1055 754 1084 quae
769 1044 941 1076 dicantur?
964 1056 995 1083 4,
1012 1054 1061 1076 20.

416 1087 560 1127 Opimia,
584 1087 670 1127 virgo
696 1088 848 1126 Vestalis,
872 1087 973 1128 stupri
999 1098 1084 1119 com-

457 1134 560 1169 perta,
578 1131 636 1161 sub
656 1133 785 1169 terram,
800 1131 842 1162 ad
861 1135 988 1171 portam
1010 1131 1085 1162 Col-

392 1180 398 1188 ‘
456 1173 569 1211 linam,
585 1177 699 1204 necata
716 1183 766 1211 22,
780 1181 829 1213 57.

414 1215 451 1247 L.
470 1215 621 1255 Opimius
646 1216 763 1254 Pansa,
785 1219 944 1255 quaestor,
968 1215 1084 1247 occidi-

455 1262 508 1289 tur
522 1269 542 1289 a
558 1259 755 1289 Samnitibus
774 1257 831 1297 10,x
839 1268 889 1298 32.

416 1301 498 1341 Opis
511 1302 607 1332 aedes
622 1301 655 1332 in
672 1301 835 1341 Capitolio
852 1311 904 1343 39,
921 1311 969 1333 22.

415 1342 453 1375 L.
472 1343 669 1383 Opiter-nius,
700 1345 845 1375 conditor
874 1349 907 1375 et
939 1345 1085 1376 sacerdos

458 1386 713 1418 Bacchanalium
731 1397 781 1428 39,
801 1395 848 1427 17.

415 1429 535 1469 Oppia,
562 1429 647 1470 virgo
675 1430 828 1468 Vestalis,
854 1431 1008 1461 damnata
1036 1429 1083 1460 in-

457 1472 546 1509 cesti,
562 1473 618 1502 dat
634 1483 753 1512 poenas
771 1482 800 1510 2,
816 1482 866 1511 42.

416 1514 526 1554 Oppia
541 1514 701 1557 (Vestia),
716 1515 832 1545 mulier
844 1516 1006 1553 Atellana,
1022 1515 1084 1546 Ca-

455 1567 540 1597 puae
567 1557 729 1596 habitans,
754 1558 897 1597 quotidie
926 1558 1083 1589 sacrificat

455 1610 513 1639 pro
529 1601 632 1631 salute
656 1604 688 1631 et
703 1600 836 1631 victoria
855 1601 969 1641 populi
986 1601 1083 1633 Rom.

458 1641 509 1680 26,
540 1651 590 1682 33.
627 1642 733 1674 eidem
766 1644 852 1674 bona
885 1647 918 1675 et
953 1644 1084 1675 libertas

456 1685 669 1716 restituuntur
685 1696 734 1726 34.

414 1728 524 1768 Oppia
544 1729 598 1759 lex
619 1729 659 1760 de
679 1730 769 1760 cultu
791 1733 1011 1760 matronarum
1032 1738 1083 1769 34,

459 1781 485 1802 1.
509 1781 567 1811 pro
585 1782 624 1803 ea
639 1772 740 1803 oratio
756 1773 804 1804 Μ.
818 1772 952 1804 Catonis
972 1783 1035 1803 cos.
1053 1782 1082 1804 2.

454 1814 607 1845 adversus
639 1825 711 1845 eam
745 1815 847 1846 oratio
884 1816 921 1847 L.
948 1815 1084 1854 Valerii,

453 1856 526 1887 trib.
542 1858 586 1897 pl.
605 1865 634 1897 5.
656 1859 826 1898 abrogatur
841 1858 871 1890 8.

413 1899 451 1930 C.
469 1900 607 1939 Oppius,
622 1900 694 1932 trib.
712 1902 756 1941 pl.
774 1905 899 1932 creatus
914 1910 945 1941 3,
962 1908 1012 1941 54.

412 1942 450 1974 C.
463 1942 601 1982 Oppius,
617 1944 797 1983 praefectus
812 1944 945 1982 socium,
959 1944 1083 1975 invadit

453 1986 665 2016 tumultuaria
683 1997 782 2017 manu
801 1997 911 2027 agrum
928 1987 1083 2018 Boiorum

455 2037 508 2067 31,
530 2038 557 2060 2.
585 2028 821 2061 circumventus
846 2040 866 2061 a
890 2030 991 2068 Boiis,
1014 2040 1082 2061 cae-

455 2071 552 2109 ditur,
567 2071 644 2103 ibid.

414 2113 452 2144 C.
470 2113 608 2154 Oppius,
623 2114 695 2146 trib.
712 2116 756 2155 pl.
774 2125 826 2154 34,
845 2126 870 2147 1.
886 2126 953 2156 sqq.

413 2155 451 2186 L.
470 2157 607 2196 Oppius,
623 2157 694 2189 trib.
711 2158 755 2197 pl.
773 2168 824 2198 32,
841 2159 890 2190 28.

412 2198 451 2230 L.
469 2199 596 2239 Oppius
611 2199 781 2239 Salinator,
797 2205 868 2240 post
883 2201 1082 2232 aedilitatem

455 2242 570 2280 plebis,
585 2242 619 2272 in
635 2243 778 2274 Siciliam
799 2244 932 2274 classem
951 2243 1082 2284 triginta

455 2283 586 2315 navium
624 2285 741 2316 ducere
776 2285 905 2316 iubetur
941 2294 992 2325 35,
1031 2295 1080 2324 23.

455 2330 580 2356 creatur
608 2331 736 2366 praetor
767 2337 816 2367 24.
853 2328 982 2358 sortitur
1011 2328 1081 2360 Sar-

456 2368 577 2398 diniam
593 2368 645 2407 36,
661 2379 689 2400 2.

413 2410 462 2441 M.
477 2410 603 2450 Oppius
617 2411 650 2442 in
666 2411 842 2443 secessione
853 2412 993 2444 rnilitum
1007 2424 1081 2444 cum

456 2453 530 2484 Sex.
538 2453 674 2484 Manilio
687 2464 830 2486 summae
840 2466 944 2486 rerum
955 2459 1082 2496 praeest

456 2504 487 2535 3,
504 2504 554 2534 51·

414 2538 468 2578 Sp.
483 2538 611 2578 Oppius
626 2539 784 2571 Cornicen
806 2541 967 2571 decemvir
995 2552 1079 2572 crea-

454 2585 507 2611 tur
525 2590 555 2620 3,
571 2589 622 2620 35.
649 2583 836 2613 decemviris
858 2584 929 2615 aliis
951 2585 992 2614 ad
1015 2585 1081 2615 bel-

454 2624 522 2654 lum
553 2625 826 2663 proficiscentibus
855 2627 919 2666 Ap.
943 2627 1081 2658 Claudio

453 2666 581 2697 adiutor
605 2668 648 2698 ad
673 2669 784 2699 urbem
808 2670 961 2700 tuendam
986 2670 1081 2700 datur

454 2719 504 2747 41.
531 2712 568 2739 ut
590 2710 746 2741 auxilium
771 2712 911 2752 collegae
933 2712 1025 2750 ferat,
1046 2712 1081 2743 in

452 2752 556 2782 forum
577 2752 726 2792 irrumpit
742 2763 792 2794 49.
816 2758 962 2785 senatum
982 2755 1080 2786 habet

453 2801 503 2833 50.
543 2798 711 2825 accusatur
740 2797 790 2834 58.
823 2797 913 2828 testis
940 2797 973 2827 in
1004 2808 1079 2828 eum

453 2837 640 2876 productus,
652 2837 727 2869 ibid.
753 2838 890 2878 Oppius,
902 2839 934 2870 in
951 2839 1079 2871 vincula

454 2880 569 2911 ductus
583 2880 643 2911 sibi
659 2891 772 2911 manus
787 2881 893 2920 infert,
908 2882 985 2914 ibid.

412 2922 590 2963 Oppidum,
606 2933 679 2964 pars
693 2923 780 2955 urbis
795 2925 890 2957 Rom.
908 2935 960 2964 42,
978 2935 1026 2958 20.

1130 277 1233 317 Opus,
1250 277 1325 307 urbs
1345 275 1500 313 Locridis,
1521 273 1648 314 capitur
1666 284 1704 306 ac
1724 273 1796 305 diri-

1171 319 1258 359 pitur
1278 320 1318 350 ab
1335 320 1448 350 Attalo
1471 319 1521 356 28,
1544 325 1571 358 7.
1596 318 1728 357 Opunte
1750 327 1797 348 se-

1171 362 1251 393 ditio
1268 371 1319 401 32,
1336 371 1386 401 32.

1131 405 1268 445 Opuntii
1286 406 1336 443 28,
1352 404 1380 437 6.
1404 414 1514 435 eorum
1529 401 1721 443 emporium,
1733 402 1797 443 Cy-

1173 458 1233 478 nus
1250 448 1406 485 Locridis,
1421 447 1497 478 ibid.

1131 491 1197 522 Ora
1213 501 1270 530 pro
1284 491 1361 521 fune
1376 490 1505 520 nautico
1523 499 1574 527 22,
1593 498 1639 530 19.
1665 488 1715 525 28,
1731 485 1781 527 36.

1131 533 1308 564 Oraculum
1333 532 1494 572 Apollinis
1516 533 1558 562 ad
1584 532 1709 562 Hieran
1734 531 1797 562 Co-

1171 586 1247 606 men
1269 576 1321 613 38,
1345 584 1391 613 13.
1416 575 1617 614 Delphicum
1641 583 1669 611 1,
1690 571 1740 612 56.
1765 580 1797 612 5,

1177 626 1224 656 15.
1250 627 1300 654 22,
1323 624 1372 656 57.
1402 626 1452 658 29,
1478 627 1516 648 10
1538 620 1570 647 et
1596 626 1643 648 11.
1670 625 1722 654 41,
1746 622 1796 655 27.

1172 659 1342 691 Dodonaei
1365 660 1452 690 Iovis
1472 660 1503 698 8,
1525 669 1573 698 24.
1601 658 1797 699 Sibyllinum

1173 713 1188 733 2
1215 726 1223 740 ,
1243 712 1289 733 10.

1129 713 1346 780 Orbitanium,
1360 745 1435 775 urbs
1450 744 1482 774 in
1499 743 1630 775 Samnio
1647 753 1698 782 24,
1715 753 1764 775 20.

1128 789 1349 819 Orchomenos
1364 787 1489 818 reddita
1504 786 1642 818 Achaeis
1659 796 1709 826 32,
1725 793 1754 826 5.

1128 831 1289 863 Ordinum
1304 841 1342 861 ac
1357 830 1550 869 dignitatum
1566 828 1736 860 discrimen
1749 828 1797 860 in-

1170 874 1317 905 stitutum
1343 884 1363 904 a
1387 873 1496 904 Servio
1520 882 1592 912 rege
1618 882 1645 910 1,
1669 881 1718 910 42.
1750 882 1797 903 or-

1170 916 1283 948 dinum
1320 916 1354 946 in
1386 915 1478 951 Hudis
1515 915 1797 946 discernendorum

1170 970 1240 990 mos
1263 959 1378 999 incipit
1398 968 1450 998 34,
1466 966 1515 997 54.
1539 959 1616 989 ordo
1639 957 1797 997 amplissi-

1171 1013 1255 1041 mus,
1280 1002 1356 1032 ibid.
1386 1003 1463 1032 ordo
1489 1001 1523 1032 in
1547 1000 1674 1039 militia,
1696 1001 1798 1031 altera

1171 1055 1245 1085 pars
1259 1045 1418 1085 manipuli
1431 1045 1462 1083 8,
1473 1044 1502 1075 8.
1524 1044 1672 1074 ordinum
1684 1044 1798 1074 ductor

1174 1095 1202 1127 7,
1227 1098 1278 1127 41.
1306 1087 1451 1119 decimus
1475 1087 1552 1118 ordo
1576 1087 1722 1117 hastatus
1744 1095 1797 1125 42,

1129 1174 1264 1205 Orestae
1287 1183 1339 1212 42,
1364 1174 1414 1213 38.
1446 1172 1496 1211 iis,
1521 1172 1608 1212 quod
1634 1170 1730 1212 primi
1755 1172 1796 1203 ab

1169 1227 1243 1257 rege
1284 1217 1440 1256 Philippo
1483 1215 1685 1253 defecissent,
1720 1223 1797 1246 suae

1170 1260 1257 1299 leges
1272 1259 1417 1290 redditae
1434 1268 1484 1299 33,
1503 1268 1552 1298 34.

1129 1302 1261 1340 Orestis,
1276 1302 1362 1342 regio
1380 1309 1430 1341 27,
1448 1311 1497 1342 33.
1520 1310 1572 1340 31,
1588 1310 1639 1339 40.

1128 1345 1274 1383 Oretani,
1289 1345 1402 1385 populi
1420 1354 1470 1382 21,
1490 1354 1537 1375 11.
1562 1351 1613 1383 35,
1631 1351 1658 1383 7.
1684 1352 1736 1381 41,
1753 1351 1782 1383 3.

1129 1388 1261 1426 Oreum,
1283 1389 1359 1418 urbs
1380 1387 1413 1417 in
1437 1387 1573 1417 Euboea
1595 1386 1647 1423 28,
1670 1392 1687 1424 5
1711 1389 1744 1416 et
1766 1386 1796 1418 8.

1170 1439 1222 1469 31,
1239 1440 1279 1468 40
1300 1433 1332 1461 et
1348 1429 1399 1468 46.
1422 1441 1475 1468 44,
1494 1438 1529 1469 13
1546 1431 1579 1459 et
1597 1437 1648 1467 30.
1671 1428 1797 1468 capitur

1168 1483 1189 1503 a
1219 1472 1376 1504 Romanis
1403 1473 1454 1510 28,
1479 1471 1509 1504 6.
1541 1471 1659 1502 iterum
1684 1481 1705 1501 a
1730 1471 1797 1502 Ro-

1169 1516 1273 1546 manis
1288 1519 1321 1546 et
1336 1516 1449 1546 Attalo
1469 1517 1674 1555 oppugnatur
1693 1516 1725 1544 et
1745 1524 1797 1544 ca-

1169 1559 1257 1598 pitur
1281 1567 1333 1598 31,
1357 1557 1408 1597 46.
1440 1558 1525 1589 Oreo
1549 1557 1680 1588 libertas
1702 1556 1798 1588 datur

1170 1610 1222 1641 339
1238 1611 1290 1641 34·

1129 1643 1311 1684 Orgessum,
1328 1644 1497 1675 castellum
1513 1651 1565 1682 31,
1581 1649 1632 1682 27.

1129 1687 1252 1719 Oricini
1278 1685 1328 1725 26,
1351 1695 1401 1727 25.
1423 1687 1457 1718 in
1479 1696 1588 1718 eorum
1609 1685 1689 1716 fines
1712 1684 1796 1715 subi-

1169 1735 1236 1761 tam
1258 1730 1499 1770 expeditionem
1518 1728 1596 1760 facit
1612 1727 1797 1768 Philippus,

1169 1773 1246 1804 ibid.

1129 1815 1273 1854 Oricum,
1290 1815 1399 1856 oppid.
1421 1825 1472 1855 24,
1493 1825 1544 1854 40.
1569 1814 1610 1845 ab
1630 1812 1729 1845 Orico
1751 1813 1795 1844 le-

1169 1859 1235 1899 gati
1250 1860 1292 1889 ad
1307 1859 1356 1890 M.
1368 1858 1536 1890 Valerium
1552 1860 1732 1897 praetorem
1744 1866 1796 1887 ve-

1169 1901 1275 1940 niunt,
1304 1902 1381 1933 ibid.
1423 1901 1556 1933 Oricum
1585 1910 1605 1930 a
1638 1899 1796 1939 Philippo

1169 1948 1313 1984 captum,
1324 1944 1401 1976 ibid.
1423 1944 1579 1984 recipitur
1592 1953 1612 1974 a
1627 1942 1795 1980 Romanis,

1168 1987 1246 2019 ibid.

1128 2030 1274 2070 Origines
1290 2030 1338 2062 M.
1351 2029 1485 2062 Catonis
1501 2038 1552 2069 34,
1568 2035 1597 2068 5.
1620 2027 1690 2059 eius
1704 2037 1794 2067 oper-

1167 2073 1194 2103 is
1209 2073 1290 2104 liber
1304 2073 1434 2113 quintus
1450 2079 1502 2112 45,
1519 2079 1568 2111 25.

1127 2115 1264 2156 Oringis,
1284 2117 1359 2146 urbs
1381 2114 1561 2154 Hispaniae
1584 2111 1712 2153 (eadem
1732 2112 1794 2142 for-

1166 2162 1260 2196 tasse,
1277 2169 1360 2198 quae
1377 2155 1519 2197 Aurinx)
1539 2158 1744 2196 oppugnatur
1761 2158 1794 2186 et

1168 2201 1294 2240 capitur
1316 2211 1336 2231 a
1359 2201 1397 2231 L.
1414 2199 1563 2239 Scipione
1589 2198 1640 2236 28,
1666 2208 1694 2238 3.
1726 2198 1794 2229 eius

1166 2253 1241 2282 ager
1260 2243 1399 2283 frugifer,
1414 2246 1583 2282 argentum
1601 2241 1728 2272 incolae
1747 2241 1793 2272 fo-

1167 2286 1272 2324 diunt,
1286 2286 1363 2317 ibid.

1126 2328 1264 2366 Oritani,
1279 2328 1404 2359 incolae
1421 2327 1497 2360 Orei
1514 2328 1564 2365 28,
1580 2327 1609 2358 8.

1127 2370 1263 2402 Oriundi
1295 2370 1436 2402 fluminis
1469 2374 1555 2401 ortus
1588 2369 1717 2401 ducitur
1749 2379 1792 2401 ex

1167 2418 1278 2445 monte
1295 2414 1413 2445 Scordo
1430 2424 1481 2452 44,
1498 2422 1548 2452 31.

1126 2456 1289 2494 Oroanda,
1304 2458 1379 2488 urbs
1396 2456 1536 2488 Pisidiae
1552 2456 1603 2495 38,
1620 2461 1659 2495 37
1674 2457 1707 2486 et
1722 2463 1773 2496 39.

1126 2499 1349 2531 Oroandenses
1365 2500 1416 2539 38,
1436 2500 1472 2530 18
1489 2502 1521 2530 et
1539 2508 1586 2539 19.

1125 2542 1302 2581 Oroandes,
1328 2541 1500 2580 Cretensis,
1524 2539 1646 2581 decipit
1671 2540 1792 2572 Persea

1168 2592 1220 2623 45³
1236 2583 1266 2617 6·

1127 2627 1264 2667 Oropus,
1279 2629 1354 2658 urbs
1369 2627 1509 2664 Atticae,
1523 2625 1557 2657 in
1575 2636 1639 2666 qua
1653 2625 1790 2666 Amphi-

1165 2670 1278 2701 lochus
1290 2674 1378 2700 vates
1391 2680 1449 2709 pro
1465 2670 1538 2700 Deo
1554 2669 1660 2700 cultus
1675 2676 1727 2708 45,
1740 2676 1789 2709 27.

1125 2712 1230 2744 Orsua
1249 2716 1281 2743 et
1297 2711 1420 2750 Corbis,
1436 2712 1597 2751 patrueles
1612 2711 1734 2750 fratres,
1749 2712 1790 2743 de

1165 2754 1349 2795 principatu
1383 2754 1520 2786 civitatis
1550 2755 1632 2785 ferro
1666 2758 1790 2787 certant

1166 2798 1217 2836 28,
1233 2807 1282 2830 21.

1123 2840 1305 2872 Orthobula
1335 2850 1457 2871 veneno
1487 2839 1574 2872 tollit
1604 2841 1789 2872 Proxenum

1162 2883 1314 2914 maritum
1339 2893 1390 2921 41,
1415 2892 1465 2923 30.
1491 2883 1644 2915 damnata
1666 2883 1733 2915 abit
1754 2883 1788 2914 in

1164 2925 1323 2966 exsilium,
1337 2925 1414 2960 ibid.
