1888 3194
449 164 990 217 FRAGMENTUM‘
1009 174 1137 217 LIB.
1181 175 1308 217 XCI.
1494 180 1577 218 303

182 265 366 307 tenebris
404 264 705 306 vindicandum
745 264 839 313 fuit,
876 263 991 320 quod
1031 263 1077 304 in
1118 263 1300 304 duorum
1341 263 1576 315 hominum,

180 322 350 364 alterius
383 321 601 372 Germani,
634 321 804 362 alterius
837 320 934 362 Itali
970 335 1120 361 manus
1154 320 1364 370 inciderit,
1396 336 1577 376 quorum

181 388 372 435 uterque,
394 393 521 434 quam
542 378 711 420 laudem
732 378 811 420 sibi
832 379 1051 443 utriusque
1076 378 1193 419 natio
1212 377 1344 418 veluti
1364 378 1577 433 propriam

180 450 228 477 ac
248 434 503 492 peculiarem
524 435 722 485 vindicat,
745 436 790 476 in
821 450 871 477 ea
900 435 1132 476 maximum
1161 435 1206 475 in
1234 434 1409 475 modum
1436 449 1578 490 praes-

180 493 306 542 tabat,
339 493 545 548 patientia
576 501 619 534 et
650 493 803 534 laboris
834 493 1103 549 perpessione
1135 491 1388 541 Germanus,
1419 491 1577 533 iudicio

179 558 307 606 atque
327 549 594 606 intelligendi
615 550 798 592 sollertia
818 550 948 591 Italus
957 554 1000 591 ³2.
1054 549 1166 590 Nam
1189 549 1353 606 singula
1373 564 1460 590 non
1481 549 1577 590 dieo

177 607 316 658 verba,
345 607 420 649 sed
452 607 665 649 literarum
697 608 873 664 vestigia
904 607 1059 657 rimari,
1094 616 1221 663 atque
1253 608 1313 648 ita
1343 606 1498 656 rimari,
1530 615 1579 648 ut

178 664 305 706 modo
325 664 459 721 plura,
477 665 604 707 modo
625 665 824 721 pauciora
843 680 931 706 esse
953 673 1094 706 tecum
1114 673 1283 714 statuas,
1301 679 1416 705 nunc
1437 664 1576 714 unius,

177 736 293 764 nunc
324 722 494 764 alterius
525 723 724 764 elementi
751 723 871 779 signa
897 730 1033 779 putes,
1056 737 1170 763 nune
1198 731 1314 763 recto
1345 721 1506 771 ordine,
1529 730 1578 762 ut

178 794 255 821 nos
288 779 432 821 Latini
465 780 659 830 solemus,
688 795 816 830 nunc,
843 788 890 822 ut
920 780 1000 836 ipsi
1030 794 1107 836 per
1137 780 1278 821 iocum
1311 779 1575 829 dictitabant,

179 836 385 893 ἑβραϊστὶ
426 837 479 879 ad
520 838 659 879 literas
699 837 1048 887 annumerandas,
1081 851 1309 892 earumque
1350 844 1577 892 potestates

179 894 461 951 assequendas
491 910 634 936 versus
663 910 921 951 percurrere,
956 895 1117 950 quanti,
1147 909 1315 950 quaeso,
1345 894 1497 936 laboris
1527 909 1575 935 ac

178 952 406 1008 patientiae
437 952 550 994 fuit?
613 952 775 994 Contra
805 968 902 994 vero
932 952 1072 993 literas
1103 952 1224 1008 ipsas,
1252 961 1475 1008 postquam
1506 966 1576 993 eas

178 1010 406 1066 exceperis,
429 1010 600 1051 alteram
622 1025 674 1050 ex
703 1009 833 1051 altera
853 1010 1112 1066 dignoscere,
1136 1018 1226 1050 tum
1247 1010 1292 1050 in
1313 1024 1408 1050 suas
1429 1024 1577 1065 quam-

178 1082 262 1123 que
293 1066 471 1123 syllabas
497 1081 659 1123 cogerc,
685 1066 864 1123 syllabas
888 1067 1037 1116 verbis,
1059 1067 1186 1107 verba
1212 1067 1412 1116 versibus,
1433 1081 1578 1108 versus

177 1124 410 1165 sententiae
439 1124 630 1173 reddere,
653 1124 802 1180 quanti
829 1124 1034 1165 acuminis
1060 1138 1107 1164 ac
1135 1123 1450 1179 perspicaciae?
1510 1123 1578 1164 Ac

177 1181 294 1246 quod
324 1196 423 1222 sane
445 1181 633 1222 dicturus
663 1196 769 1230 sum,
791 1181 863 1221 vix
888 1180 1111 1221 affirmanti
1142 1180 1212 1221 alii
1243 1180 1472 1229 crederem,
1496 1181 1577 1222 nisi

176 1237 355 1295 ipsemet
376 1238 585 1288 vidissem,
608 1238 783 1294 eiusque
811 1238 872 1279 rei
901 1238 1103 1287 oculatus,
1129 1246 1173 1279 ut
1194 1245 1257 1278 est
1278 1237 1322 1278 in
1343 1238 1577 1302 proverbio,

177 1310 300 1352 saepe
323 1296 440 1337 testis
455 1296 638 1337 fuissem.
689 1295 889 1337 Ostendit
910 1295 1038 1345 enim,
1057 1295 1186 1360 idque
1208 1294 1377 1351 pluries,
1395 1295 1579 1351 integras

178 1353 283 1394 mibi
314 1353 476 1395 chartas
499 1353 756 1403 Iuvenatius,
778 1353 931 1409 partim
962 1368 1048 1403 sua,
1070 1353 1224 1409 partim
1246 1351 1418 1393 Brunsii
1450 1367 1578 1393 manu

182 1419 346 1452 notatas
373 1411 438 1452 his
465 1411 630 1467 illisque
658 1410 800 1460 literis,
824 1426 931 1466 quae
960 1410 1118 1451 nullam
1146 1410 1270 1466 plane
1299 1418 1455 1451 certam
1485 1425 1581 1451 sen-

179 1469 369 1518 tentiam,
392 1468 466 1510 sed
495 1484 548 1510 ne
570 1483 716 1510 vocem
739 1468 911 1524 quidem
940 1468 1181 1518 redderent,
1208 1467 1298 1508 aliis
1324 1482 1450 1523 super
1479 1467 1578 1509 alias

179 1525 345 1576 additis,
372 1525 534 1575 deletis,
564 1526 857 1567 commutatis·
849 1557 858 1574 ‚
893 1540 1000 1581 quae
1032 1525 1207 1581 quidem
1238 1525 1420 1575 chartae,
1444 1540 1577 1581 quum

179 1592 315 1624 totum
348 1598 481 1639 paene
513 1584 796 1639 fragmentum
830 1582 1020 1624 mandari
1053 1583 1152 1639 ipsis
1185 1583 1401 1639 potuisset,
1432 1592 1575 1624 tamen

178 1640 248 1681 vix
277 1641 351 1681 uni
379 1640 597 1696 alterique,
620 1655 712 1681 raro
744 1639 932 1696 pluribus
953 1639 1167 1681 versiculis
1197 1639 1416 1681 eliciendis
1447 1648 1574 1695 atque

178 1698 375 1739 eruendis
397 1698 488 1739 usui
511 1698 726 1739 fuerant-³³.

239 1755 323 1797 Sed
345 1755 448 1811 quid
470 1755 658 1812 pluribus
679 1770 767 1796 rem
789 1756 1050 1810 persequor?
1113 1754 1222 1796 Sane
1244 1770 1297 1796 nc
1319 1755 1378 1796 sic
1400 1754 1574 1811 quidem

177 1813 379 1878 proficere
420 1828 463 1854 se
504 1812 623 1854 valde
666 1812 971 1868 intelligebant,
1008 1812 1082 1853 scd
1125 1823 1197 1853 aut
1237 1812 1408 1861 diutius,
1446 1827 1574 1868 quam

178 1870 395 1926 utriusque
433 1879 628 1934 tempora.
656 1870 936 1925 patiebantur,
969 1870 1011 1910 in
1044 1885 1148 1926 opus
1178 1870 1256 1911 sibi
1288 1884 1377 1911 essc
1411 1870 1575 1910 incum-

174 1927 377 1976 bendum,
411 1937 485 1968 aut
517 1943 690 1968 omnmo
726 1927 779 1967 (le
815 1927 905 1968 eius
941 1927 1200 1968 absolutione
1238 1936 1280 1968 et
1316 1927 1573 1982 perfectione

176 1984 497 2041 desperandum.
580 1984 699 2025 Dum
739 1984 853 2025 enim
894 1985 1053 2025 centies
1093 1984 1243 2025 eodem
1284 1984 1484 2034 redirent,
1526 2000 1573 2026 ac

180 2041 347 2099 Sisyphi
369 2041 578 2098 exemplo,
602 2042 754 2082 iterum
777 2041 1015 2106 iterumque
1041 2041 1155 2082 idem
1177 2056 1324 2082 saxum
1347 2051 1572 2091 versarent,

176 2098 278 2142 dum
324 2099 495 2141 alternis
540 2099 804 2140 membranas
849 2099 1118 2156 inspicerent,
1160 2098 1331 2140 alternis
1371 2098 1573 2154 legerent,

176 2156 346 2198 alternis
378 2157 485 2198 lecta
517 2157 775 2212 exciperent,
805 2156 994 2206 d11n1‚ut
1027 2172 1070 2197 m
1105 2172 1148 2197 re
1183 2165 1399 2212 praeteica
1411 2131 1573 2206 ὗῖειοάίἰ,

176 2213 341 2264 laboris,
383 2230 430 2256 ac
470 2214 727 2256 difficultatis
776 2213 1030 2270 plenissima,
1073 2214 1260 2255 animum
1302 2213 1481 2255 subinde
1523 2215 1574 2255 ab

177 2281 578 2328 operffaverterent,
601 2280 728 2328 atque
761 2271 871 2313 ultro
902 2271 985 2312 huc
1016 2271 1115 2313 illuc
1144 2272 1396 2321 aberrarent,
1420 2272 1574 2312 mirum

177 2338 383 2385 quantum
414 2330 613 2386 temporis
643 2329 852 2370 effluebat.
919 2329 1061 2377 Quam
1093 2329 1147 2370 ob
1176 2344 1264 2370 rem
1292 2329 1373 2370 hoc
1402 2329 1574 2370 taudem

175 2386 286 2428 inter
320 2402 363 2428 se
397 2387 617 2428 consilium
654 2387 854 2436 inierunt,
886 2396 934 2427 ut
970 2386 1318 2442 quandoquidem
1354 2386 1575 2428 Iuvenatio

175 2458 262 2486 non
298 2445 357 2486 ita
390 2444 634 2501 frequenter
673 2444 726 2486 ad
766 2444 1065 2486 bibliothecam
1103 2444 1302 2486 accedere
1340 2459 1415 2500 per
1450 2459 1574 2485 oceu-

220 2593 257 2623 32
285 2585 349 2616 llic
367 2585 455 2616 locus
478 2585 543 2615 viro
560 2586 655 2615 docto
683 2585 714 2615 in
742 2584 849 2624 the-
896 2589 1006 2615 Μηίω-
1027 2585 1176 2620 schedae,
1193 2585 1310 2624 quibus
1328 2584 1495 2619 Brunsius,
1514 2585 1572 2624 pri-

176 2627 289 2659 merid.
321 2628 438 2658 literar.
466 2629 495 2658 (“
500 2628 729 2666 ottingene-1.
761 2636 849 2666 1774.
896 2638 1030 2667 usquam
1047 2628 1268 2666 apographum
1287 2628 1478 2664 immista-ret,
1494 2629 1573 2667 frag-

179 2668 253 2700 vol.
272 2670 299 2701 1.
323 2670 386 2701 No.
409 2680 434 2701 τ.
459 2681 489 2710 p.
512 2680 556 2701 12.
581 2682 626 2710 sq.
645 2671 742 2701 bilem
765 2680 849 2699 com-
897 2670 996 2700 menti
1029 2670 1205 2709 particulus
1238 2681 1275 2700 ex
1312 2670 1423 2700 codice
1458 2671 1575 2709 petitas

178 2711 298 2743 movit:
326 2723 383 2743 nec
401 2712 524 2743 iniuria.
898 2712 1066 2752 inscripsit.
1110 2712 1236 2743 llarum
1255 2712 1340 2742 cuim
1360 2712 1496 2752 paginae
1512 2713 1572 2742 siu-

222 2762 260 2801 33
280 2754 377 2785 Prim-
379 2765 421 2785 un
437 2755 531 2785 huius
542 2753 851 2793 smgmentiinvesti·
896 2756 990 2794 gulae
1016 2755 1161 2785 binni-uin
1192 2756 1382 2795 plerumque
1409 2756 1572 2784 columna-

177 2796 338 2833 gationcm
357 2807 420 2827 rem
440 2797 545 2836 magni
568 2804 599 2828 ct
621 2798 711 2828 ιτὼιί
738 2798 755 2827 1.
759 2797 853 2827 moris
899 2808 966 2827 rum
987 2808 1092 2828 versus
1108 2798 1208 2828 denos
1223 2799 1369 2836 mla-uque
1388 2797 1525 2830 vicenos.
1542 2803 1571 2826 et

179 2838 285 2874 suinae,
300 2849 356 2869 cur
381 2850 504 2877 negem,
521 2851 582 2870 nou
609 2840 742 2880 reperio.
788 2840 851 2870 Sed
897 2841 982 2879 quud
1006 2840 1157 2874 excurrit,
1175 2851 1237 2870 non
1263 2841 1330 2870 siue
1353 2839 1455 2870 lituris
1477 2846 1505 2869 et
1532 2841 1572 2869 lu-

180 2879 262 2910 bane
289 2880 389 2919 ipsum
415 2881 457 2911 rci
481 2882 704 2912 difficultatem
727 2893 745 2912 u
767 2882 850 2913 Cun-
898 2883 987 2913 cunis
1003 2883 1210 2914 adumbratos
1227 2882 1402 2912 continent.

180 2921 310 2951 cellon-io
342 2922 371 2952 in
406 2923 507 2954 nmina
533 2929 660 2954 auctam
689 2934 767 2958 ense
793 2929 850 2953 tes-
