1888 3194
360 190 441 228 436
678 185 1041 228 SYLLABUS
1088 184 1423 228 CODICUM

484 534 559 574 Ad
577 534 742 574 decada
765 532 954 588 quintam
976 532 1112 571 codex
1135 531 1282 571 unicus
1304 546 1425 586 opem
1447 531 1635 572 contulit.

470 663 955 713 INDOBONENSIS,
974 678 1047 704 seu
1065 662 1462 711 Laureshaimensis,
1476 663 1549 718 qui
1565 662 1690 703 hodie
1710 662 1753 702 in

498 721 750 763 bibliotheca
770 721 962 761 Palatina
981 719 1303 760 vindobonensi
1330 729 1573 768 asservatur,
1595 719 1647 759 de
1669 734 1754 774 quo

366 777 603 833 Stephanus
636 778 867 818 Endlicher
905 778 950 817 in
984 776 1189 831 Catalogo
1229 790 1304 816 suo
1344 775 1536 816 codicum
1577 775 1754 830 philolo-

361 835 549 890 gicorum
586 834 836 876 Latinorum
876 834 920 874 in
955 833 1210 875 bibliotheca
1244 832 1322 873 ista
1357 841 1656 873 asservatorum
1696 832 1756 872 ita

361 891 566 933 disseruit.

1014 1015 1108 1057 CV.
1605 1006 1655 1044 15

1508 1072 1566 1115 H.
1590 1089 1630 1129 p.
1655 1076 1752 1115 626.

424 1137 451 1155 “
467 1131 618 1172 Codex
639 1130 945 1186 manuscriptus
967 1131 1308 1172 membranaceus
1329 1130 1496 1180 saeculi,
1514 1139 1562 1171 ut
1577 1130 1753 1179 videtur,

365 1187 441 1229 VI.
472 1188 601 1229 literis
632 1187 864 1228 uncialibus
895 1188 983 1228 51116
1009 1188 1229 1228 verborum
1258 1187 1538 1237 distinctione,
1561 1187 1754 1228 foliorum

365 1248 460 1287 293.
484 1245 528 1285 in
548 1245 680 1286 forma
700 1254 867 1285 octavae
890 1245 1035 1285 maiori
1056 1245 1275 1285 simillima.

423 1302 512 1343 Titi
543 1302 654 1342 Livii
690 1302 882 1343 Patavini
918 1301 1201 1342 Historiarum
1238 1302 1538 1351 Romanarum,
1571 1301 1756 1342 Decadis

363 1357 418 1400 V.
452 1359 570 1400 Libri
592 1358 743 1400 I.-—V.

425 1416 609 1457 Ultimos
630 1416 718 1480 hos,
742 1416 814 1471 qui
840 1424 1075 1471 supersunt,
1098 1416 1287 1471 quinque
1310 1415 1421 1455 Livii
1446 1414 1584 1464 libros,
1611 1415 1756 1456 Simon

369 1471 592 1529 Grynaeus
620 1488 672 1513 ex
702 1473 791 1528 ipso
820 1473 899 1513 hoc
927 1472 1083 1521 codice,
1108 1482 1208 1513 tunc
1242 1472 1481 1512 monasterii
1506 1471 1756 1512 Laureshai-

365 1545 518 1571 111611515
546 1530 724 1579 611116110,
759 1530 918 1585 primus
951 1529 1085 1570 edidit
1114 1531 1312 1578 Baszleae,
1347 1531 1452 1584 ΐ3]39ἰ3
1479 1530 1755 1579 Frobenianis,

367 1590 489 1628 1531.
501 1589 581 1642 fol.

421 1644 494 1684 Ad
530 1659 605 1684 nos
645 1659 698 1685 ex
734 1658 826 1684 arce
850 1643 1030 1684 Ambras
1066 1643 1174 1698 (51.111
1209 1643 1292 1685 No.
1328 1642 1447 1697 287.)
1483 1643 1645 1684 delatus
1680 1651 1753 1684 est.

365 1701 489 1742 Nova
509 1702 597 1742 eius
619 1701 839 1742 collatione
865 1715 963 1741 usus
991 1709 1053 1741 est
1082 1700 1114 1741 I.
1140 1701 1220 1741 Th.
1247 1701 1460 1756 Kreyssig.
1484 1701 1528 1740 in
1549 1715 1622 1741 sua
1644 1700 1757 1742 Livii

364 1758 547 1800 editione
570 1759 683 1813 Lips.
711 1760 749 1797 ll
754 1760 873 1798 enlm.
902 1761 1023 1799 1823.

424 1815 653 1856 Historiam
678 1815 832 1856 codicis
854 1815 1026 1855 mirifice
1049 1815 1293 1856 collustrant
1291 1830 1450 1882 pauca
1477 1814 1760 1871 inscriptionis

364 1882 552 1914 vetustae
580 1873 754 1929 vestigia
781 1872 851 1913 fol.
876 1872 950 1913 ult.
974 1871 1028 1914 V.
1061 1874 1251 1913 ‘satberti
1269 1873 1333 1926 epi
1358 1874 1405 1912 de
1431 1873 1633 1922 dorostatss
1653 1887 1759 1912 non-

364 1930 501 1979 nullis,
543 1945 650 1985 quae
686 1906 1009 1985 praecedebant,
1054 1930 1185 1970 tribus
1227 1929 1292 1969 vel
1333 1938 1531 1984 quattuor
1569 1929 1752 1978 vocibus,

364 1987 517 2027 iniuria
556 1996 792 2050 temporum
833 1986 1001 2041 penitus
1032 1986 1112 2026 iam
1150 1986 1323 2026 detritis.
1390 1985 1633 2026 Sutbertum
1669 1986 1754 2026 sive

368 2043 640 2092 Suitbertum,
679 2044 848 2083 natione
883 2042 1086 2096 Anglum,
1119 2043 1301 2098 primum
1335 2042 1379 2081 in
1417 2041 1626 2082 Hibernia
1659 2041 1758 2083 Μο-

364 2100 560 2149 nachum,
590 2100 744 2140 deinde
777 2100 1061 2140 Dacorensem
1095 2100 1137 2139 in
1173 2098 1377 2139 Cumbria
1405 2098 1657 2164 Abbatem,
1665 2108 1757 2140 tan—

366 2157 462 2197 dem
492 2132 709 2197 Frisonum
734 2155 998 2212 Apostolum,
1029 2156 1137 2196 611611
1170 2170 1264 2195 ann.
1301 2158 1397 2196 693.
1432 2171 1456 2195 a
1488 2157 1571 2196 suis
1604 2156 1647 2196 in
1678 2156 1758 2198 hac

365 2214 489 2254 vinea
509 2214 629 2253 sociis
650 2213 889 2268 episcopum
913 2212 1106 2261 electum,
1129 2222 1254 2267 atque
1276 2212 1320 2252 in
1339 2212 1496 2268 Anglia
1517 2212 1756 2254 ordinatum

366 2270 504 2314 fuisse,
527 2285 549 2310 e
572 2269 690 2310 Beda
711 2270 840 2324 (Hist.
860 2270 1012 2309 Eccles.
1049 2271 1092 2309 V.
1121 2272 1208 2323 12.)
1229 2278 1416 2310 constat:
1451 2270 1633 2310 eundem
1660 2285 1757 2311 cum

366 2326 645 2367 Willebrordo
681 2328 786 2382 (quo
824 2326 1004 2366 Romam
1045 2326 1124 2367 iter
1159 2326 1407 2367 intendente
1440 2326 1701 2368 Suitbertum
1732 2342 1757 2368 a

367 2384 451 2425 suis
491 2384 733 2439 episcopum
774 2383 1060 2423 renuntiatum
1096 2383 1220 2424 fuisse
1256 2383 1368 2424 idem
1405 2383 1524 2424 Beda
1563 2384 1758 2438 testatur)

367 2440 610 2481 Dorostadii
643 2441 793 2495 (Wgsck
828 2442 874 2479 cle
903 2441 1134 2489 Ditrestedt)
1171 2455 1246 2495 per
1281 2441 1498 2481 biennium
1538 2439 1756 2481 Christum

366 2497 639 2553 praedicasse,
663 2506 788 2551 atque
817 2496 861 2536 in
890 2511 939 2537 eo
961 2497 1052 2537 vico
1073 2497 1138 2537 vel
1159 2497 1318 2537 ditione
1341 2497 1648 2552 quinquaginta
1667 2497 1753 2538 duo

366 2555 462 2595 fana
497 2553 722 2602 dedicasse,
769 2562 907 2593 narrat
949 2553 1220 2594 Marcellinus
1261 2554 1431 2608 quidam
1473 2555 1535 2607 (m
1569 2556 1652 2594 vita
1694 2554 1754 2594 St.

372 2613 565 2653 Smtberti
584 2626 671 2664 cap.
697 2610 789 2665 27.)
810 2610 1006 2665 explosus
1027 2604 1197 2665 quidem
1220 2625 1243 2650 a
1266 2609 1536 2650 Bollandistis
1560 2610 1637 2664 (ad
1654 2612 1756 2651 diem

368 2670 404 2709 I.
424 2668 593 2722 Mami)
616 2667 742 2715 testis,
766 2667 838 2721 qui
868 2677 1006 2707 tamen
1037 2676 1157 2707 caute
1188 2667 1387 2715 subdunt,
1410 2681 1452 2707 se
1478 2681 1539 2716 ea,
1563 2682 1671 2732 quae
1701 2667 1754 2708 de

366 2725 459 2766 vico
488 2723 699 2764 Dorostad
730 2700 786 2764 ibi
820 2724 1067 2772 referuntur,
1102 2738 1180 2763 nec
1213 2724 1440 2778 applobare
1473 2738 1551 2764 nec
1584 2724 1756 2765 reiicere

366 2781 486 2822 velle.
549 2780 677 2821 Pulso
705 2796 729 2821 a
755 2780 937 2820 barbaris
962 2781 1158 2835 episcopo
1186 2788 1228 2820 et
1249 2780 1444 2844 dispersis
1464 2781 1755 2837 sociis,—pro-

365 2838 554 2894 sequitur
575 2837 943 2893 Beda,-—Pipinus
974 2837 1113 2877 locum
1144 2836 1369 2877 manslonis
1400 2837 1518 2878 dedit
1546 2838 1592 2878 in
1621 2837 1758 2879 insula

362 2895 519 2945 Rheni,
548 2909 655 2951 quae
688 2894 833 2949 lingua
864 2908 1010 2934 eorum
1042 2902 1213 2934 vocatur
1246 2893 1290 2933 in
1323 2892 1487 2934 Littore
1519 2894 1755 2949 (Caesaris-
