1888 3194
181 372 734 428 PRAEFATIO
797 373 1410 430 KREYSSIGII

275 543 354 581 AD
382 543 701 582 EDITIONEM
730 543 861 582 LIPS.
895 543 1315 582 STEREOTYPAM.

663 693 925 718 ψ,

206 824 351 868 UUM
393 823 547 866 abhinc
587 824 709 865 annis
749 823 928 880 amplius
968 825 1183 882 octoginta
1223 825 1498 870 Drakenbor-

98 831 206 952 Ω
254 893 386 943 chius,
429 891 619 934 absoluta
660 891 773 933 Livii
823 891 1022 942 editione,
1066 908 1173 949 quae
1228 894 1495 952 Stutgardiae

92 970 190 1004 ante
221 962 299 1004 hos
329 969 424 1003 octo
457 975 590 1001 annos
621 959 822 1001 laudabili
850 975 948 1002 sane
978 961 1153 1015 consilio
1181 963 1314 1018 repeti
1345 974 1494 1020 coepta

91 1038 168 1080 est,
199 1029 254 1071 de
284 1029 593 1085 antiquioribus
627 1028 741 1069 Livii
772 1028 1004 1069 editoribus
1035 1039 1161 1086 atque
1195 1031 1497 1089 interpretibus

91 1097 216 1140 docte
237 1105 281 1139 et
301 1097 469 1153 copiose
493 1096 772 1146 disseruerit1,
790 1096 894 1137 mihi
916 1112 1101 1153 quoque,
1125 1099 1264 1140 oblata
1279 1101 1498 1156 praefandi

91 1165 421 1222 opportunitate,
463 1164 516 1205 de
558 1164 620 1213 iis,
658 1164 733 1220 qui
769 1164 869 1206 inde
911 1180 935 1206 a
976 1165 1317 1208 Drakenborchii
1358 1178 1494 1211 aetate

91 1233 204 1275 Livii
240 1233 524 1275 Historiarum
565 1232 681 1274 libris
721 1248 797 1289 pro
832 1232 943 1274 virili
982 1243 1100 1290 parte
1142 1235 1382 1276 consultum
1419 1253 1492 1278 vo-

90 1301 276 1353 luerunt,
297 1302 481 1345 breviter
501 1301 648 1343 saltem
670 1302 934 1358 strictimque
955 1317 1169 1358 exponere
1191 1303 1384 1359 placuit‘2.

149 1371 217 1412 Ac
237 1371 422 1428 primum
443 1370 618 1427 quidem
639 1371 737 1412 satis
758 1378 934 1420 constat,
961 1369 1226 1412 Crevierium
1249 1386 1336 1412 non
1357 1371 1493 1413 solum

90 1438 243 1481 eodem
291 1439 378 1480 fere
429 1448 631 1496 tempore,
674 1454 759 1495 quo
800 1438 1178 1480 Drakenborchius
1228 1439 1281 1480 ad
1323 1439 1494 1482 Livium

90 1506 406 1550 emendandum
428 1516 555 1563 atque
587 1506 887 1563 explicandum
916 1521 1085 1563 operam
1119 1507 1340 1558 conferret,
1363 1508 1495 1550 maio-

89 1590 179 1617 rem
196 1575 418 1617 adornasse
433 1575 545 1616 Livii
562 1575 806 1625 editionem,
824 1574 1019 1616 codicum
1037 1574 1324 1616 Parisinorum
1342 1577 1493 1632 opibus

89 1645 351 1694 instructam,
388 1644 464 1686 sed
499 1644 626 1686 etiam
663 1643 804 1700 paullo
844 1651 938 1699 post
973 1643 1180 1684 minorem
1217 1658 1491 1700 comparasse,

90 1728 198 1770 quae
241 1722 420 1762 textum,
462 1727 590 1769 quem
630 1720 794 1762 vocant,
836 1711 990 1767 passim
1035 1711 1228 1752 refictum
1275 1721 1318 1753 et
1365 1728 1492 1754 novas

90 1780 253 1838 aliquot
301 1781 563 1822 coniecturas
614 1780 800 1829 exhibet,
847 1789 974 1835 atque
1025 1779 1077 1820 ab
1127 1779 1218 1820 aliis
1268 1780 1357 1821 sine
1409 1780 1494 1823 ulla

89 1849 323 1891 mutatione
355 1849 547 1906 repetita,
577 1849 628 1890 ab
657 1848 748 1890 aliis
781 1848 833 1889 ad
863 1847 1128 1888 Lalleniandi
1163 1847 1406 1898 editionem,
1439 1848 1493 1890 de

88 1931 174 1974 qua
209 1916 410 1973 deinceps
442 1916 594 1966 dicam,
629 1916 752 1957 tacite
790 1915 1049 1956 conformata
1085 1924 1158 1956 est.
1227 1915 1491 1957 Crevierium

88 1985 257 2042 excepit
298 1984 641 2034 Ruddimannus,
683 1983 757 2040 qui
799 1983 843 2023 in
886 1982 1064 2025 edendis
1108 1983 1221 2024 Livii
1273 1983 1387 2025 libris
1438 1985 1496 2026 ita

87 2062 273 2096 versatus
303 2062 379 2103 est,
402 2061 449 2094 ut
480 2053 524 2093 in
556 2051 841 2108 compluribus
872 2050 986 2100 locis,
1014 2051 1165 2107 partim
1199 2051 1492 2093 auctoritatem

88 2122 284 2165 codicum
329 2137 354 2163 a
399 2119 751 2162 Drakenborchio
801 2118 978 2175 aliisque
1030 2118 1294 2168 collatorum,
1342 2120 1494 2175 partim

91 2189 313 2232 Kennethi
348 2189 599 2232 Mackenzie
634 2188 897 2244 aliorumque
931 2187 1195 2229 coniecturas
1227 2196 1409 2237 secutus,
1441 2189 1493 2229 ab

87 2259 332 2302 recensione
370 2257 776 2299 Drakenborchiana
815 2255 1063 2297 discederet.
1139 2255 1242 2297 Post
1282 2255 1396 2297 hunc
1438 2255 1492 2297 ad

88 2326 347 2384 evulgandos
398 2325 510 2368 Livii
565 2325 692 2367 libros
746 2324 920 2367 accessit
972 2323 1204 2373 Ernestius,
1257 2324 1344 2380 qui,
1396 2323 1494 2366 licet

19 2437 27 2445 ,
89 2403 252 2438 textum
287 2395 556 2436 immutatum
593 2409 647 2436 ex
682 2393 1019 2435 Drakenborchii
1057 2393 1300 2434 recensione
1338 2392 1494 2434 exscri-

87 2463 276 2506 bendum
312 2471 489 2512 curaret,
526 2461 685 2519 optime
727 2470 869 2503 tamen
905 2461 958 2502 de
997 2460 1108 2502 Livii
1146 2460 1492 2516 interpretatione

89 2531 242 2574 meruit
273 2530 569 2573 concinnando
603 2529 818 2572 Glossario
851 2528 1044 2578 Liviano,
1076 2528 1192 2584 quod
1224 2528 1408 2584 primum
1442 2528 1493 2568 ab

139 2707 150 2728 ι
178 2697 218 2729 In
251 2696 468 2734 praefatione,
504 2695 656 2728 editionis
689 2696 770 2727 Dra-
818 2696 903 2736 poris
939 2693 1093 2726 ordinem'
1116 2702 1255 2734 secutus,
1279 2696 1380 2727 adieci
1413 2697 1494 2727 Dru-

91 2735 353 2770 kmborchianae
369 2744 459 2770 tomo
480 2739 619 2779 septimo
641 2743 673 2770 et
697 2739 771 2769 ulti-
816 2739 1006 2769 kenborchii
1035 2739 1170 2778 Syllaba
1197 2739 1374 2769 editionum
1407 2749 1493 2778 prm*-

92 2791 146 2812 mn
161 2782 314 2821 pru-fixa,
328 2791 359 2821 p.
374 2791 400 2812 ².
415 2791 484 2821 sqq.
501 2782 541 2812 cf.
553 2792 639 2821 supr.
655 2792 684 2821 p.
698 2790 768 2819 ⁴4²·
815 2782 984 2820 cipum-um
1002 2781 1041 2812 T.
1057 2782 1151 2817 Livii,
1167 2787 1245 2812 tom.
1266 2782 1291 2812 Ι.
1311 2792 1340 2820 p.
1358 2780 1409 2811 62.
1427 2791 1494 2819 sqq.

138 2835 154 2854 ’.ι
181 2823 368 2853 Editionum
409 2824 621 2854 recentiorum
657 2824 771 2854 titulos
816 2823 967 2854 editionis
987 2829 1116 2854 nosti-ue
1145 2823 1281 2854 iunioris.
1306 2825 1445 2860 etloum.
1466 2832 1494 2859 p.

94 2876 167 2896 cuni
199 2864 286 2896 brevi
313 2865 354 2895 do
377 2865 510 2905 singulis
536 2865 668 2902 iudicio,
690 2870 768 2896 tem·
817 2875 888 2904 ⁴7²-
