1888 3194
570 207 696 250 LIB.
729 207 850 249 ΧΠ,
897 207 1043 250 CAP.
1082 212 1144 270 is.
1491 215 1539 254 17

157 300 332 342 hiberna
356 298 560 340 sociarum
587 297 754 339 urbium
775 296 955 339 reduxit.
1018 297 1074 339 Et
1096 297 1147 340 C.
1170 297 1386 349 Claudius,
1409 299 1538 343 literis
1551 311 1596 344 U.
1611 311 1649 344 c.
1671 319 1743 352 575-

156 357 223 399 Ti.
244 355 413 398 Claudii
432 366 475 398 et
494 354 850 397 senatusconsulto
870 364 1054 412 accepto,
1072 370 1126 397 ex
1145 354 1267 398 Istria
1286 356 1472 413 legiones
1491 358 1536 400 in
1548 355 1589 387 Α·
1611 355 1650 388 0·
1674 362 1743 394 Ι77·

155 413 333 471 Ligures
367 413 614 456 transduxit.
676 413 750 454 Ad
788 412 1058 455 Scultennam
1092 413 1253 456 flumen
1287 413 1332 455 in
1367 429 1535 471 campos

152 471 355 529 progressi
376 479 509 513 castra
528 471 738 512 habebant
756 470 905 512 hostes.
966 470 1032 512 Ibi
1053 486 1149 513 cum
1170 471 1235 513 his
1254 472 1342 513 acie
1363 472 1536 514 dimica·
1548 482 1679 521 Ligures

153 537 254 571 tum.
320 528 575 578 Quindecim
613 528 744 569 millia
783 543 923 578 caesa3
965 528 1059 585 plus
1093 529 1348 586 septingenti
1384 538 1456 572 aut
1489 531 1532 571 in
1547 525 1621 579 victi
1637 535 1661 572 ³.

151 586 324 644 proelio,
355 595 427 629 aut
456 587 502 628 in
535 586 677 628 castris
706 586 824 642 (nam
859 601 908 628 ea
940 601 1108 643 quoque
1143 596 1383 644 expugnata
1417 589 1534 643 sunt)
1546 568 1684 642 &iguino

151 644 288 701 capti:
336 653 380 686 et
418 644 536 701 signa
569 643 763 685 militaria
797 659 929 685 unum
970 653 1012 686 et
1051 644 1359 701 quinquaginta
1398 654 1530 702 capta·

151 701 341 758 Ligures,
377 702 577 759 reliquiae
611 701 764 752 caedis,
800 701 845 743 in
879 711 1043 743 montes
1077 717 1120 743 re
1170 711 1321 747 cerunt
1355 704 1529 759 passim:

149 760 453 817 populantique
473 768 723 816 campestres
750 774 870 816 agros
896 759 1057 801 consuli
1077 759 1192 802 nulla
1211 775 1387 816 usquam
1408 776 1534 817 appa-

149 826 325 860 ruerunt
340 832 464 860 arma.
528 817 744 868 Claudius,
761 817 938 859 duarum
954 817 1144 874 gentium
1160 833 1246 860 uno
1262 833 1372 860 anno
1389 819 1532 869 victor,

148 875 322 926 duabus,
358 875 474 933 quod
511 890 603 918 raro
643 875 759 926 alius,
792 875 837 917 in
869 875 1087 928 consulatu
1118 876 1276 932 pacatis
1310 876 1533 933 provinciis

150 933 329 976 Romam
351 933 532 976 revertit.

116 1012 138 1040 4
205 991 404 1049 Prodigia
429 1006 480 1034 eo
507 1006 618 1033 anno
645 991 848 1032 nuntiata.
909 990 962 1032 In
985 990 1260 1048 Crustumino
1290 1007 1409 1034 avem
1438 1007 1532 1034 san·
1611 996 1673 1034 13.

115 1063 135 1096 5
205 1048 327 1099 alem,
367 1063 495 1106 quam
529 1057 691 1098 vocant,
727 1063 890 1090 sacrum
924 1048 1108 1105 lapidem
1146 1059 1279 1091 rostro
1318 1049 1528 1092 cecidisse.
1545 1050 1702 1092 Prodigia.

186 1121 308 1149 ovem
327 1106 372 1147 in
396 1105 630 1163 Campania
656 1105 849 1148 locutam.
911 1105 1095 1148 Vaccam
1122 1121 1296 1148 aeneam
1319 1107 1532 1165 Syracusis

145 1164 198 1206 ab
225 1164 376 1222 agresti
404 1172 535 1214 tauro,
565 1163 638 1220 qui
665 1178 815 1220 pecore
843 1164 1082 1214 aberrasset,
1108 1164 1268 1215 initam,
1297 1179 1344 1206 ac
1372 1166 1530 1208 semine

145 1236 364 1280 aspersam.
427 1221 479 1264 In
503 1221 777 1264 Crustumino
798 1221 910 1263 diem
932 1236 1064 1263 unum
1085 1221 1130 1262 in
1149 1221 1240 1278 ipso
1260 1221 1352 1264 loco
1372 1223 1530 1280 suppli-

144 1280 254 1322 catio
273 1279 375 1322 fuit:
407 1288 451 1322 et
469 1280 514 1322 in
539 1278 772 1336 Campania
797 1280 872 1321 bos
892 1278 1043 1321 alenda
1063 1278 1228 1335 publice
1250 1279 1369 1322 data:
1406 1279 1530 1338 Syra-

144 1352 430 1395 cusanumque
464 1337 704 1395 prodigium
739 1337 966 1394 expiatum,
997 1336 1122 1379 editis
1157 1338 1208 1379 ab
1243 1337 1530 1395 haruspicibus

143 1394 237 1446 diis,
258 1396 410 1453 quibus
430 1395 744 1453 supplicaretur.

201 1453 399 1496 Pontifex
428 1469 480 1496 eo
510 1468 621 1496 anno
651 1461 839 1495 mortuus
869 1462 931 1494 est
962 1451 1024 1495 M.
1051 1451 1256 1495 Claudius
1287 1453 1527 1505 Marcellus,

144 1511 224 1569 qui·
244 1511 390 1554 consul
419 1526 649 1568 censorque
673 1510 819 1553 fuerat.
881 1510 933 1552 In
961 1511 1050 1552 eius
1076 1510 1215 1553 locum
1243 1512 1440 1554 suffectus
1468 1522 1529 1554 est

112 1569 333 1626 6pontifex
348 1569 459 1611 filius
474 1570 564 1611 eius
581 1569 643 1611 M.
660 1568 898 1611 Marcellus.
951 1568 1009 1611 Et
1024 1569 1185 1611 Lucam
1199 1568 1363 1611 colonia
1378 1569 1525 1612 eodem
1541 1581 1633 1612 Luna
1652 1583 1734 1613 colo-

143 1641 256 1669 anno
267 1627 353 1669 duo
369 1627 498 1669 millia
512 1627 666 1669 civium
683 1626 970 1669 Romanorum
989 1635 1086 1668 sunt
1101 1626 1293 1669 deducta.
1357 1627 1527 1670 Trium·
1539 1625 1602 1658 nia.

143 1684 222 1726 viri
241 1684 521 1735 deduxerunt,
538 1684 586 1726 P.
603 1684 764 1734 Aelius,
782 1684 830 1725 L.
849 1684 1022 1741 Egilius,
1042 1685 1123 1726 Cn.
1142 1684 1333 1727 Sicinius.
1389 1686 1526 1735 Quin-

143 1756 337 1800 quagena
355 1751 398 1784 et
424 1742 588 1799 singula
606 1743 750 1798 iugera
769 1750 812 1783 et
839 1741 1027 1783 semisses
1054 1743 1141 1798 agri
1162 1743 1207 1783 in
1234 1743 1417 1799 singulos
1438 1743 1525 1785 dati

144 1809 252 1842 sunt.
314 1800 383 1842 De
411 1800 568 1857 Ligure
599 1808 742 1856 captus
770 1799 803 1840 is
833 1814 931 1855 ager
957 1809 1068 1841 erat:
1114 1799 1383 1842 Etruscorum
1413 1810 1523 1852 ante,
1538 1813 1668 1845 Claudii
1682 1814 1734 1844 tri-

143 1872 270 1914 quam
290 1857 508 1915 Ligurum,
530 1857 675 1898 fuerat.
1538 1857 1687 1897 amphus.

203 1914 253 1957 C.
271 1914 476 1957 Claudius
496 1914 640 1956 consul
661 1914 713 1955 ad
727 1914 871 1955 urbem
893 1915 1029 1955 venit:
1063 1915 1144 1965 cui,
1162 1930 1293 1971 quum
1315 1916 1358 1957 in
1379 1926 1526 1958 senatu

141 1972 195 2014 de
216 1972 338 2015 rebus
353 1972 398 2014 in
415 1971 536 2014 Istria
555 1971 865 2028 Liguribusque
887 1986 1083 2028 prospere
1104 1973 1231 2028 gestis
1252 1973 1523 2023 disseruisset,

141 2029 367 2087 postulanti
392 2029 628 2087 triumphus
655 2039 717 2071 est
744 2029 947 2071 decretus.
1010 2030 1304 2087 Triumphavit
1331 2031 1374 2072 in
1396 2032 1526 2073 mmi-

140 2096 270 2130 stratu
290 2087 344 2130 de
364 2088 526 2130 duabus
542 2087 665 2129 simul
685 2087 890 2144 gentibus.
953 2087 1072 2129 Tulit
1093 2088 1135 2129 in
1154 2103 1203 2129 eo
1220 2047 1490 2145 triumphoqd³

113 2146 304 2199 7narium
336 2155 522 2188 trecenta
553 2154 713 2202 septem
753 2145 894 2195 millia,
931 2155 973 2187 et
1012 2146 1274 2188 victoriatum
1314 2147 1525 2203 octoginta

141 2204 329 2261 quinque
361 2203 491 2245 millia
519 2204 806 2260 septingentos
835 2203 951 2245 duos.
1015 2203 1226 2245 Militibus
1263 2204 1305 2245 in
1341 2205 1525 2261 singulos

141 2262 261 2319 quini
283 2262 382 2304 deni
411 2261 572 2304 denarii
600 2261 708 2303 dati:
741 2260 897 2318 duplex
926 2262 1176 2311 centurioni,
1199 2262 1349 2318 triplex
1378 2263 1523 2319 equiti.

184 2399 204 2426 4
225 2388 327 2419 Auem
348 2387 552 2427 sanyualem]
590 2386 640 2416 Dc
668 2385 727 2416 hac
750 2396 810 2416 ave

895 2384 915 2415 6
938 2386 1058 2417 Lucam
1081 2386 1220 2427 colonia]
1252 2388 1525 2429 Lunam'Grono-

144 2429 270 2462 Plinius
286 2430 330 2461 H.
349 2430 393 2461 N.
410 2440 440 2461 x.
460 2438 486 2468 7.
510 2428 705 2460 mentionem
723 2428 810 2466 facit,

855 2427 923 2458 vius
941 2438 981 2459 cx
997 2428 1074 2460 edit.
1095 2429 1230 2470 princip.
1247 2430 1280 2460 in
1295 2434 1421 2461 textum
1437 2442 1524 2462 rex-n-

142 2473 228 2504 unde
269 2473 449 2513 colligimus
489 2473 675 2512 sangualem
716 2481 809 2502 avem

140 2515 238 2547 fuisse
260 2515 454 2555 Ossifmgam
477 2515 689 2555 appellatam,
712 2524 808 2554 quam

141 2568 233 2590 avem
251 2557 439 2590 Aristoteles
455 2558 583 2598 aquilae
604 2556 810 2598 persimilem,

142 2601 295 2633 maiorem
309 2605 429 2639 tamen,
438 2600 536 2632 fuisse
550 2600 670 2638 scribit,
681 2603 713 2631 et
726 2600 809 2630 colo-

141 2643 184 2676 ris
212 2644 402 2685 leucophaei
429 2654 484 2675 seu
510 2643 603 2681 fusci,
629 2643 650 2674 i.
669 2653 698 2674 e.
721 2642 809 2683 nigro

141 2686 320 2718 albicantis.
373 2687 526 2719 Ceterum
555 2685 702 2718 scribitur
730 2687 810 2717 San-

141 2731 248 2778 qualt‘s
258 2730 346 2771 apud
359 2730 491 2761 Festum
504 2739 532 2761 v.
542 2730 655 2761 Alites.
671 2729 710 2760 cf.
723 2728 809 2761 Serv.

143 2782 175 2804 in
193 2773 274 2805 Aen.
290 2773 311 2805 i.
327 2781 399 2814 394.

186 2824 204 2855 5
227 2817 359 2847 Sacrum
372 2816 527 2856 lapidem]
549 2815 700 2855 Aliquem
717 2825 755 2845 cx
774 2814 810 2845 iis

145 2857 316 2899 lapidibus,
327 2869 406 2899 quos
417 2858 625 2890 terminandis
639 2858 720 2897 agris
733 2858 813 2888 fixos

145 2902 383 2939 consecrabant,
399 2902 553 2932 ornabant
572 2900 712 2938 floribus,
727 2901 811 2931 olivo

147 2944 318 2983 ungebant,
333 2949 392 2976 etc.
440 2944 491 2975 Dc
507 2944 659 2993 religione
674 2948 704 2974 ct
722 2944 811 2974 cultu

146 2985 197 3016 dei
210 2985 365 3023 Termini,
377 2986 443 3018 sive
459 2986 640 3017 huiusmodi
656 2987 811 3027 lapidum,

149 3027 210 3059 vid.
229 3028 315 3060 Plut.
332 3029 362 3059 in
383 3029 502 3060 Nuum.
527 3030 632 3062 Ciu-zv.

205 3083 300 3110 ΥΟΕ.
327 3084 381 3110 IV.

854 2471 950 2509 (uixit,
977 2481 1074 2510 quam
1103 2482 1212 2503 vocem
1239 2472 1408 2504 Bckkerus
1434 2484 1523 2514 repo-

853 2513 926 2544 suit.
970 2515 1090 2545 Lucam
1124 2515 1309 2546 vetustiores
1336 2521 1412 2547 ante
1442 2517 1522 2549 Gro-

855 2556 984 2587 novium
1008 2557 1162 2589 editiones
1181 2559 1376 2598 praeferunt,
1396 2564 1428 2590 et
1449 2571 1522 2590 cun-

854 2599 951 2630 sentit
977 2599 1124 2631 Velleius
1153 2601 1173 2632 i.
1208 2610 1255 2640 15,
1282 2602 1336 2642 qui
1363 2603 1521 2633 coloniam

854 2642 915 2673 hoc
955 2653 1040 2673 anno
1082 2644 1203 2675 Lucam
1245 2645 1418 2677 deductam
1455 2656 1522 2677 esse

855 2685 973 2717 scribit.

899 2737 915 2767 7
948 2730 1169 2768 Victor-iatum]
1202 2729 1266 2761 llic
1287 2741 1438 2762 nummus
1462 2732 1520 2762 vic-

854 2771 955 2802 toriae
980 2771 1117 2811 imaginc
1144 2773 1285 2810 signatus
1311 2774 1422 2804 eodem
1453 2784 1519 2813 prc-

855 2814 911 2851 tio,
942 2825 1005 2854 quo
1039 2815 1213 2854 quinarius,
1244 2821 1320 2847 emt.
1378 2816 1518 2847 Primum

855 2859 942 2897 apud
967 2858 1103 2889 Romam
1131 2859 1199 2898 lege
1218 2859 1332 2889 Clodia
1357 2867 1521 2899 percus-us

856 2905 914 2938 cst,
944 2905 1038 2931 antea
1069 2901 1198 2940 quidem
1232 2901 1344 2932 mercia
1378 2903 1448 2932 luco
1481 2912 1519 2931 (κ’

859 2943 990 2982 Illyrico
1023 2944 1186 2979 advectus,
1217 2950 1249 2975 ut
1286 2944 1368 2975 l'lin.
1402 2945 1444 2974 ll.
1479 2944 1520 2974 N.

857 2986 970 3016 xxxiii.
993 2987 1157 3025 13.‹locct.

1271 3085 1293 3110 ς
