1888 3194
383 159 534 203 ΤΙΤΙ
573 158 755 202 LIVH
797 159 1265 204 FRAGMENTA.
1438 167 1524 208 283

128 250 315 294 lacrimis
347 251 489 294 oculos
532 250 726 292 homines
763 249 922 291 intueri
963 249 1170 292 trucidata
1208 250 1397 293 membra
1435 253 1526 295 eius

128 317 336 366 poterant.
389 307 510 350 Vixit
531 315 614 349 tres
634 315 678 348 et
697 306 916 364 sexaginta
936 321 1081 357 annos,
1098 315 1158 358 ut,
1175 307 1210 348 si
1229 307 1292 348 vis
1312 307 1524 361 abfuisset,

127 382 183 409 ne
224 367 448 409 immatura
483 364 657 421 quidem
699 379 810 406 mors
844 363 978 406 videri
1018 364 1174 421 possit:
1226 364 1447 421 ingenium
1482 375 1526 408 et

128 424 323 481 operibus
365 430 408 464 et
448 421 645 479 praemiis
687 437 861 478 operum
901 421 1029 463 felix:
1082 422 1171 478 ipse
1211 421 1404 464 fortunae
1451 423 1526 465 diu

126 494 361 548 prosperae,
398 487 442 521 et
475 481 522 521 in
556 479 683 536 longo
726 488 871 521 tenore
911 478 1122 521 felicitatis
1157 479 1320 535 magnis
1355 479 1525 522 interim

125 546 233 581 ictus
252 537 507 587 vulneribus,
529 536 690 587 exsilio,
712 537 836 579 ruina
854 537 1052 594 partium,
1069 551 1146 593 pro
1167 537 1321 594 quibus
1340 545 1525 588 steterat,

125 595 237 637 filiae
257 603 405 645 morte,
427 595 546 637 exitu
574 603 660 636 tam
688 594 796 636 tristi
825 603 951 651 atque
979 595 1144 645 acerbo,
1167 594 1358 636 omnium
1378 595 1524 638 adver-

125 667 266 696 sorum
298 652 418 703 nihil,
451 660 499 694 ut
528 652 617 694 viro
648 651 826 709 dignum
859 660 960 702 erat,
993 651 1089 694 tulit
1119 660 1287 709 praeter
1318 661 1522 695 mortem:

126 725 234 768 quae
254 725 352 752 vere
383 710 623 752 aestimanti
653 710 793 751 minus
823 709 999 767 indigna
1017 709 1152 752 videri
1181 709 1333 766 potuit,
1356 710 1473 767 quod
1503 726 1528 752 a

124 768 281 810 victore
326 768 498 810 inimico
543 767 605 809 nil
649 767 861 809 crudelius
905 782 1049 824 passus
1095 776 1196 817 erat,
1239 782 1368 823 quam
1410 768 1526 824 quod

125 825 316 868 eiusdem
351 825 543 868 fortunae
585 839 757 882 compos
796 825 885 882 ipse
924 825 1103 867 fecisset.
1169 824 1214 867 Si
1249 825 1344 881 quis
1384 834 1527 867 tamen

125 883 350 925 virtutibus
370 883 472 925 vitia
492 882 690 940 pensarit,
707 883 771 924 vir
791 898 981 939 magnus,
999 897 1108 932 acer,
1130 882 1412 925 memorabilis
1431 883 1526 934 fuit,

125 948 169 982 et
198 941 243 982 in
274 941 394 983 euius
424 940 569 982 laudes
601 940 915 997 persequendas
937 940 1142 982 Cicerone
1174 939 1389 982 laudatore
1420 955 1527 997 opus

124 997 265 1040 fuerit.
318 999 386 1040 M.
405 999 572 1041 Seneca
590 1001 768 1040 b‘uasor.
794 999 830 1040 V
827 998 896 1040 II.
934 998 1008 1054 Cf.
1024 998 1287 1040 Freinshem.
1304 999 1525 1055 Supplem.

126 1071 224 1112 cap.
249 1057 320 1107 60,
341 1071 438 1112 sqq.

605 1225 683 1266 Ex
704 1225 765 1266 lib
792 1224 1035 1267 CXXVII.

186 1337 402 1386 Quoniam
430 1336 541 1378 inter
561 1335 807 1393 Augustum
835 1345 878 1378 et
898 1336 1139 1379 Antonium
1164 1336 1366 1394 reliquiae
1388 1339 1528 1381 adhuc

124 1404 245 1437 erant
277 1394 562 1445 dissensionis,
598 1394 802 1436 Cocceius
835 1394 992 1446 Nerva,
1024 1409 1204 1452 proavus
1237 1395 1420 1447 Nervae,
1452 1398 1527 1453 qui

124 1461 271 1510 postea
302 1452 526 1508 imperavit
560 1451 736 1502 Romae,
765 1451 982 1494 mandavit
1008 1454 1220 1509 Augusto,
1249 1462 1295 1494 ut
1328 1454 1526 1505 mitteret,

125 1509 270 1567 quide
286 1524 450 1551 summa
465 1524 606 1551 rerum
623 1518 862 1552 tractarent.
911 1510 1026 1567 Ergo
1048 1511 1197 1552 missus
1217 1519 1280 1553 est
1297 1511 1528 1554 Maecenas

125 1583 223 1609 cum
265 1567 471 1624 Agrippa,
509 1567 583 1623 qui
624 1575 854 1623 utrumque
895 1567 1128 1610 exercitum
1174 1568 1219 1610 in
1264 1584 1349 1610 una
1394 1579 1529 1612 eastra

125 1633 368 1682 coegerunt,
406 1634 454 1666 ut
493 1625 553 1667 ait
592 1624 739 1666 Livius
778 1625 850 1667 lib.
890 1624 1132 1668 CXXVII.
1194 1625 1527 1683 Intelligendum

125 1693 281 1733 autem,
304 1682 420 1739 quod
450 1681 628 1724 Fonteio
656 1682 781 1724 misso
809 1683 861 1724 ab
883 1683 1088 1733 Antonio,
1111 1682 1333 1740 Augustus
1355 1685 1528 1726 Maece-

126 1749 269 1782 natem
301 1749 345 1782 et
376 1749 537 1782 ceteros
569 1740 624 1781 ad
656 1739 839 1782 eundem
876 1739 1016 1782 locum
1057 1740 1256 1783 emiserit.
1319 1743 1436 1785 Acro
1470 1745 1531 1784 ad

127 1799 292 1840 Ilorat.
308 1799 404 1840 Sat.
425 1799 461 1840 I.
486 1801 524 1840 5.
549 1801 618 1840 29.

186 1855 460 1897 Dissensione
489 1864 580 1897 orta
608 1855 718 1896 inter
747 1855 970 1897 Caesarem
999 1854 1243 1912 Augustum
1267 1856 1529 1898 Antonium-

127 1928 223 1969 que,
247 1912 452 1955 Cocceius
481 1912 636 1962 Nerva,
659 1927 760 1953 avus
791 1913 894 1962 eius,
917 1912 991 1968 qui
1022 1922 1169 1969 postea
1197 1913 1362 1955 Romae
1394 1913 1529 1970 impe-

126 1970 246 2020 ravit,
268 1970 391 2026 petiit
420 1986 445 2012 a
475 1970 666 2019 Caesare,
695 1978 743 2010 ut
775 1969 975 2026 aliquem,
998 1970 1072 2026 qui
1105 1970 1159 2011 de
1192 1985 1355 2012 summa
1388 1986 1528 2013 rerum

128 2036 336 2078 tractaret,
380 2027 568 2068 mitteret
607 2026 894 2069 Tarracinam.
958 2026 1016 2068 Et
1060 2028 1244 2084 primum
1285 2029 1528 2079 Maecenas,

128 2101 227 2127 mox
262 2094 306 2127 et
337 2084 530 2141 Agrippa
560 2084 771 2140 congressi
803 2093 917 2134 sunt,
949 2084 1079 2142 hique
1113 2085 1369 2142 pepigerunt
1399 2085 1528 2127 fidem

126 2142 546 2193 confirmatissimam,
569 2151 612 2184 et
638 2142 681 2183 in
709 2157 795 2184 una
815 2151 949 2184 eastra
968 2142 1147 2185 conferri
1169 2143 1290 2198 signa
1309 2143 1528 2199 utriusque

128 2201 338 2242 exercitus
379 2200 599 2242 iusserunt.
664 2199 761 2241 Hoc
811 2209 854 2241 et
897 2199 948 2241 T.
983 2200 1130 2242 Livius
1171 2200 1241 2242 lib.
1288 2200 1527 2244 CXXVII.

129 2258 267 2307 refert,
290 2266 469 2313 excepta
492 2257 714 2315 Capitonis
736 2257 963 2299 mentione.
1013 2259 1266 2315 Porphyrio
1288 2260 1348 2300 ad
1364 2259 1526 2301 Ilm-at.

128 2318 223 2357 Sat.
247 2316 287 2357 I.
311 2318 351 2357 5.
375 2317 442 2357 29.
1388 2366 1392 2370 ι

191 2372 258 2414 Ab
281 2372 472 2414 Antonio
502 2373 648 2414 missus
681 2373 816 2414 fuerat
844 2372 1046 2414 Fonteius
1076 2373 1233 2430 Capito
1266 2372 1442 2429 legatuS,
1476 2374 1528 2414 ab

130 2430 326 2486 Augusto
361 2429 600 2480 Maecenas,
636 2430 926 2472 intercedente
963 2430 1148 2472 Cocceio
1183 2430 1340 2480 Nerva,
1375 2446 1529 2487 proavo

130 2487 297 2530 Nervae
319 2488 594 2544 imperatoriS‚
617 2488 690 2544 qui
712 2497 754 2530 et
774 2488 968 2544 Augusto
989 2497 1032 2529 et
1050 2488 1241 2530 Antonio
1261 2496 1404 2545 gratus
1425 2498 1528 2538 erat,

127 2560 224 2586 cum
259 2545 462 2601 Agrippa.
528 2545 589 2587 Ea
621 2555 763 2587 autem
796 2545 1040 2587 conditione
1072 2555 1358 2588 convenerant
1388 2545 1528 2601 legati,

130 2612 175 2644 ut
202 2603 256 2644 dc
287 2618 452 2644 summa
482 2618 620 2644 rerum
655 2612 895 2653 tractarent,
918 2613 1195 2660 exortumque
1223 2603 1528 2645 dissensionem

130 2659 239 2702 inter
258 2660 366 2702 duos
387 2660 462 2702 hos
484 2661 755 2717 imperatores
775 2670 1103 2717 componerent3
1128 2661 1244 2718 quod
1265 2671 1307 2703 et
1324 2661 1527 2709 fecerunt,

129 2728 172 2758 ct
205 2728 432 2774 utrumque
466 2719 700 2760 exercitum
739 2719 857 2759 iuxta
888 2719 1162 2760 Brundisium
1200 2720 1243 2760 in
1280 2735 1365 2760 nna
1396 2729 1530 2760 castra

129 2790 225 2815 cum
277 2790 428 2829 magna
479 2775 638 2817 laetitia
687 2786 930 2832 coegerunt,
983 2785 1030 2817 ut
1082 2776 1207 2818 infert
1258 2776 1404 2817 Livius
1455 2777 1525 2817 lib.

132 2831 370 2873 CXXVII.
439 2835 755 2875 (bmnwntalor
792 2835 975 2890 Cruqeu‘i
1010 2836 1071 2875 ad
1103 2835 1265 2876 Ilm-at.
1293 2837 1388 2877 Sat.
1419 2836 1456 2875 I.
1485 2838 1524 2874 5.

131 2893 199 2930 29.
267 2890 336 2943 (s.
358 2891 617 2933 1¹'rein.5laecm.
638 2893 854 2946 Supplem.
880 2907 977 2947 eal).
1003 2895 1072 2940 20,
1094 2908 1188 2946 sqq.
