1888 3194
566 159 693 201 LIB.
728 158 849 200 XLI.
898 158 1045 200 CAP.
1081 162 1146 202 27.
1498 161 1550 199 35

129 268 140 288 1
157 252 349 295 Valerius
371 250 524 292 Antias
544 248 682 296 tradit,
705 263 873 290 consors
903 249 1029 290 etiam
1062 248 1245 290 censoris
1267 256 1366 289 ciat.
1433 248 1549 290 Cou-
1565 258 1609 290 U
1625 259 1662 290 C.
1686 260 1757 299 :⁶58-

155 309 276 359 eules,
298 307 405 350 votis
429 308 474 348 in
498 306 712 363 Capitolio
740 306 1006 363 nuncupatis,
1040 306 1083 347 in
1112 306 1346 362 provincias
1374 302 1600 361 p10fectiA·
1625 302 1663 333 C.
1690 310 1756 340 ’74-

123 375 264 409 2sunt.
328 365 427 407 Ex
416 365 467 406 1is
488 364 551 406 M.
570 363 758 406 Aemilio
778 372 948 405 senatus
967 363 1185 429 negotium
1208 363 1340 413 dedit,
1358 372 1405 404 ut
1424 362 1548 405 Pata-

153 424 346 466 vinorum
376 423 422 464 in
443 422 627 464 Venetia
660 421 910 464 seditionem
940 421 1249 487 comprimeret,
1280 436 1386 486 quo-s
1415 429 1548 462 certa—

153 481 268 523 mine
298 481 528 523 factionum
564 479 618 521 ad
650 479 897 521 intestinum
927 479 1084 521 bellurn
1117 479 1330 527 exarsisse,
1360 479 1543 534 ipsorum

152 538 279 596 legati
299 538 538 580 attulerant.
601 537 764 594 Legati,
787 537 924 593 quiin
948 537 1159 579 Aetoliam
1193 537 1246 578 ad
1275 536 1431 578 similes
1458 551 1547 577 mo-

153 605 221 639 tus
259 595 596 654 comprimendos
635 595 783 645 ierant,
819 595 1128 645 renuntiarunt,
1165 595 1348 637 coerceri
1388 594 1545 636 rabiem

151 655 291 712 gentis
320 669 406 696 non
437 669 569 711 posse.
631 653 845 695 Patavinis
871 653 994 695 saluti
1014 653 1095 694 fuit
1115 652 1319 694 adventus
1339 651 1543 695 consulis.

153 727 292 769 neque
329 711 456 762 aliud,
489 711 605 769 quod
640 720 781 768 ageret
811 711 855 752 in
891 711 1118 768 provincia,
1151 726 1283 767 quum
1319 710 1545 776 habuisset,

154 769 336 812 Romam
368 744 504 812 rediit.
569 768 778 812 Censores
806 769 894 810 vias
925 768 1171 810 sternendas
1206 768 1362 810 silice
1351 784 1396 809 m
1429 768 1735 818 urbe,censo1um

121 813 295 894 {glarea
329 837 447 870 extra
482 829 629 870 urbem
668 826 965 869 substruendas
1004 826 1381 883 marginandasque
1422 825 1666 883 pr1m101'0r‘²

155 886 344 928 omnium
376 886 633 936 locaverunt,
664 894 898 942 pontesque
930 884 1073 926 multis
1103 884 1204 926 locis
1233 884 1468 926 faciendos:
1505 892 1548 926 et

122 950 320 986 Sscenam
354 944 561 986 aedilibus
590 943 935 1000 praetoribusque
959 942 1265 999 praebendam:
1299 951 1343 984 et
1362 957 1547 984 carceres

120 983 199 1066 §in
226 1001 352 1051 circo,
374 1010 417 1043 et
441 1016 520 1043 ova
542 1001 597 1042 ad
627 1010 746 1042 notas
776 1000 993 1042 curriculis
1023 1000 1306 1050 numerandis,
1328 1009 1369 1042 et
1391 1000 1413 1022 *
1435 1000 1545 1049 dam,

152 1067 197 1101 et
226 1068 358 1100 metas
388 1069 502 1101 trans
529 1059 551 1080 ’ξ
577 1070 620 1100 et
650 1073 795 1100 caveas
824 1058 977 1099 ferreas
1006 1058 1546 1114 pc*intromitterentu1*

121 1116 296 1158 8ferreis
316 1116 359 1158 in
382 1126 525 1159 monte
548 1115 718 1158 Albano
739 1115 992 1166 consulibus,
1015 1126 1057 1157 et
1078 1115 1232 1157 clivum
1257 1115 1544 1171 Capitolinum

154 1173 269 1216 silice
301 1174 574 1216 sternendum
596 1182 861 1223 curaverunt,
884 1182 926 1215 et
947 1174 1155 1230 porticum
1176 1174 1228 1215 ab
1250 1173 1353 1215 aede
1379 1173 1547 1215 Saturni

119 1231 198 1274 9in
221 1232 481 1290 Capitolium
513 1232 566 1273 ad
595 1231 854 1281 senaculum,
876 1247 924 1273 ac
945 1247 1070 1288 super
1098 1231 1140 1272 id
1163 1231 1332 1273 curiam.
1397 1230 1452 1272 Et
1474 1246 1548 1272 ex-

153 1394 245 1422 eatur
261 1391 308 1423 M.
323 1391 458 1422 Fulvius
474 1390 636 1427 Nobilior,
649 1390 700 1421 hic
716 1394 826 1421 autem

152 1434 216 1467 Cn.
233 1433 379 1472 Fulvius,
401 1434 433 1465 id
457 1444 496 1465 ex
519 1444 558 1465 eo
583 1433 655 1464 oriri
679 1433 828 1471 Sigonius

152 1476 329 1515 existimat,
338 1477 424 1518 quod
435 1487 456 1508 a
468 1477 516 1508 M.
529 1476 645 1508 Fulvio
659 1476 827 1507 Nobiliore

153 1520 328 1561 adoptatus
341 1525 433 1551 esset.
480 1520 598 1559 Itaque
620 1519 678 1550 Cn.
689 1520 828 1550 Fulvius

154 1563 291 1594 Flaccus
306 1562 444 1603 primum
466 1566 514 1593 est
529 1563 598 1593 eius
612 1572 730 1593 nomen
743 1574 750 1593 ε
776 1563 826 1592 Μ.

155 1606 295 1636 Fulvius
324 1606 471 1636 Nobilior
504 1615 622 1636 nomen
661 1609 708 1636 est
745 1605 826 1635 illud

155 1648 243 1687 quod
265 1657 285 1679 a
309 1651 399 1688 patre
418 1648 571 1688 adoptivo
587 1648 646 1678 sibi
661 1647 827 1679 asciverat.

156 1691 263 1723 Ciuzv.

204 1742 215 1764 1
242 1733 377 1764 Consors
388 1735 482 1764 etium
498 1734 654 1771 censoris]
682 1733 745 1763 Per
759 1743 828 1763 con-

155 1781 254 1808 sortes
286 1775 486 1816 intelligendi
521 1780 595 1806 suut
625 1775 828 1811 cohaeredes,

157 1819 211 1859 qui
235 1819 399 1850 communi
424 1823 456 1850 et
481 1819 624 1849 nondum
649 1818 750 1848 diviso
776 1829 828 1858 pa-

157 1861 308 1892 trimonio
325 1861 444 1901 pariter
460 1866 603 1891 utuntur.
630 1861 744 1891 Dima.

201 1913 218 1935 2
242 1905 297 1935 Ea·
311 1905 352 1935 iis
364 1904 578 1941 ALAemilio]
606 1904 764 1934 Mendum
781 1907 828 1933 est

156 1946 189 1977 in
209 1946 340 1978 nomine
361 1946 511 1977 consulis.
558 1946 635 1976 Non
657 1946 742 1976 enim
767 1945 828 1975 boe

155 2000 253 2025 anno,
265 1990 320 2020 sed
336 1988 510 2029 superiore,
524 1989 571 2020 M.
583 1988 743 2020 Aemilius
755 1999 828 2019 eon-

154 2033 205 2064 uul
235 2032 305 2064 fuit.
337 2032 444 2064 Ciu-:w
503 2032 657 2063 Ceterum
689 2042 746 2071 pro
778 2041 827 2062 vo-

155 2075 246 2108 cibus
264 2086 306 2106 ez*
323 2077 363 2106 iis
379 2074 667 2106 Drakenborchius
685 2075 762 2106 exin
782 2084 828 2104 rc-

155 2118 342 2160 ponendum
367 2117 508 2154 coniicit,
529 2117 583 2157 qui
607 2117 651 2148 ita
675 2127 750 2148 mox
774 2118 827 2148 arl-

154 2167 271 2194 venlus
282 2162 484 2202 proconsulis
500 2161 670 2200 legendum
688 2165 806 2191 monet.

198 2213 217 2244 3
242 2205 363 2235 Glarea
379 2228 386 2235 .
403 2228 410 2235 .
428 2228 436 2236 .
451 2204 699 2242 substruendas]
725 2204 778 2234 Ita
794 2207 829 2234 ut

155 2247 289 2280 solidius
300 2251 333 2278 et
345 2247 468 2277 firmius
480 2247 604 2287 lapides
617 2246 828 2278 inhaererent.

199 2302 220 2330 4
242 2290 564 2330 ΛΙαηΙὶηαηάαεᾳαε]
605 2300 648 2321 sc.
676 2288 827 2327 Margini-

156 2334 217 2365 bus
239 2332 376 2374 lapideis
397 2332 601 2368 muniendas,
616 2332 648 2363 id
665 2333 751 2372 quod
771 2332 828 2362 hos

156 2377 306 2408 consules
321 2375 442 2416 primos
456 2375 568 2406 secisse
586 2375 740 2407 Dukcrus
757 2385 828 2406 cen-

156 2424 215 2451 set.
252 2419 292 2450 cf.
325 2418 466 2459 Bergicr.
494 2419 534 2449 de
566 2419 661 2450 I‘ubl.
693 2423 725 2448 ct
757 2418 828 2449 Mil.

158 2463 256 2494 Rom.
273 2461 352 2493 Viis.
369 2461 401 2493 ii.
419 2471 469 2500 3¹-

201 2514 219 2545 5
242 2506 394 2543 Scenam]
421 2506 461 2536 cf.
478 2505 572 2544 Supr.
590 2505 634 2536 xl.
652 2513 701 2543 51.

200 2547 221 2580 6
244 2550 315 2579 Ova
338 2549 382 2578 ad
406 2552 498 2578 notas
523 2549 697 2578 curriculis
720 2558 828 2578 nume-

156 2592 288 2630 randis]
309 2590 403 2622 Prius
415 2591 579 2630 legebatur
591 2591 809 2622 numerandus
819 2603 828 2620 .·

158 2634 253 2666 male.
285 2634 477 2666 Mendoaam
494 2643 623 2673 quoque
638 2643 706 2664 csse
720 2643 828 2664 vocem

158 2682 251 2709 notas
277 2676 398 2708 iudicat
426 2676 520 2708 Fulv.
548 2676 698 2713 Ursinus,
722 2686 761 2706 ac
785 2687 829 2707 rc-

159 2720 252 2760 ponit
296 2719 453 2760 probabili
494 2719 678 2750 coniectura
720 2724 828 2750 metas.

160 2763 232 2795 Ova
253 2763 338 2794 enim
360 2762 429 2799 illa,
444 2774 462 2793 e
484 2762 570 2801 ligno
591 2762 757 2796 fabricata,
773 2762 829 2792 iin-

161 2807 364 2846 ponebantur
373 2805 543 2843 columnis,
552 2805 727 2845 aliquando
738 2805 831 2841 binis,

159 2848 334 2888 aliquando
358 2848 532 2888 quaternis.
554 2849 593 2879 ad
619 2853 723 2879 metas
745 2848 829 2879 Circi

160 2891 297 2923 statutis.
335 2891 400 2922 'rot
416 2891 472 2922 illa
489 2896 580 2922 erant
596 2901 741 2926 numero,
752 2896 830 2930 quot

161 2933 319 2964 curricula
344 2938 434 2964 erant
466 2934 666 2973 peragenda:
698 2938 831 2981 ncwtcna

872 1390 1018 1429 proinde,
1046 1393 1082 1420 ut
1110 1389 1298 1429 plurimum,
1326 1399 1383 1429 pro
1413 1392 1548 1428 septeno

871 1433 1102 1464 curriculorum
1134 1442 1281 1470 numero,
1310 1432 1365 1472 qui
1395 1432 1549 1463 sollennis

872 1476 1014 1507 maxime
1037 1480 1115 1507 erat.
1162 1475 1273 1507 Primo
1295 1475 1454 1506 curriculo
1478 1485 1546 1515 per-

871 1522 956 1557 aeto,
986 1530 1087 1550 unum
1122 1528 1218 1549 ovum
1257 1529 1275 1549 e
1312 1518 1419 1549 medio
1454 1518 1546 1548 tolle-

872 1563 977 1597 batur,
997 1563 1138 1593 secundo
1163 1561 1322 1592 curriculo
1345 1561 1497 1597 alterum,
1515 1565 1547 1590 ct

872 1605 917 1635 sic
947 1605 987 1635 de
1019 1605 1159 1645 reliquis.
1207 1605 1300 1635 Haec
1329 1604 1394 1635 fere
1423 1604 1546 1635 Salma-

873 1647 946 1678 sius.
970 1648 1077 1679 Cntzv.

919 1698 934 1729 7
959 1691 1023 1720 Ec*
1038 1691 1122 1727 (lam,
1137 1695 1166 1721 el
1183 1695 1281 1721 melas
1297 1690 1425 1728 [rand]
1454 1689 1547 1720 Ilaec

875 1733 985 1772 explet
1007 1737 1173 1772 utcunque
1192 1732 1369 1763 Marcellus
1386 1732 1548 1767 Donatus,

875 1775 1014 1814 legitque
1029 1781 1059 1806 el
1071 1776 1213 1812 rhedam,
1225 1780 1255 1806 el
1267 1779 1366 1805 melus
1378 1776 1546 1805 transitus.

876 1818 981 1848 Nobis
1009 1818 1186 1849 consultius
1214 1817 1339 1848 ridetur
1366 1817 1471 1847 locuni
1500 1817 1545 1847 in-

875 1865 997 1891 tactum
1030 1861 1220 1900 relinquere,
1250 1870 1345 1899 quam
1378 1861 1463 1890 male
1493 1871 1546 1890 cu-

874 1907 976 1933 ratum
994 1903 1155 1934 exhibere.
1204 1903 1294 1933 Idem
1313 1907 1343 1933 et
1362 1902 1392 1932 in
1412 1903 1448 1933 iis
1463 1913 1546 1942 qua(-

873 1950 1051 1985 sequuntur
1075 1946 1195 1977 iudicat
1220 1946 1391 1983 legendum
1416 1956 1494 1982 esse,
1517 1951 1546 1976 r!

872 1999 988 2020 caveas
1010 1990 1155 2027 ferreas,
1182 1999 1243 2028 per
1275 1999 1357 2029 quas
1390 1990 1546 2018 inlr-omit<

873 2036 1020 2063 terenlur
1041 2032 1148 2070 serae.
1208 2033 1265 2062 Sat
1295 2030 1442 2061 feliciter.
1506 2032 1545 2062 In

873 2074 1078 2105 Circensibus
1111 2074 1196 2105 enim
1234 2073 1316 2104 ludis
1347 2084 1409 2104 non
1442 2071 1545 2104 solum

874 2127 966 2148 cursu
983 2118 1176 2154 certabatur,
1192 2117 1246 2148 scd
1263 2121 1295 2147 et
1311 2116 1447 2147 ferarum
1466 2117 1548 2148 inter

873 2170 918 2197 sc,
947 2164 1003 2191 aut
1033 2171 1106 2191 cum
1137 2159 1295 2191 bestiariis
1321 2169 1447 2200 pugnae
1474 2161 1545 2191 ede-

875 2204 999 2235 bantur.
1022 2204 1129 2235 Cnev.

917 2248 937 2277 8
963 2248 1005 2277 In
1043 2251 1148 2278 monle
1178 2247 1306 2277 Albano
1343 2246 1543 2284 consulibus]

875 2289 941 2320 Hic
968 2289 1173 2330 perspicuum
1201 2294 1250 2320 est
1275 2289 1399 2329 aliquid
1426 2289 1545 2320 deesse.

873 2333 980 2364 Ciu-zv.

915 2385 935 2417 9
960 2377 999 2406 ln
1018 2376 1210 2416 Capitolium
1230 2376 1273 2405 ml
1293 2376 1492 2409 senaculum,
1508 2386 1546 2405 m·

874 2429 972 2459 super·
988 2419 1021 2448 id
1035 2420 1176 2457 cur-ima]
1205 2419 1352 2449 Fortasse
1373 2418 1543 2458 legendum

874 2463 909 2492 in
947 2462 1115 2501 Capitolia.
1179 2461 1254 2492 Fuit
1290 2461 1376 2492 enim
1415 2461 1544 2492 Saturni

873 2505 970 2535 aedes
1007 2504 1037 2535 in
1073 2504 1157 2535 clivo
1186 2503 1383 2544 Capitolino.
1430 2505 1547 2544 ltaque

876 2547 1017 2588 porticus
1040 2547 1095 2578 illa
1118 2547 1315 2585 intelligetur
1338 2552 1483 2587 porrecta
1505 2547 1546 2577 ab

874 2591 954 2621 aede
976 2591 1104 2621 Saturni
1130 2590 1160 2620 in
1188 2590 1272 2620 clivo
1295 2590 1483 2630 Capitolino
1505 2591 1548 2619 ml

873 2635 1072 2670 senaculum,
1087 2639 1183 2674 atque
1198 2634 1238 2664 ad
1260 2635 1383 2664 curiam
1400 2644 1483 2673 quac
1499 2637 1542 2662 vsi

874 2688 972 2717 super
992 2678 1027 2707 itt
1047 2677 1245 2707 senaculum.
1293 2675 1399 2707 Possis
1419 2680 1451 2706 et
1471 2686 1543 2706 cuin

878 2720 967 2750 Iusta
996 2719 1157 2759 Rycquio,
1185 2719 1265 2750 libro
1291 2720 1332 2749 de
1359 2719 1467 2758 Capit.
1497 2728 1544 2755 34.

877 2763 980 2802 legere
1005 2768 1036 2793 ee
1062 2764 1273 2793 senaculum:
1308 2766 1343 2792 ut
1370 2773 1480 2792 sensus
1507 2761 1542 2790 sit

877 2805 1034 2845 porticum
1061 2806 1102 2836 ab
1128 2806 1208 2836 aede
1236 2805 1365 2836 Saturni
1394 2805 1423 2834 in
1450 2804 1543 2842 Cupi-

877 2848 1003 2885 tolium,
1019 2847 1048 2878 id
1071 2854 1131 2885 est,
1148 2848 1177 2879 in
1201 2849 1359 2887 ternplum
1385 2847 1469 2878 lovis
1484 2848 1543 2875 (¹..-

877 2891 1015 2931 pitolini,
1037 2896 1227 2931 porrectam.
1243 2896 1274 2921 et
1298 2890 1497 2923 senaculum.
1513 2893 1543 2917 et

875 2934 1008 2967 curiam.
1032 2934 1135 2964 locata
1162 2945 1228 2964 esne
1252 2944 1270 2963 a
1294 2932 1476 2963 conum-ibus
1502 2932 1542 2961 la·

1240 2979 1313 3015 υ2
