1888 3194
508 196 763 239 FRANC.
811 197 1191 240 GOELLERI.
1466 206 1550 245 335

155 289 168 308 ‘
182 285 347 342 copiam
367 284 479 334 fecit,
502 283 629 325 Bern.
655 283 987 326 Rottendorfius.
1053 284 1150 327 Scio
1173 286 1299 327 fuisse
1321 288 1430 329 viros
1451 290 1552 332 doc-

155 342 374 391 ‘tissimos,
408 341 483 397 qui
517 340 572 381 de
607 340 735 382 huius
768 341 992 398 fragmenti
1027 342 1202 384 veritate
1237 343 1549 396 dubitaverint3

154 398 257 440 ‘sed
295 398 340 439 hi
381 397 489 454 passi
535 406 634 438 sunt
678 397 840 454 aliquid
884 397 1132 449 humanum,
1174 408 1218 441 et
1257 400 1381 456 quale
1427 403 1554 444 modo

155 460 168 479 ‘
181 455 370 496 ridebam
391 455 436 495 in
458 453 524 495 Fr.
541 454 745 505 Asulano,
764 455 838 512 qui
858 456 903 496 in
923 456 1069 498 limine
1090 457 1215 512 primi
1232 457 1335 498 tomi
1352 457 1551 509 Aldinae,

153 517 167 536 ‘
183 512 386 553 accusatis
421 511 695 568 typographis
730 512 998 563 Florentinis,
1035 514 1226 569 queritur
1264 514 1380 555 aliud
1419 530 1553 572 genus

152 573 166 593 ‘
179 567 347 610 sceleris
367 569 622 610 commisisse
644 568 932 612 Basileenses:
965 571 1182 612 historiam
1204 572 1317 612 enirn
1339 572 1553 629 quandam

153 630 166 650 ‘
179 639 321 667 rerum
345 625 633 668 Romanarum
654 627 732 668 sub
753 627 925 669 nomine
948 627 1162 669 Paterculi
1183 628 1377 679 edidisse,
1399 629 1445 670 in
1466 645 1551 686 quo

153 682 288 724 ‘nihil
322 683 409 724 fere
444 682 649 725 Latinum
683 684 858 740 legatur,
894 685 1010 741 quod
1045 686 1230 742 Augusti
1266 695 1456 743 tempora
1487 702 1552 729 re—

153 745 166 764 ‘
180 739 335 790 doleat,
352 740 506 796 quibus
526 755 624 782 eum
642 741 829 783 floruisse
852 742 993 784 velint.
1043 742 1259 784 Nimirum
1281 744 1326 784 in
1347 743 1552 786 similibus

153 802 166 821 ‘
180 797 445 854 deprehensa
464 797 576 839 fraus
597 798 736 850 efficit,
759 808 807 841 ut
835 799 1025 841 nondum
1054 800 1163 842 bene
1188 801 1405 857 perpensis
1425 802 1552 843 etiam

154 859 167 878 ‘
181 855 318 896 verbis
338 855 438 896 boni
459 855 679 896 diffidant)

211 911 384 953 Etenim
420 911 532 953 inter
563 927 646 962 eOS‚
679 913 752 969 qui
785 929 810 955 a
843 914 958 955 Livii
992 929 1122 955 manu
1156 914 1236 956 hoe
1268 914 1551 971 fragmentum

151 968 226 1024 (17
265 970 404 1025 priora
438 969 576 1026 capita
610 969 705 1011 libri
744 971 993 1023 XXXIII.)
1026 987 1113 1013 esse
1146 982 1439 1029 pernegarent,
1473 973 1554 1014 fuit

153 1025 187 1067 L
214 1025 267 1068 G.
294 1026 468 1068 Vossius
501 1026 553 1068 de
584 1026 695 1068 Hist.
726 1027 819 1069 Lat.
850 1028 882 1069 I.
913 1044 947 1069 c.
975 1032 1040 1070 19.
1070 1029 1154 1070 vid.
1185 1029 1338 1071 Thom.
1372 1029 1553 1071 Hearnii

151 1083 280 1140 praefi
319 1083 432 1139 apud
469 1083 788 1125 Drakenborch.
828 1094 927 1126 tom.
965 1086 1066 1127 VII.
1100 1101 1141 1142 p.
1180 1089 1276 1128 315.
1349 1086 1554 1128 Ceterum

153 1140 286 1181 editio
309 1139 504 1181 Romana
530 1141 709 1196 repetita
729 1150 792 1182 est
814 1143 969 1183 Venet.
992 1157 1056 1198 ap.
1081 1142 1172 1183 Ioh.
1197 1142 1318 1199 Bapt.
1346 1143 1552 1194 Ciottum,

151 1196 197 1237 in
216 1196 350 1238 forma
370 1197 577 1253 octuplice
601 1213 697 1239 ann.
724 1199 768 1239 M
777 1199 992 1241 DCXVI.
1042 1199 1206 1240 Eodem
1228 1215 1339 1242 anno
1356 1200 1552 1251 Parisiis;

151 1253 448 1296 Paderbornae
485 1253 671 1310 denique
713 1270 824 1296 anno
861 1256 1155 1298 MDCXVII.
1195 1257 1296 1299 item
1338 1257 1384 1298 in
1422 1258 1557 1300 forma

151 1310 360 1410 οὲωρίἰοε
396 1311 550 1353 librum
588 1312 815 1354 XXXIII.
854 1312 945 1354 Ioh.
987 1311 1200 1355 Horrion⁶
1234 1314 1345 1356 notis
1381 1314 1555 1357 adiectis

151 1383 174 1410 e
207 1368 297 1410 idit.

213 1424 442 1476 Quoniam,
465 1426 538 1482 qui
570 1425 799 1469 editionem
831 1427 1064 1484 principem
1098 1427 1400 1486 Moguntinam
1433 1445 1554 1472 cura—

152 1491 316 1532 verunt,
338 1483 473 1525 multa
503 1493 660 1526 temere
692 1494 735 1526 et
762 1500 839 1541 pro
867 1486 1038 1527 arbitrio
1066 1495 1297 1537 mutarunt,
1320 1487 1553 1529 editionem

155 1539 459 1581 Frobenianam
495 1541 596 1582 anni
633 1542 914 1584 MDXXXI.
952 1543 1252 1585 conferendam
1287 1559 1376 1586 esse
1409 1545 1554 1587 existi-

154 1597 277 1647 mavi,
299 1597 367 1639 eui
398 1597 579 1654 praefuit
602 1597 820 1648 Gelenius,
843 1599 906 1640 vir
935 1600 980 1640 in
1010 1600 1075 1641 his
1106 1602 1230 1642 rebus
1260 1616 1425 1643 summa
1454 1618 1550 1643 cum

154 1654 374 1711 diligentia
393 1655 544 1696 versari
563 1655 721 1706 solitus,
744 1657 818 1712 qui
839 1656 930 1698 cod.
954 1657 1126 1698 unicum
1151 1658 1262 1708 MS„
1284 1659 1399 1700 unde
1421 1659 1553 1701 editio

155 1710 416 1768 Moguntina
436 1712 672 1768 parabatur,
690 1713 886 1754 secundis
907 1714 1018 1755 euris
1039 1716 1250 1756 recensuit
1300 1715 1437 1771 quue
1455 1731 1556 1773 ope-

155 1769 210 1810 ris
232 1784 318 1810 non
339 1770 428 1810 sine
451 1784 604 1825 magno
621 1770 758 1812 fructu
781 1785 847 1812 me
865 1771 1108 1827 suscepisse,
1127 1772 1246 1813 valde
1263 1773 1429 1829 gavisus
1445 1788 1551 1815 sum.

213 1826 375 1868 Passim
408 1841 552 1868 causas
585 1827 929 1883 corruptelarum,
994 1829 1116 1870 assim
1149 1844 1288 1870 veram
1325 1829 1419 1871 libri
1454 1830 1551 1873 MS.

155 1883 381 1925 lectionem
415 1893 663 1925 memoratas
693 1885 848 1934 inveni,
872 1843 992 1941 quod
1019 1886 1099 1927 nisi
1130 1887 1386 1943 contigisset,
1410 1888 1554 1929 multis

154 1940 257 1982 locis
280 1940 515 1997 vulgarium
547 1941 774 1983 lectionum
807 1943 1012 1999 originem
1044 1943 1242 1999 indagare
1271 1944 1422 1986 frustra
1452 1945 1553 1986 alla-

154 1997 364 2039 borabam.
428 1997 541 2039 Nam
563 1998 615 2040 de
645 2013 720 2040 suo
748 1999 893 2040 codice
923 1999 1025 2040 haec
1050 2000 1256 2042 Gelenius
1285 2002 1472 2057 prodidit
1499 2003 1553 2044 ad

155 2054 246 2096 Liv.
275 2055 500 2097 XXXIII.
528 2059 595 2097 21.
649 2061 660 2079 ‘
681 2056 810 2104 Quod
837 2072 934 2098 vero
965 2057 1096 2098 editio
1123 2057 1381 2114 Moguntina
1411 2059 1479 2101 hic
1511 2069 1553 2101 ct

156 2112 275 2154 ‘aliis
321 2112 423 2154 locis
473 2112 758 2169 degeneravit,
802 2114 845 2154 in
887 2129 1012 2155 causa
1059 2115 1139 2157 fuit
1183 2116 1343 2171 priscus
1383 2115 1554 2159 charac-

156 2175 260 2220 ‘ter,
302 2185 380 2212 nec
421 2169 502 2212 hoc
542 2170 683 2212 seculo
724 2171 856 2212 cuivis
902 2171 1014 2213 lectu
1054 2171 1212 2213 facilis)
1293 2173 1437 2215 Editio
1485 2175 1554 2216 illa

156 2226 353 2268 Frobenii
425 2242 537 2269 anno
611 2228 904 2270 MDXXXI.
998 2229 1187 2271 Basileae
1249 2230 1363 2272 edita
1421 2231 1554 2274 forma

156 2284 324 2326 maiore.
388 2283 644 2327 Prodicrunt
694 2285 737 2326 in
789 2285 866 2328 hac
917 2286 1104 2328 editione
1154 2287 1338 2344 primum
1384 2288 1554 2331 decadis

198 2425 219 2457 6
244 2426 296 2458 De
314 2426 487 2464 Horrione,
503 2427 657 2468 scriptum
681 2428 711 2458 in
731 2428 832 2459 Bibli-
879 2434 946 2460 tate
974 2440 1168 2470 progressus,
1194 2431 1387 2469 Moguntiae
1414 2432 1554 2472 philoso-

157 2469 225 2501 oth.
242 2469 434 2509 scriptorum
453 2470 484 2501 S.
505 2471 544 2507 1.‚
561 2481 657 2510 opere
681 2471 834 2502 inchoato
879 2473 1001 2512 phiam,
1018 2474 1135 2504 deinde
1158 2478 1189 2504 ct
1212 2474 1253 2504 ihi
1276 2479 1307 2504 ct
1329 2474 1555 2506 paderbornae

156 2522 176 2542 n
205 2511 422 2543 Ribadencira
441 2523 516 2543 ann.
540 2514 711 2551 MDCII„
732 2514 831 2544 conti·
876 2515 1073 2555 theologiam
1100 2516 1339 2553 scholasticam,
1366 2521 1398 2547 et
1431 2528 1552 2548 sacnuu

157 2559 256 2584 nuato
282 2555 323 2584 ab
352 2555 530 2595 Alcgamhe
561 2566 661 2595 usque
692 2557 732 2586 ad
758 2568 831 2588 ann.
876 2558 1067 2598 scripturam
1085 2559 1196 2589 multis
1211 2559 1439 2590 annisdocuit.
1490 2561 1552 2591 De-

159 2596 397 2634 MDCXLII.,
424 2598 586 2637 recognito
614 2603 645 2628 et
675 2600 833 2638 producto
877 2600 929 2630 siit
946 2601 1028 2630 inter
1044 2602 1196 2631 mortales
1213 2601 1317 2631 vix-cro
1330 2603 1488 2633 Coloniae
1501 2603 1553 2633 dio

158 2638 197 2669 nd
223 2649 343 2669 annum
372 2640 508 2671 [ubilat-i
534 2641 792 2673 MDCLXXV.
815 2653 834 2672 a
881 2652 929 2674 21.
945 2644 1078 2681 August.
1099 2643 1211 2682 1641.·’
1229 2645 1302 2675 add.
1321 2645 1552 2675 I‘zick.i111'an-

161 2680 367 2712 Nathanaele
404 2683 554 2714 Sotrcllo.
589 2682 704 2723 (Rom.
746 2684 835 2723 1676.
879 2685 976 2716 theon
1000 2687 1030 2717 «l.
1056 2687 1170 2717 Bnmb.
1188 2687 1336 2717 (lclchrt.
1358 2698 1444 2718 anno
1466 2690 1554 2727 1815.

159 2722 231 2771 fol.)
259 2733 289 2763 p.
317 2723 388 2762 463.
422 2726 444 2741 ‘⁶
461 2725 632 2756 Ionum-s
660 2726 835 2763 Hoaawx,
880 2728 910 2758 (1.
933 2728 962 2758 8.
988 2729 1068 2768 Aug.
1091 2739 1135 2759 nr.
1163 2728 1208 2760 16.
1233 2740 1262 2769 p.
1287 2739 1377 2761 2120.
1404 2741 1433 2761 u.
1462 2740 1552 2760 2121.

160 2769 291 2796 natione
308 2765 528 2806 Belga.gente
546 2767 836 2805 Ehuro,dioecesi11
881 2770 1037 2802 Biblioth.
1072 2771 1258 2803 coloniens.
1297 2783 1361 2803 cur.
1401 2778 1430 2802 ct
1469 2773 1553 2802 stud.

162 2806 360 2845 leodiensis,
389 2809 548 2848 ingressus
577 2810 609 2840 in
647 2811 833 2842 societatem
883 2812 1011 2852 Ioseph.
1028 2814 1229 2845 Ilartzlwim.
1247 2815 1277 2845 S.
1295 2814 1320 2845 Ι.
1340 2815 1482 2854 l'rcsbyt.
1497 2816 1552 2845 SS.

161 2849 348 2880 sedecennin
369 2861 455 2881 anno
475 2851 577 2893 1691„
598 2857 630 2883 et
649 2857 721 2883 vom
742 2859 832 2893 quat·
878 2854 995 2886 Theol.
1015 2856 1111 2886 Doct.
1128 2861 1159 2886 ct
1185 2857 1322 2893 Rege-ut.
1341 2857 1461 2896 Gyani.
1483 2856 1550 2886 'rri-

162 2894 235 2920 tuor
262 2892 420 2930 profeuun
443 2898 500 2925 cst.
549 2895 582 2925 Is
604 2905 677 2924 cum
701 2905 836 2933 magnos
879 2902 1020 2929 coronat.
1045 2898 1176 2934 (Colon.
1194 2899 1247 2930 fol.
1270 2899 1376 2938 1747.)
1394 2909 1423 2938 p.
1447 2902 1512 2929 181.

162 2932 289 2963 fecisset
312 2933 343 2963 in
366 2934 450 2973 poesi
472 2940 504 2966 et
526 2935 557 2966 iu
579 2936 715 2967 oratoria
735 2938 834 2968 facul-
