1888 3194
543 175 669 218 LIB.
703 174 844 216 XLV.
891 174 1039 216 CAP.
1074 179 1141 216 21.

1478 181 1557 220 193

216 265 336 308 Inter
364 263 515 306 multas
543 263 671 305 Asiae
703 263 992 320 Graeciaeque
1023 263 1254 320 legationes
1286 264 1553 308 Rhodiorum
1569 278 1613 310 U.
1631 278 1669 310 C.
1692 278 1766 318 585.

156 323 340 364 maxime
370 321 496 378 legati
517 321 730 363 civitatem
750 330 1061 363 converterunt.

155 379 202 420 in
221 387 334 421 veste
365 378 546 421 eandida
569 379 646 420 visi
675 388 828 429 essent,
850 378 966 435 quod
996 387 1040 421 et
1068 379 1328 435 gratulantes
1357 379 1534 422 decebat

154 444 209 486 et,
230 436 266 477 si
285 435 497 478 sordidam
518 445 676 478 vestem
703 436 960 486 habuissent,
983 436 1218 492 lugentium
1241 436 1386 478 Persei
1408 452 1550 478 casum

151 493 353 549 praebere
375 494 558 551 speciem
579 503 798 550 poterant3
831 503 1055 550 postquam
1075 494 1255 536 consulti
1276 494 1327 536 ab
1346 493 1408 535 M.
1424 494 1550 536 Iunio

152 550 323 593 consule
338 551 497 602 Patres,
512 551 718 594 stantibus
739 551 781 592 in
800 552 970 593 comitio
986 551 1146 608 legatis,
1164 567 1219 593 an
1239 551 1391 601 locum,
1406 551 1548 602 lautia,

150 617 430 666 senatumque
452 609 615 659 darent,
637 609 801 650 nullum
823 609 1028 666 hospitale
1056 609 1121 650 ius
1147 609 1191 650 in
1219 609 1270 650 iis
1296 609 1549 651 servandum

1124 320 1239 363 Nam
1260 336 1392 378 quum
1413 337 1551 378 prlmo
1566 320 1764 394 §hg-546¹·

1536 413 1548 430 θ
1561 415 1632 436 rum
1649 404 1757 446 legati.

151 676 429 716 censuerunt3
462 682 652 724 egressus
683 682 706 708 e
737 667 853 708 curia
873 666 1034 717 consul,
1056 682 1187 723 quum
1212 667 1385 717 Rhodii,
1408 675 1550 724 gratu·
1562 684 1654 714 Male
1670 694 1723 715 cx-

150 722 281 765 latum
303 739 346 766 se
369 724 422 766 dc
438 725 612 767 victoria
632 733 942 781 purgatumque
964 725 1143 766 civitatis
1164 725 1340 766 crimina
1359 725 1550 767 dicentes
1563 726 1661 766 cepti.

150 781 326 832 venisse,
347 782 562 838 petissent,
581 792 628 824 ut
649 791 818 824 senatus
838 782 917 823 sibi
938 782 1120 832 daretur,
1141 782 1410 839 pronuntiat:
1447 788 1458 806 ‘
1474 782 1550 825 So-

152 839 256 881 ‘ciis
275 849 318 891 et
339 840 483 881 amieis
506 849 549 882 et
576 840 657 881 alia
686 840 862 881 comiter
889 850 1015 896 atque
1046 840 1310 896 hospitaliter
1340 850 1549 897 praestare

153 895 412 948 ‘Roman0s,
442 907 486 939 et
515 908 707 939 senatum
739 897 838 940 dare
869 913 1114 939 consuesse:
1151 897 1344 939 Rhodios
1374 913 1461 940 non
1491 899 1551 940 ita

122 955 352 998 7‘meritos
380 971 430 997 eo
457 955 582 1005 bello,
609 964 656 997 ut
680 955 911 997 amicorum
941 956 1234 1012 sociorumque
1268 970 1445 997 numero
1474 955 1550 998 ha-

152 1012 308 1054 ‘bendi
341 1012 450 1054 sint.'
512 1012 592 1054 His
623 1013 788 1063 auditis,
818 1022 1133 1069 prostraverunt
1164 1028 1207 1054 se
1239 1028 1385 1055 omnes
1416 1013 1548 1064 humi,

149 1069 452 1126 consulemque
489 1079 532 1111 ct
567 1081 754 1120 cunctos,
791 1071 866 1126 qui
906 1069 1094 1120 aderant,
1133 1079 1312 1120 orantes,
1351 1086 1404 1112 ne
1441 1086 1550 1112 nova

148 1126 334 1183 falsaque
366 1127 542 1168 crimina
576 1127 671 1184 plus
705 1128 850 1169 obesse
884 1127 1066 1169 Rhodiis
1098 1143 1282 1183 aequum
1313 1137 1548 1179 censerent,

148 1198 276 1241 quam
308 1185 483 1241 antiqua
510 1185 670 1235 merita,
694 1199 873 1241 quorum
903 1185 982 1242 ipsi
1010 1193 1136 1226 testes
1160 1194 1310 1226 essent.
1374 1185 1550 1227 Extem-

148 1241 233 1298 plo,
254 1252 369 1284 veste
399 1242 568 1284 sordida
594 1253 774 1299 sumpta,
796 1243 946 1284 domos
966 1243 1208 1299 principum
1230 1257 1328 1284 cum
1353 1244 1548 1299 precibus

148 1314 197 1342 ac
237 1299 418 1342 lacrimis
457 1301 747 1351 circumibant,
782 1310 962 1350 orantes,
1005 1308 1052 1341 ut
1091 1300 1207 1357 prius
1247 1310 1550 1357 cognoscerent

147 1372 328 1408 causam,
351 1373 478 1414 quam
500 1358 844 1400 condemnarent.
908 1358 982 1399 Μ’.
1001 1357 1220 1399 Iuventius
1241 1358 1408 1399 Thalna
1428 1374 1549 1415 prae-

148 1423 226 1465 tor,
247 1415 367 1457 cuius
398 1416 508 1458 inter
537 1417 648 1458 cives
678 1426 722 1458 et
751 1416 994 1473 peregrinos
1022 1415 1255 1457 iurisdictio
1283 1424 1383 1466 erat,
1413 1431 1549 1473 popu-

1627 1371 1694 1409 21.

148 1471 236 1514 lum
268 1473 464 1515 adversus
497 1474 687 1516 Rhodios
723 1474 946 1516 incitabat:
980 1473 1326 1531 rogationemque
1360 1474 1548 1531 promul·
1561 1485 1710 1533 Thalpae

147 1540 330 1587 gaverat,
354 1531 443 1573 ‘Ut
466 1531 646 1573 Rhodiis
675 1532 833 1574 bellum
865 1532 1144 1573 indiceretur:
1178 1540 1221 1573 et
1249 1547 1303 1572 ex
1331 1532 1548 1588 magistra·
1560 1532 1682 1568 ¹03³t¹0

1560 1576 1671 1602 contra

150 1588 290 1630 ‘tibus
319 1589 410 1630 eius
439 1590 539 1630 anni
569 1589 814 1646 deligerent,
839 1589 911 1646 qui
943 1589 996 1630 ad
1028 1589 1072 1630 id
1100 1589 1257 1631 bellum
1288 1605 1385 1631 enm
1417 1589 1545 1632 classe
1561 1614 1718 1647 Rhodios.

151 1646 442 1696 ‘mitteretur,’
462 1662 504 1688 se
531 1662 627 1688 eum
659 1662 830 1703 sperans
860 1647 1047 1688 futurum
1078 1662 1180 1688 esse.
1248 1646 1360 1688 Huic
1391 1647 1547 1688 actioni

151 1702 214 1745 M.
234 1705 448 1746 Antonius
473 1714 516 1746 ct
542 1704 604 1746 Μ.
623 1705 884 1761 Pomponius
916 1704 1074 1745 tribuni
1106 1704 1239 1760 plebis
1270 1703 1548 1746 adversaban-

150 1770 230 1802 tur.
295 1761 378 1803 Sed
401 1771 442 1803 et
463 1772 630 1818 praetor
660 1777 769 1804 novo
791 1762 986 1818 maloque
1008 1761 1204 1818 exemplo
1227 1777 1313 1802 rem
1338 1763 1548 1817 ingressus

149 1828 251 1869 erat,
273 1820 402 1876 quod,
425 1830 521 1861 ante
555 1835 640 1861 non
671 1820 863 1861 consulto
894 1829 1056 1868 senatu,
1081 1835 1165 1860 non
1193 1819 1434 1861 consulibus
1458 1835 1548 1861 cer-

150 1876 324 1918 tioribus
359 1878 490 1926 factis,
523 1878 576 1919 de
609 1893 683 1918 sua
715 1878 839 1918 unius
869 1877 1079 1918 sententia
1110 1877 1369 1933 rogationem
1407 1877 1546 1927 ferret,

149 1939 163 1958 ‘
178 1933 364 1984 Vellent,
387 1935 648 1984 iuberentne,
674 1935 854 1976 Rhodiis
876 1934 1033 1976 bellurn
1060 1934 1240 1975 indici?
1270 1950 1400 1990 quum
1424 1945 1550 1976 antea

118 1999 314 2049 Ssemper
343 1992 458 2049 prius
489 2002 658 2034 senatus
689 1992 742 2034 (le
774 1992 884 2033 bello
913 1991 1128 2033 consultus
1153 2002 1274 2042 esset,
1306 1992 1462 2033 ‹leinde
1495 2008 1547 2033 ex

149 2134 190 2156 ex
208 2123 347 2165 Polybio
362 2135 446 2164 quae
464 2124 586 2160 Livius,
602 2134 701 2163 quum
719 2128 826 2155 cetera

149 2177 191 2198 ex
220 2177 259 2198 eo
287 2167 492 2204 exscriberet,
518 2167 637 2203 omisit,
662 2177 718 2198 seu
749 2167 826 2206 quia

149 2209 232 2241 falna
254 2211 400 2250 putabat,
415 2221 471 2240 seu
490 2210 567 2250 quia
590 2209 748 2241 Romanis
772 2221 824 2250 pa-

150 2262 221 2284 rum
237 2253 364 2291 decora,
380 2253 517 2284 nimium
540 2253 711 2293 indulgens
727 2263 826 2283 cucco

150 2294 183 2326 in
218 2295 354 2336 patriam
392 2295 505 2331 amori,
535 2295 640 2326 noluit
675 2295 825 2326 historiae

150 2347 228 2370 suae
242 2339 388 2371 inserere.
434 2338 549 2370 Tradit
565 2349 638 2377 ergo
657 2338 825 2378 Polybius,

151 2380 245 2421 legat.
257 2390 308 2423 93.
326 2382 453 2413 Aenum
468 2386 500 2412 et
514 2382 703 2413 Maroneam
721 2381 824 2421 primo

151 2433 317 2455 concessas
345 2435 413 2456 esse
446 2425 569 2462 Attalo,
599 2428 631 2455 et
661 2425 823 2455 decretam

152 2465 344 2507 legationem
378 2468 419 2498 ad
451 2467 578 2503 Gallos,
608 2471 640 2498 et
674 2467 824 2497 omnibus

151 2507 325 2541 honoribus
343 2510 594 2550 muneribusque
612 2521 686 2541 enm
704 2510 821 2547 magni-

152 2551 213 2583 fiee
232 2552 355 2584 cultum
378 2563 457 2590 esse,
473 2552 548 2593 quia
571 2554 743 2592 sperabant
763 2553 822 2583 Pa-

152 2597 216 2626 tre·
240 2595 355 2627 iterum
383 2595 476 2627 illum
503 2595 665 2626 aditurum
691 2596 732 2626 ad
758 2606 823 2633 eos,

153 2637 455 2678 postulaturumque
483 2643 517 2669 ut
545 2649 676 2676 regnum
705 2639 823 2669 Eume-

153 2678 203 2711 nis
217 2690 325 2712 seeum
341 2680 547 2712 divideretur.
574 2684 671 2718 Quae
688 2681 741 2712 ubi
752 2692 825 2722 spes

153 2731 208 2754 σοι
221 2722 372 2754 frustrata
387 2729 446 2762 est,
465 2729 535 2755 tum
554 2734 628 2754 vero
643 2735 708 2761 eos,
723 2735 823 2764 quum

154 2763 332 2797 etismnum
349 2771 432 2797 esset
456 2766 487 2797 in
513 2767 609 2798 Italia
627 2767 768 2804 Attalns,
791 2767 824 2798 li-

154 2805 246 2838 berm
268 2818 335 2840 esse
359 2808 483 2840 iussisse
509 2810 635 2840 Aenum
662 2814 694 2840 et
720 2810 826 2840 Maro-

155 2858 248 2880 neam
273 2851 378 2888 urbes,
402 2851 620 2891 promissionis
642 2852 747 2883 sactae
772 2854 826 2884 At-

156 2890 224 2921 talo
246 2891 371 2924 oblitos.
418 2894 589 2925 Praeterea
613 2894 735 2925 misisse
759 2894 825 2934 qui-

157 2932 230 2964 dem
248 2933 439 2974 legationem
453 2936 494 2967 ad
507 2937 632 2967 Gallos.
671 2937 733 2967 Sed
751 2947 826 2976 quo-

216 2988 314 3016 VOL.
338 2989 395 3018 IV·

871 2124 968 2153 modo
981 2124 1022 2153 de
1035 2134 1072 2153 ea
1090 2123 1232 2163 loquitur
1245 2124 1273 2154 G
1281 2134 1391 2154 saccus
1402 2124 1549 2164 scriptor,

870 2166 1018 2205 quamvis
1036 2176 1102 2197 reni
1119 2167 1205 2197 clare
1222 2177 1284 2197 non
1301 2167 1455 2206 explicet,
1471 2168 1549 2198 satis

870 2208 992 2239 indicat
1015 2220 1055 2240 ea.
1079 2210 1233 2240 mandata
1260 2209 1371 2249 legatis
1395 2211 1483 2245 data,
1507 2222 1546 2241 ex

870 2252 988 2291 quibus
1023 2251 1130 2291 potius
1167 2252 1435 2283 confirmarentur
1468 2253 1546 2284 Gal·

871 2295 974 2324 lorum
1000 2294 1100 2325 animi
1125 2295 1165 2325 ad
1194 2295 1329 2332 bellum,
1354 2306 1451 2335 quam
1482 2296 1546 2326 Eu-

870 2337 955 2368 meni
972 2341 1004 2368 et
1024 2338 1135 2368 Attalo
1151 2338 1409 2369 conciliarentur.
1454 2339 1544 2369 Idem

869 2379 1022 2421 suspicari
1039 2391 1210 2420 possumus
1223 2391 1262 2411 ex
1280 2381 1349 2421 ipso
1367 2381 1460 2412 Livio
1476 2382 1546 2412 infr.

870 2432 921 2463 34.
945 2424 1051 2455 Ciu-w.

914 2473 930 2505 7
961 2465 1203 2507 Sor-iurataque]
1249 2468 1411 2497 Sociorum
1452 2469 1546 2506 vulgo

870 2509 995 2549 legitur,
1024 2519 1080 2549 pro
1106 2520 1170 2549 quo
1196 2512 1392 2540 sociorumve:
1421 2511 1543 2550 reponit

870 2551 1063 2582 Gronovius.

911 2595 930 2624 8
955 2596 1009 2625 [εἴτ
1047 2597 1238 2626 auctoritate
1271 2597 1425 2633 l'alrum]
1477 2596 1546 2626 lla<

871 2648 964 2668 voces
993 2638 1119 2668 addidit
1150 2638 1364 2678 Kreyssigius,
1388 2644 1546 2678 sequente

872 2680 1033 2711 Bekkero.
1078 2681 1141 2711 Sed
1166 2691 1251 2721 supr.
1277 2680 1315 2711 vi.
1343 2690 1390 2711 21.
1415 2682 1546 2721 quando

873 2724 997 2760 Patres,
1020 2728 1055 2753 ut
1082 2724 1121 2753 nd
1155 2724 1311 2763 populum
1340 2724 1476 2755 serretur
1506 2725 1545 2754 d«-

871 2766 958 2797 bello
987 2766 1163 2797 Veliternis
1192 2766 1375 2803 indicendo,
1398 2767 1545 2797 deereve-

873 2814 958 2847 runt,
970 2809 1078 2839 scribit
1095 2813 1201 2839 noster
1216 2810 1262 2839 Ιαι
1275 2820 1317 2838 tm
1334 2810 1378 2839 ad
1390 2810 1544 2849 populum

873 2852 980 2887 fuisse,
997 2851 1119 2882 omissis
1142 2852 1272 2882 vocibus
1293 2863 1334 2883 m·
1353 2854 1547 2882 auctoritati·

875 2896 1026 2925 I'ntrnm.

1289 2992 1315 3014 (l
