1888 3194
347 171 430 209 254
860 169 1230 212 EPITOMAE

973 427 1116 469 XCV.

349 544 400 587 C.
437 543 635 586 CURIO
685 543 908 600 proconsul
959 542 1184 583 Dardanos
1232 543 1277 583 in
1329 543 1510 584 Thracia
1559 541 1741 584 domuit.

350 602 563 650 Quattuor
589 609 632 642 et
659 600 924 656 septuaginta
951 599 1201 655 gladiatores
1226 600 1398 656 Capuae
1425 616 1479 641 ex
1503 600 1605 641 ludo
1627 599 1742 640 Len-

347 659 425 700 tuli
444 659 745 715 profugerunt:
780 667 834 706 et,
858 664 1110 711 congregata
1130 657 1392 697 servitiorum
1414 656 1742 712 ergastulorum-

346 732 429 772 que
451 715 737 763 multitudine,
763 713 894 755 Crixo
917 723 959 754 et
983 712 1181 768 Spartaco
1202 713 1379 754 ducibus
1408 714 1518 755 bello
1543 714 1740 763 excitato,

349 773 578 815 Claudium
614 771 847 812 Pulchrum
881 770 1068 826 legatum
1104 778 1147 811 et
1181 770 1229 811 P.
1245 770 1470 811 Varinium
1504 779 1742 827 praetorem

344 829 504 886 proelio
552 829 755 870 vicerunt.
819 827 868 869 L.
903 827 1107 869 Lucullus
1156 827 1380 883 proconsul
1429 827 1482 868 ad
1535 826 1743 884 Cyzicum

344 888 492 928 urbem
525 886 758 927 exercitum
785 885 1047 926 Mithridatis
1074 885 1183 926 fame
1212 885 1405 941 ferroque
1434 884 1615 934 delevit3
1647 883 1743 939 pul-

345 959 522 1000 sumque
539 943 742 1001 Bithynia
756 958 912 999 regem,
931 942 1054 984 variis
1069 942 1169 983 belli
1185 957 1233 983 ac
1250 942 1562 998 naufragiorum
1579 941 1742 984 casibus

344 1002 535 1052 fractum,
558 1001 696 1057 coegit
716 1001 761 1042 in
783 1002 971 1043 Pontum
993 1000 1226 1056 profugere.

957 1222 1124 1264 XCVI.

349 1343 403 1391 Q.
428 1341 665 1384 ARRIUS
701 1349 868 1397 praetor
906 1340 1098 1390 Crixum,
1133 1341 1405 1397 fugitivorum
1440 1340 1605 1390 ducem,
1642 1355 1741 1382 cum

343 1400 493 1456 viginti
528 1399 713 1440 millibus
748 1398 969 1439 hominum
1005 1397 1169 1439 cecidit.
1245 1399 1325 1440 Cn.
1350 1397 1558 1439 Lentulus
1593 1398 1741 1439 consul

344 1457 451 1499 male
473 1456 669 1498 adversus
693 1454 939 1511 Spartacum
964 1455 1178 1511 pugnavit.
1243 1455 1312 1496 Ab
1333 1455 1485 1495 eodem
1507 1454 1556 1495 L.
1576 1454 1740 1496 Gellius

344 1514 491 1556 consul
523 1522 566 1554 et
600 1513 653 1561 Q.
674 1512 825 1553 Arrius
859 1520 1027 1568 praetor
1059 1512 1146 1553 acie
1175 1511 1275 1553 victi
1307 1520 1415 1553 sunt.
1482 1511 1689 1553 Sertorius
1716 1527 1742 1553 a

344 1571 418 1613 M’.
436 1571 640 1620 Antonio,
663 1578 706 1611 et
728 1569 790 1610 M.
811 1570 1038 1625 Perperna,
1061 1578 1104 1611 et
1124 1569 1214 1611 aliis
1235 1569 1461 1611 coniuratis
1482 1569 1527 1610 in
1548 1569 1741 1611 convivio

343 1629 586 1670 interfectus
617 1635 692 1677 est,
715 1635 860 1668 octavo
889 1627 1065 1668 ducatus
1098 1627 1162 1668 sui
1198 1642 1334 1668 anno:
1369 1641 1546 1683 magnus
1573 1626 1675 1677 dux,
1697 1634 1741 1669 et

343 1686 542 1728 adversus
563 1685 668 1726 duos
696 1685 984 1741 imperatores,
1007 1684 1261 1741 Pompeium
1286 1693 1329 1726 et
1355 1683 1592 1734 Metellum,
1615 1699 1740 1741 saepe

342 1760 430 1800 par,
456 1743 524 1785 vel
553 1742 815 1799 frequentius
842 1742 999 1783 victor:
1034 1742 1085 1783 ad
1119 1742 1316 1783 ultimum
1349 1741 1537 1783 desertus
1569 1750 1612 1783 et
1643 1757 1741 1798 pro-

344 1802 468 1843 ditus.
531 1800 763 1857 Imperium
796 1800 977 1856 partium
1015 1800 1070 1840 ad
1106 1799 1168 1841 M.
1193 1800 1451 1856 Perpernam
1494 1798 1740 1841 translatum

344 1868 433 1901 est:
467 1874 595 1915 quem
624 1857 704 1899 Cn.
724 1857 954 1913 Pompeius
975 1858 1132 1898 victum
1161 1865 1416 1913 captumque
1445 1856 1668 1906 interfecit,
1691 1872 1740 1898 ac

344 1917 503 1972 recepit
531 1915 760 1971 Hispanias
793 1914 959 1955 decimo
990 1914 1075 1955 fere
1104 1930 1228 1964 anno,
1260 1930 1387 1969 quam
1421 1923 1619 1969 coeptum
1650 1922 1740 1955 erat

343 1974 513 2015 bellum.
569 1972 620 2014 C.
640 1972 809 2013 Cassius
829 1971 1053 2027 proconsul
1075 1980 1117 2012 et
1141 1971 1221 2012 Cn.
1239 1971 1427 2012 Manlius
1447 1979 1614 2026 praetor
1630 1970 1738 2012 male

344 2031 541 2072 adversus
565 2029 812 2085 Spartacum
832 2036 1150 2084 pugnaverunt3
1177 2028 1306 2084 idque
1321 2028 1485 2071 vbellurn
1504 2027 1739 2073 M.,Crasso

343 2087 524 2143 praetori
546 2086 791 2128 mandatum
812 2094 884 2126 est.

945 2308 1134 2350 XCVII.

344 2429 406 2471 M.
434 2426 711 2469 CRASSUS
748 2433 913 2482 praetor
948 2426 1130 2481 primum
1166 2441 1263 2467 cum
1298 2435 1416 2482 parte
1450 2426 1734 2483 fugitivorum,

344 2500 452 2541 quae
481 2500 535 2526 ex
563 2484 696 2525 Gallis
723 2483 1032 2539 Germanisque
1061 2484 1288 2533 constabat,
1314 2483 1492 2525 feliciter
1518 2484 1735 2540 pugnavit,

344 2542 472 2583 caesis
502 2541 687 2582 hostium
718 2541 890 2596 triginta
922 2540 1111 2596 quinque
1145 2540 1341 2589 millibus,
1375 2549 1419 2581 et
1450 2540 1558 2582 duce
1591 2556 1737 2582 eorum

347 2598 553 2639 Gannico.
619 2598 732 2638 Cum
771 2598 969 2653 Spartaco
1005 2597 1159 2638 deinde
1196 2597 1434 2648 debellavit,
1470 2598 1599 2639 caesis
1638 2613 1736 2639 cum

344 2656 434 2712 ipso
462 2655 645 2695 millibus
669 2655 896 2710 sexaginta.
959 2655 1022 2695 M.
1043 2655 1258 2696 Antonius
1284 2663 1451 2711 praetor
1476 2654 1635 2696 bellum
1662 2655 1737 2696 ad-

343 2727 486 2754 versus
505 2711 743 2760 Cretenses,
761 2726 908 2766 parum
924 2726 1119 2766 prospere
1140 2720 1318 2767 gestum,
1337 2720 1471 2753 morte
1492 2726 1566 2752 sua
1585 2711 1733 2754 finivit.

346 2771 409 2812 M.
434 2768 638 2810 Lucullus
669 2768 892 2824 proconsul
926 2767 1111 2808 Thracas
1142 2768 1318 2823 subegit.
1381 2768 1430 2809 L.
1455 2768 1659 2810 Lucullus
1691 2769 1737 2811 in

347 2827 488 2869 Ponto
537 2825 734 2867 adversus
780 2823 1076 2867 Mithridatem
1125 2824 1301 2866 feliciter
1344 2826 1560 2882 pugnavit,
1607 2826 1737 2868 caesis

345 2884 530 2926 hostium
551 2882 729 2939 amplius
750 2897 876 2939 quam
905 2881 1123 2937 sexaginta
1150 2882 1343 2924 millibus.
1407 2883 1470 2924 M.
1492 2882 1667 2925 Crassus
1693 2891 1736 2925 et
