1888 3194
380 527 821 576 FRANCISCO
878 529 1300 576 GOELLERO

735 699 775 740 S.
809 699 856 741 P.
891 700 946 741 D.

168 866 475 914 IOANNES
529 868 982 916 THEOPHILUS
1036 870 1513 917 KREYSSIGIUS.

244 1208 594 1251 ERGRATAE
627 1209 732 1251 mihi
764 1209 936 1252 fuerunt
967 1210 1111 1252 literae
1144 1210 1277 1260 Tuae,
1304 1209 1384 1251 Vir
1410 1210 1540 1253 Prae-

270 1267 537 1317 stantissime,
559 1282 663 1323 quas
694 1267 847 1309 abhinc
878 1268 1099 1309 biennium
1127 1276 1170 1309 et
1194 1267 1310 1324 quod
1338 1269 1536 1318 excurrit,

136 1323 345 1366 voluntati
374 1339 492 1366 meae
521 1325 794 1381 obsequutus,
820 1324 874 1366 de
903 1325 1015 1366 Livii
1043 1324 1189 1367 codice
1219 1324 1536 1381 Bambergensi,

137 1396 192 1423 ex
212 1382 396 1424 tenebris
416 1382 461 1423 in
482 1382 620 1424 lucem
641 1391 864 1439 protractO,
887 1398 984 1424 cum
1004 1383 1226 1432 variarum,
1248 1397 1352 1439 quas
1372 1393 1537 1433 vocant,

137 1438 369 1482 lectionum
408 1440 637 1496 specimine
678 1440 733 1481 ad
773 1454 840 1481 me
881 1440 1042 1482 misisti.
1106 1439 1188 1481 His
1228 1441 1342 1481 enirn
1383 1440 1537 1482 iterum

138 1496 377 1554 iterumque
398 1496 530 1547 lectis,
552 1497 643 1538 fieri
671 1512 758 1539 non
785 1498 937 1554 potuit,
960 1498 1066 1554 quin
1094 1512 1348 1554 magnopere
1377 1505 1420 1539 et
1447 1498 1536 1554 ipse

141 1553 328 1604 laetarer,
362 1563 406 1596 et
438 1553 561 1596 Livio
597 1569 692 1596 meo
726 1555 968 1612 gratularer,
1001 1570 1046 1596 re
1079 1555 1213 1597 multo
1246 1555 1379 1612 magis
1409 1570 1538 1611 quam

139 1611 276 1653 verbis
300 1611 563 1654 confutatum
593 1626 680 1653 esse
710 1611 770 1653 Io.
789 1611 1002 1662 Vossium,
1056 1612 1099 1653 ui
1120 1611 1221 1653 olim
1243 1612 1538 1668 Lnsignanum

139 1668 350 1711 immerito
378 1668 587 1719 cavillans,
613 1668 667 1710 de
697 1669 808 1711 Hist.
833 1669 926 1711 Lat.
950 1669 1020 1711 lib.
1068 1701 1077 1710 .
1102 1684 1190 1726 cap.
1219 1673 1282 1712 19.
1311 1669 1415 1711 haec
1445 1684 1540 1725 gar-

139 1726 299 1768 riebat:
350 1726 440 1768 ‘At
475 1727 548 1782 qui
584 1741 733 1782 nuper,
775 1735 977 1783 tanquam
1014 1726 1127 1767 Livii
1161 1727 1405 1783 genuinam,
1442 1727 1537 1768 libri

141 1784 396 1826 ςΧΧΧΙΙΙ.
431 1792 594 1840 partem
631 1784 831 1825 maiorem
866 1799 889 1825 e
922 1784 1064 1833 veteri,
1097 1792 1145 1825 ut
1179 1784 1249 1834 ait,
1282 1783 1541 1825 bibliotheca

142 1846 154 1865 ‘
199 1841 329 1882 rimus
365 1842 466 1882 iuris
532 1841 658 1883 ublici
696 1842 806 1891 fecit,
844 1857 922 1882 nae
964 1841 1033 1882 ille
1070 1841 1212 1882 fucum
1254 1841 1353 1883 fecit
1393 1842 1539 1882 auritis

141 1904 153 1922 ‘
223 1898 330 1948 idis;
364 1914 450 1940 non
484 1857 577 1948 illis,
600 1899 753 1955 quibus
786 1898 962 1940 'corculis
995 1914 1082 1940 csse
1112 1899 1257 1939 datum
1289 1907 1365 1949 est,
1394 1907 1437 1940 et
1464 1899 1537 1955 qui

141 1961 339 2005 ‘norunt‚
376 1956 481 2012 quid
516 1971 612 1997 aera
646 1955 802 2012 lupinis
838 1956 1023 1997 distent!
1088 1956 1235 2004 Quum
1268 1971 1367 1997 vero
1403 1971 1540 2012 nuper

139 2013 270 2055 libelli
294 2013 379 2054 Tui
407 2013 613 2070 plagulae,
636 2029 661 2054 a
686 2012 803 2069 prelo
830 2023 1033 2062 recenteS,
1056 2023 1195 2054 essent
1226 2013 1388 2054 adlatae
1417 2014 1536 2069 cupi-

139 2070 332 2127 diusque,
356 2080 403 2112 ut
423 2071 471 2112 fit
493 2071 535 2112 in
557 2086 601 2112 re
624 2070 698 2112 diu
720 2079 974 2127 exspectata,
997 2086 1022 2112 a
1049 2085 1115 2111 me
1145 2070 1430 2126 perlustratae,
1453 2071 1536 2112 dici

139 2128 211 2170 vix
237 2137 388 2185 potest,
411 2137 570 2185 quanta
590 2128 805 2184 voluptate
832 2127 983 2169 fuerim
1012 2127 1214 2184 perfusus.
1279 2127 1392 2169 Nam
1422 2128 1537 2169 unici

140 2185 265 2227 huius
285 2185 441 2228 codicis
461 2186 668 2228 beneficio
690 2194 752 2227 tot
773 2185 884 2226 Livii
912 2185 1004 2226 loca
1031 2185 1223 2227 mutilata
1247 2185 1442 2242 reparari,
1464 2185 1539 2227 de-

140 2251 311 2300 pravata
331 2243 560 2294 emendari,
582 2242 841 2285 conclamata
868 2243 1092 2299 persanari‚
1115 2252 1157 2284 ct
1186 2243 1540 2299 ingeniosissimas

144 2299 364 2351 Gronovii,
388 2301 566 2351 Dukeri,
594 2301 804 2342 Perizonii
832 2300 1094 2357 aliorumque
1126 2301 1402 2350 coniecturas,
1425 2300 1541 2342 velut

142 2357 239 2415 igne
259 2358 464 2415 probataS,
487 2358 674 2400 eiusdem
698 2358 946 2400 auctoritate
968 2358 1220 2408 confirmari,
1238 2358 1345 2414 quis,
1368 2373 1539 2414 quaeso,

141 2429 227 2457 non
256 2431 341 2458 una
369 2431 533 2458 mecum
563 2417 606 2457 in
635 2416 729 2457 sinu
759 2415 976 2473 gaudeat?
1039 2415 1246 2457 Certatim
1268 2415 1441 2472 quidem
1463 2415 1540 2456 viri

141 2471 255 2515 docti
286 2473 364 2515 hac
392 2483 532 2515 nostra
560 2482 694 2515 aetate
723 2474 767 2514 in
801 2489 851 2515 eo
885 2474 1145 2530 potissimum
1180 2473 1460 2522 elaborarunt,
1494 2482 1540 2514 ut

141 2530 357 2572 codicibus
389 2531 683 2587 manuscriptis
716 2531 953 2572 adcuratius
985 2530 1252 2572 excutiendis
1282 2530 1347 2572 vel
1381 2530 1541 2571 inedita

143 2586 186 2628 in
208 2587 394 2630 medium
421 2589 665 2645 proferrent,
690 2588 753 2630 vel
782 2588 896 2630 edita
924 2588 1109 2629 numeris
1137 2588 1221 2629 suis
1249 2588 1469 2645 explerent
1497 2596 1538 2628 et

143 2652 322 2702 utroque
365 2646 490 2688 modo
536 2646 830 2687 communibus
878 2645 1008 2687 literis
1053 2646 1211 2702 optime
1257 2645 1537 2687 consulerent.

143 2699 286 2744 Pauca
316 2712 470 2754 tamen,
493 2704 526 2744 si
556 2719 581 2745 a
604 2703 702 2745 Gaii
729 2703 1106 2753 Institutionibus1,
1130 2719 1234 2759 quas
1263 2703 1539 2751 Niebulirius,

196 2861 207 2883 ι
236 2852 274 2884 In
291 2853 387 2884 huius
401 2855 505 2894 operis
521 2855 708 2894 specimine,
725 2855 819 2886 Bero-
867 2855 898 2886 in
927 2855 1089 2895 mancipio
1116 2859 1175 2890 cst,
1202 2855 1302 2894 magis
1330 2854 1545 2894 pr·i‹·r:=lnit.''

148 2893 204 2925 lini
235 2895 333 2932 edito,
363 2906 392 2935 p.
422 2906 448 2927 π.
473 2897 499 2933 §-
525 2907 552 2936 5.
600 2898 823 2928 Goesclwnius
869 2898 955 2928 Num
975 2897 1202 2936 compendium
1218 2900 1249 2937 Ῐ).
1266 2900 1311 2927 lit.
1332 2907 1466 2936 proquo
1484 2898 1541 2925 sor-

148 2936 308 2967 verissimc
331 2938 475 2977 scripsit:
502 2940 620 2969 “idem
645 2940 685 2969 de
702 2951 752 2976 co,
767 2940 821 2979 qui
867 2940 948 2969 nium
974 2940 1049 2970 olim
1075 2942 1105 2979 13.
1130 2941 1191 2969 lui!
1220 2939 1356 2978 positum
1387 2943 1465 2974 erut,
1495 2938 1542 2968 κο]

1296 2986 1365 3020 22
