1888 3194
330 165 412 204 392
822 161 1234 213 PRAEFATIO

330 283 499 311 omnem
527 269 712 320 omnino,
736 278 943 326 quantum
968 270 1072 311 mihi
1097 269 1272 326 quidem
1302 283 1389 310 non
1409 267 1570 325 lynceis
1590 268 1722 310 oculis

328 336 518 393 praedito
552 337 684 388 licuit,
718 338 946 394 scripturae
980 338 1265 379 diversitatem
1300 337 1345 378 in
1377 336 1514 378 verbis
1548 336 1724 392 singulis

329 422 559 464 eorumque
602 407 876 450 collocatione
921 416 1142 465 repertam,
1185 422 1293 464 quae
1333 406 1490 462 largam
1529 406 1724 462 praebuit

329 485 371 517 et
410 476 628 532 praebebit
667 477 933 518 coniectandi
974 477 1206 526 materiem,
1249 490 1303 517 ex
1338 475 1483 517 codice
1520 474 1724 516 Bamber-

326 544 459 600 gensi,
493 545 726 586 innumeris
761 544 948 586 Goelleri
983 545 1157 599 eiusque
1190 544 1291 585 socii
1324 543 1531 585 erroribus
1564 543 1722 599 ubique

327 612 535 662 indicatis,
572 612 798 668 diligenter
832 611 1013 660 enotavi,
1047 626 1187 666 neque
1222 611 1387 666 potiora
1421 626 1580 661 eorum,
1613 625 1722 667 quae

327 679 382 721 ad
420 688 605 721 veterem
650 679 988 734 orthographiam
1039 678 1311 734 pertinerent,
1354 678 1589 719 omittenda
1633 693 1722 720 esse

328 748 548 789 arbitratus
578 762 682 788 sum.
747 746 867 788 Haec
898 747 1012 787 enim
1041 746 1263 788 Goellerus
1288 761 1471 802 quoque,
1498 747 1567 787 cui
1593 746 1721 788 fidem

327 815 406 856 hac
433 815 478 855 in
502 830 546 856 re
575 814 775 870 derogare
804 814 1013 864 nolebam,
1036 814 1262 855 maximam
1289 822 1452 870 partem
1473 813 1722 869 exsignavit,

327 892 370 924 et
397 891 604 939 quantum
635 883 688 924 ad
718 883 1018 925 accuratiorem
1051 883 1150 924 artis
1181 881 1477 938 grammaticae
1506 881 1724 923 scientiam

326 951 502 1001 intersit,
538 951 642 992 haec
678 951 861 1007 taliaque
898 966 951 992 ex
987 950 1203 992 codicibus
1238 950 1408 1007 optimis
1443 958 1486 991 et
1520 949 1724 1006 antiquis—

326 1019 440 1060 simis
471 1034 736 1075 cognoscere,
772 1019 886 1061 Guil.
918 1019 1156 1060 Freundius
1185 1019 1230 1059 in
1260 1033 1400 1068 aureo,
1433 1033 1562 1074 quem
1588 1032 1727 1074 nuper

326 1087 379 1129 de
405 1086 624 1129 Ciceronis
655 1087 841 1129 oratione
872 1102 948 1143 pro
978 1086 1142 1128 Milone
1176 1086 1322 1137 edidit,
1345 1086 1529 1128 libe11024
1555 1087 1723 1144 egregie

326 1155 480 1197 docuit.
545 1155 691 1211 Atque
737 1155 781 1196 in
822 1155 1031 1196 tricesimo
1075 1154 1195 1196 tertio
1235 1155 1409 1210 quidem
1450 1154 1562 1196 Livii
1601 1155 1722 1206 libro,

327 1238 454 1279 quem
487 1222 540 1264 ad
573 1222 727 1264 codicis
761 1222 1083 1279 Bambergensis
1111 1231 1154 1264 et
1185 1222 1421 1264 editionum
1453 1223 1723 1279 antiquarum

326 1291 469 1341 fidem,
503 1291 645 1332 denuo
680 1292 955 1348 recognitum,
989 1292 1216 1348 scripturae
1250 1291 1489 1333 diversitate
1525 1291 1723 1333 editionis

327 1359 752 1401 Drakenborchianae
770 1360 943 1410 adiecta,
959 1361 1171 1417 superiore
1188 1375 1299 1401 anno
1314 1360 1536 1416 separatim
1552 1360 1669 1401 edidi
1677 1365 1722 1410 2⁵,

327 1427 371 1468 id
391 1427 653 1483 potissimum
675 1428 779 1468 mihi
800 1428 1010 1484 agendum
1033 1443 1121 1469 esse
1143 1428 1390 1477 existimavi,
1413 1436 1460 1468 ut
1479 1443 1566 1469 non
1587 1427 1723 1469 solum

327 1511 380 1537 ex
396 1495 556 1546 codice,
574 1511 658 1552 quo
679 1497 971 1552 perfectiorem
992 1496 1082 1537 eius
1103 1496 1330 1552 imaginem
1351 1504 1722 1552 repraesentarem,

326 1564 400 1604 sed
436 1564 561 1605 etiam
602 1578 655 1605 ex
696 1564 952 1605 editionibus
992 1564 1188 1620 antiquis,
1225 1563 1271 1605 id
1310 1564 1426 1620 quod
1459 1563 1723 1606 Waltherum

328 1648 498 1689 quoque
544 1633 588 1673 in
630 1632 779 1674 Tacito
825 1631 992 1674 edendo
1036 1632 1182 1673 fecisse
1227 1641 1403 1682 constat,
1446 1632 1723 1674 minutissima

325 1833 500 1862 gewonneu
538 1823 665 1853 werden
684 1822 836 1853 l—Nur
872 1820 1003 1853 Combi—

326 1865 436 1895 nation
457 1875 586 1905 vermag
609 1865 692 1895 noch
711 1865 939 1894 Bedeutendes
963 1874 1001 1893 zu

327 1908 462 1938 leisten:
497 1907 584 1938 diese
613 1908 690 1938 aber
715 1907 816 1937 findet
842 1906 942 1937 allein
968 1906 1002 1936 in

326 1951 390 1980 den
416 1950 678 1989 Abweichungen
705 1950 762 1979 der
788 1949 1001 1979 Handschrif-

326 1997 382 2023 ten
408 1992 458 2022 ihr
485 1993 568 2022 Feld
598 1993 665 2022 und
690 1992 782 2022 ihren
808 1991 1002 2030 Spielraum.

328 2035 422 2065 Auch
448 2035 568 2065 fordert
592 2034 817 2064 insbesondere
841 2034 897 2063 der
921 2033 1002 2063 Um-

327 2077 421 2106 stand
458 2076 524 2113 auf,
553 2076 605 2106 bei
637 2076 855 2106 Collationem
892 2079 1003 2114 getreu

327 2119 392 2148 alle
414 2118 725 2149 handschriftlichen
741 2117 1003 2157 Abweichungen

327 2161 523 2199 anzugeben⁹
547 2161 620 2190 dass
644 2160 695 2190 bei
719 2160 1003 2199 neugebrauchten

330 2202 611 2242 Vergleichungen
649 2203 704 2233 der
743 2202 909 2232 Verdacht
947 2202 1003 2232 der

330 2244 606 2285 Ungenauigkeit‚
626 2244 696 2275 sind
721 2244 773 2274 die
790 2244 1001 2274 Abweichun-

326 2297 388 2326 gen
433 2287 621 2327 (besonders
667 2287 905 2326 XVortstellung
948 2287 1000 2317 be-

327 2328 479 2369 treffend)
497 2329 587 2359 nicht
602 2329 793 2368 vollstandig
804 2329 1000 2368 angegeben‚

328 2372 389 2402 fast
412 2371 669 2402 unvermeidlich
694 2371 734 2401 ist
754 2383 761 2407 ;
793 2370 895 2401 dieser
921 2371 999 2401 Ver-

328 2414 426 2444 dacht
463 2415 539 2444 aber
575 2423 663 2443 muss
707 2413 912 2452 nothwendig
949 2414 1001 2444 die

328 2455 509 2487 Sicherheit
546 2456 602 2486 des
640 2455 815 2486 kritischen
857 2456 1002 2486 Urtheils

327 2499 424 2529 selbst
469 2498 669 2528 schw'achen.
685 2516 728 2520 —-—
745 2498 809 2528 Die
845 2498 1001 2538 geringste

329 2541 625 2580 Wortumstellung
648 2541 689 2571 ist
714 2540 798 2570 heim
824 2540 999 2571 kritischen

331 2582 462 2614 Urtheil
494 2583 577 2613 wohl
611 2593 650 2612 zu
683 2583 863 2613 beachten:
903 2583 1001 2613 theils

328 2626 398 2656 weil
428 2626 544 2664 gerade
574 2625 676 2655 hierin
715 2625 767 2655 die
812 2625 1001 2656 Abscrieber

327 2678 378 2698 am
415 2667 551 2698 miesten
590 2667 750 2706 stindigin,
796 2668 892 2697 theiis
930 2668 999 2697 weil

327 2710 446 2740 zeither
504 2709 557 2740 die
616 2709 727 2740 Kritik
798 2710 907 2740 diesen
966 2720 1000 2740 so

326 2751 495 2792 wichtigen
526 2751 735 2792 Gegenstand
768 2762 827 2782 nur
859 2762 897 2781 zu
928 2752 1000 2782 sehr

326 2804 435 2825 ausser
450 2794 563 2834 Augen
581 2794 663 2825 liess.
703 2794 781 2825 Iede
798 2794 999 2825 Textabwei-

327 2836 445 2876 chung,
473 2837 571 2867 bevor
601 2836 644 2867 sie
675 2836 843 2875 griindlich
873 2836 999 2876 gcpriift

326 2879 377 2915 ist,
393 2878 491 2909 bleibt
516 2879 745 2920 w*ichtig.‚—Es
768 2879 887 2915 gleicht
910 2879 998 2909 iiber-

1048 1821 1152 1860 haupt
1164 1821 1220 1850 der
1233 1819 1381 1850 Kritiker
1394 1820 1468 1851 dem
1479 1820 1723 1859 Goldwfischen

1046 1864 1113 1901 der,
1148 1863 1272 1894 iemehr
1308 1873 1342 1893 er
1378 1862 1600 1902 goldhaltigen
1634 1864 1722 1894 Sand

1046 1905 1177 1943 w‘zischt,
1193 1916 1247 1935 um
1273 1915 1307 1936 so
1330 1905 1450 1935 sichrer
1473 1905 1533 1935 auf
1554 1906 1721 1936 Ausbeute

1045 1949 1185 1978 rechncn
1213 1948 1306 1985 darf;
1337 1947 1414 1978 lasst
1445 1947 1541 1984 auch,
1566 1948 1611 1978 im
1639 1948 1721 1978 Ver-

1046 1990 1152 2029 gleich
1174 1990 1230 2020 des
1251 1990 1356 2020 vielen
1373 1989 1524 2026 Gerffles,
1539 1999 1600 2020 nur
1619 1989 1722 2030 wenig

1050 2032 1219 2063 Goldstoff
1230 2032 1297 2062 sich
1313 2032 1545 2062 aussondern.'’

1092 2084 1132 2113 24
1156 2075 1210 2104 Ita
1225 2074 1397 2113 inscripto:
1416 2074 1499 2105 66ιΜ.
1510 2073 1613 2104 Tullii
1630 2074 1721 2105 Cice-

1046 2117 1133 2147 ronis
1159 2116 1272 2147 Oratio
1303 2126 1360 2155 pro
1390 2116 1429 2147 T.
1445 2116 1552 2147 Annio
1583 2116 1721 2149 Milone.

1047 2160 1099 2189 Ad
1134 2159 1252 2189 codicis
1286 2159 1363 2189 olim
1396 2158 1605 2196 Erfurtensis‚
1634 2169 1721 2190 nunc

1048 2201 1267 2232 Berolinensis
1292 2202 1460 2240 exemplar
1484 2201 1722 2241 lithographico

1046 2254 1142 2283 opere
1163 2254 1260 2283 quam
1283 2243 1521 2274 accuratissime
1542 2243 1721 2275 describen-

1046 2287 1121 2316 dam
1139 2286 1272 2322 curavit,
1284 2286 1548 2317 annotationibus
1559 2287 1721 2327 orthogra-

1046 2328 1149 2367 phicis
1165 2333 1194 2359 et
1213 2329 1329 2359 criticis
1344 2333 1442 2368 atque
1455 2329 1721 2369 compendiorum

1045 2371 1151 2401 indice
1188 2371 1408 2411 copiosissimo
1445 2370 1598 2402 instruxit
1628 2371 1720 2403 Guil.

1047 2413 1237 2444 Freundius.
1256 2413 1482 2451 Vratislaviae,
1501 2414 1616 2452 1838.''

1091 2464 1128 2494 25
1155 2456 1230 2486 Hoc
1246 2456 1342 2486 titulo
1360 2456 1523 2495 praefixo:
1548 2457 1569 2471 ‘⁸’
1581 2455 1620 2486 T.
1635 2455 1720 2486 Livii

1046 2499 1086 2528 ab
1102 2499 1180 2529 urbe
1197 2499 1327 2528 condita
1344 2498 1440 2528 Liber
1458 2497 1638 2528 tricesimus
1658 2501 1719 2529 ter-

1044 2541 1117 2571 tius.
1164 2541 1216 2571 Ad
1250 2540 1370 2571 codicis
1402 2540 1649 2579 Bambergensis
1686 2543 1719 2571 et

1045 2583 1223 2613 editionum
1253 2582 1459 2621 antiquarum
1483 2583 1581 2613 fidem
1611 2583 1719 2613 denuo

1045 2625 1146 2655 edidit
1165 2629 1197 2655 et
1221 2625 1397 2664 scripturae
1413 2625 1631 2654 diversit-atem
1652 2624 1717 2655 edi-

1044 2667 1140 2697 tionis
1166 2667 1496 2697 Drakenborchianae
1522 2666 1640 2697 adiecit
1667 2667 1717 2698 Io.

1045 2709 1194 2748 Theoph.
1227 2709 1389 2748 Kreyssig.
1419 2709 1577 2746 Misenae,
1604 2710 1719 2748 1837.”

1045 2752 1086 2781 In
1121 2753 1312 2791 Scripturae
1349 2752 1535 2782 diversitate
1570 2753 1718 2783 editionis
1750 2760 1757 2763 “

1043 2795 1385 2832 Βνιιῖεθηόονεὴίαηαθ,
1410 2804 1441 2833 p.
1467 2803 1518 2831 40.
1541 2795 1569 2825 Ι.
1587 2803 1638 2833 42.
1658 2803 1717 2826 scr.

1043 2838 1087 2866 M
1093 2839 1109 2866 '.
1121 2838 1258 2874 Acilius,
1279 2840 1311 2867 et
1336 2846 1366 2875 p.
1390 2845 1440 2873 41.
1465 2837 1492 2868 Ι.
1512 2843 1539 2875 7.
1560 2847 1618 2868 scr.
1665 2837 1717 2869 Ob

1044 2879 1100 2909 has
1114 2889 1162 2909 res
1177 2880 1296 2918 gestas]
1325 2880 1372 2909 Ob
1389 2890 1442 2910 eas
1459 2890 1509 2910 res
1521 2884 1637 2919 gyestcts.
