1888 3194
647 221 1015 263 EPILOGUS.
1439 229 1518 266 521

127 344 289 377 nostros
319 344 593 385 asservantur,
625 335 768 386 fusius,
799 336 843 376 id
874 336 990 391 quod
1019 336 1112 385 feci,
1145 340 1518 380 commemorarim.

127 413 246 454 Inter
266 414 341 455 hos
362 415 544 470 primum
566 414 702 455 locum
726 414 846 455 facile
864 415 942 455 sibi
958 414 1144 456 vindicat
1162 413 1520 466 Meermanianus,

126 492 213 548 qui,
250 493 283 534 si
319 493 424 534 ratio
459 493 660 534 formulae
697 493 893 534 habenda
926 493 991 542 sit,
1029 508 1138 549 quae
1174 493 1227 535 ad
1262 494 1391 536 finem
1428 494 1522 536 libri

125 570 264 626 quinti
299 571 464 628 legitur,
502 587 554 613 ex
591 572 716 612 simili
751 572 898 613 saltem
932 572 1176 628 exemplari,
1208 587 1261 614 ne
1293 572 1431 614 dicam
1467 589 1520 615 ex

124 649 288 701 eodem,
311 666 364 692 ex
386 666 470 707 quo
497 651 766 693 Florentinus
792 660 836 693 et
864 651 1086 693 Leidensis
1113 651 1285 708 primus,
1316 652 1383 707 [cfi
1408 667 1519 710 supr.

124 744 193 785 pp.
216 731 313 772 417.
344 739 386 771 et
407 731 525 784 419]
561 730 797 788 descriptus
823 730 1002 772 videtur.
1065 729 1123 771 Iis
1155 739 1311 781 autem,
1340 746 1520 788 quorum

124 807 386 850 humanitate
422 809 560 850 aditus
588 809 690 850 mihi
724 808 777 850 ad
810 808 887 850 hos
915 808 1082 850 codices
1110 809 1394 865 inspiciendos
1421 825 1522 852 con-

123 901 262 928 cessus
312 898 387 938 est,
429 903 597 944 nequeo
647 904 733 930 non
779 889 859 930 hoc
903 888 994 930 loco
1033 888 1187 944 gratias
1228 903 1351 944 agere
1393 904 1520 945 quam

123 966 338 1016 maximas,
381 976 507 1023 atque
558 981 627 1009 eas
672 967 935 1023 potissimum
978 966 1065 1007 viro
1111 966 1521 1017 benevolentissimo,

126 1042 317 1086 Henrico
360 1044 538 1086 Octavio
582 1045 716 1095 Coxe,
760 1045 899 1095 M.A.,
942 1045 1221 1087 bibliothecae
1265 1044 1522 1087 Bodleianae

124 1122 575 1180 hypobibliothecario,
609 1124 729 1165 cuius
765 1139 893 1180 opera
928 1125 971 1164 in
1005 1124 1274 1165 recensendis
1309 1125 1523 1167 codicibus

122 1200 367 1243 Bodleianis
387 1200 616 1257 plurimum
645 1201 814 1242 adiutus
839 1217 943 1243 sum.
1010 1202 1139 1250 Quod
1163 1212 1365 1258 superest,
1389 1219 1523 1260 quan—

122 1287 212 1321 tum
243 1287 286 1320 et
306 1278 532 1335 voluptatis
561 1287 603 1320 et
633 1279 793 1320 fructus
826 1294 879 1320 ex
911 1279 1097 1321 historiis
1130 1279 1319 1321 Livianis
1346 1281 1522 1322 edendis

120 1358 304 1415 percepi,
334 1366 499 1399 tantum
526 1372 580 1399 ex
608 1357 689 1399 illis
721 1357 988 1415 perlegendis
1021 1358 1108 1414 ipse
1138 1358 1288 1415 capias,
1318 1359 1520 1401 benevole

123 1434 289 1484 Lector,
335 1443 378 1475 et
427 1434 461 1474 si
507 1448 614 1489 quae
665 1433 804 1490 potius
854 1433 1101 1475 festinanter
1150 1449 1278 1490 quam
1328 1443 1521 1476 accurate

121 1513 409 1555 administrata
435 1512 670 1562 videantur,
700 1512 733 1553 si
762 1527 866 1568 quas
894 1512 1078 1554 maculas
1105 1521 1178 1554 aut
1209 1513 1373 1554 incuria
1399 1522 1523 1570 typo-

121 1592 270 1649 graphi
299 1600 371 1632 aut
400 1590 573 1632 editoris
608 1589 876 1646 indiligentia
905 1591 1022 1647 operi
1051 1591 1292 1641 effuderint,
1327 1592 1371 1632 in
1403 1606 1522 1633 men·

123 1679 207 1712 tem
250 1670 325 1712 tibi
366 1668 599 1711 identidem
640 1677 838 1718 recurrat,
881 1668 980 1709 dare
1020 1669 1177 1725 pariter
1214 1678 1340 1725 atque
1377 1678 1520 1727 petere

121 1749 286 1792 veniam
309 1749 542 1790 humanum
564 1763 664 1790 esse.

183 1903 424 1945 Scribebam
449 1902 608 1944 Oxonii
631 1917 665 1943 a.
690 1902 729 1942 d.
758 1901 940 1942 Kalend.
968 1900 1196 1942 Novcmbr.

396 1983 525 2024 Anno
549 1980 702 2024 Salutis
723 1994 954 2023 mocccxm.
