1888 3194
530 168 949 211 EDITIONUM
1000 170 1190 212 LIVII.
1473 178 1557 217 465

285 257 440 314 quibus
482 257 595 298 Livii
639 257 838 299 historiae
879 266 922 299 et
963 274 1105 299 earum
1148 261 1357 315 epitomae
1403 265 1554 318 partim

283 313 576 364 emendantur,
622 315 774 371 partim
826 315 1132 371 explanantur3
1185 326 1233 358 ut
1277 327 1319 358 et
1364 319 1553 361 eiusdem

285 369 448 426 Sigonii
487 371 533 412 in
573 371 745 413 eosdem
785 371 912 414 libros
947 373 1243 429 Chronologia,
1278 374 1553 430 ipsorummet

281 437 500 469 auctorum
536 429 674 470 verbis
709 429 966 471 confirmata.
1032 429 1200 472 Erravit
1234 431 1377 487 itaque
1414 432 1552 474 Hear-

279 485 388 534 nius,
430 485 504 542 qui
547 485 726 527 Scholiis
769 485 932 543 Sigonii
976 487 1305 544 Chronologiam
1349 488 1549 531 Glareani

278 541 466 583 iunctam
497 543 542 583 in
571 543 651 584 hac
681 551 725 584 et
755 543 846 585 aliis
876 543 1039 600 Sigonii
1069 544 1324 587 editionibus
1355 546 1548 596 credidit,

277 613 406 654 quem
453 599 545 641 eius
593 615 778 642 errorem
827 601 1061 657 improvide
1111 602 1325 659 adoptavit
1366 603 1547 645 Ioannes

278 655 480 699 Clericus.

150 714 273 755 1566.
307 713 503 756 Venetiis
534 715 648 771 apud
679 715 860 757 Paulum
890 715 1150 766 Manutium,
1183 716 1288 758 Aldi
1321 717 1467 768 filium,
1501 718 1545 759 in

201 769 335 812 forma
354 771 526 814 maiore.

330 827 426 870 Hae
472 829 659 871 editione
709 830 888 886 repetita
932 839 1031 871 sunt
1075 830 1235 886 Sigonii
1282 832 1326 872 in
1370 832 1541 874 Livium

275 883 457 936 Scholia,
479 887 768 943 eiusdemque,
797 902 883 928 non
903 902 1016 937 vero,
1047 896 1094 928 ut
1124 887 1335 930 Hearnius
1369 898 1411 931 et
1444 890 1542 931 Cle-

271 942 382 984 ricus
414 943 636 994 affirmant,
668 944 882 993 Glareani‚
913 944 1197 1001 Chronologia
1232 947 1423 988 Liviana.
1489 946 1540 988 In

273 998 453 1041 Scholiis
480 1010 621 1042 autem
654 1001 849 1057 Sigonius
879 1001 1011 1042 multa
1038 1003 1227 1052 mutavit,
1250 1004 1423 1045 meliora
1453 1004 1538 1045 sive

269 1066 433 1112 sponte,
455 1058 541 1098 sive
563 1074 587 1099 a
608 1058 784 1107 Fae'rno,
809 1058 1069 1108 Robortello‚
1091 1059 1281 1116 aliisque,
1304 1061 1490 1102 edoctus.

143 1115 267 1155 1568.
302 1113 579 1164 Franeofurti,
602 1115 645 1155 in
666 1115 800 1156 forma
820 1115 990 1157 maiore.

327 1170 540 1214 Fabricius
562 1173 605 1213 in
628 1172 830 1214 Biblioth.
857 1173 953 1213 Lat.
979 1173 1049 1214 ubi
1078 1173 1186 1214 hanc
1215 1173 1445 1216 editionem
1473 1190 1537 1216 re-

266 1237 422 1279 censet,
445 1238 634 1280 testatur,
660 1245 753 1271 eam
784 1229 987 1286 prodiisse
1018 1245 1114 1271 cum
1142 1230 1290 1272 Vallae
1325 1231 1538 1273 Emenda-

267 1285 464 1337 tionibus,
501 1287 712 1343 Notisque
757 1286 965 1336 Sabellici‚
1001 1287 1282 1338 Yeleurionss,
1322 1288 1535 1336 Rhenani,

269 1342 452 1394 Gelenii,
478 1344 692 1395 Glareani,
715 1354 758 1386 et
782 1344 956 1399 Sigonii,
980 1343 1152 1386 Ioannis
1172 1346 1273 1386 item
1300 1344 1473 1387 Saxonii
1494 1357 1537 1388 et

269 1399 529 1443 Godelevaei
553 1402 939 1444 observationibus.
1003 1401 1144 1459 Ipsam
1172 1403 1281 1444 hane
1303 1403 1535 1445 editionem

265 1473 485 1515 nunquam
501 1459 642 1501 videre
664 1460 853 1515 contigit,
876 1459 952 1501 sed
971 1460 1010 1501 ei
1031 1460 1211 1502 similem
1232 1472 1359 1516 atque
1381 1476 1434 1502 ex
1456 1461 1534 1503 hac.

266 1530 504 1572 expressam
536 1526 652 1573 puto,
684 1532 793 1573 quae
824 1517 1031 1559 decennio
1062 1526 1208 1573 postea
1237 1518 1393 1574 prodiit
1423 1534 1534 1559 anno

267 1573 640 1616 MDLXXVIII.
683 1575 783 1630 quia
823 1575 868 1615 in
909 1590 959 1615 ea
999 1575 1207 1630 quaedam
1248 1575 1534 1617 Praelationes

266 1640 505 1681 occurrunt,
529 1647 636 1688 quae
665 1631 790 1673 huius
818 1631 1015 1673 editionis
1046 1647 1204 1673 annum
1229 1633 1530 1689 praescriptum

267 1686 436 1738 habent,
459 1698 501 1730 et
523 1689 622 1730 inde
644 1690 845 1745 repetitae
867 1698 978 1730 sunt.

140 1747 263 1787 1572.
297 1745 492 1787 venetiis
513 1747 557 1787 in
579 1747 752 1788 aedibus
775 1746 1049 1797 Manutianis,
1073 1747 1115 1788 in
1139 1747 1270 1788 forma
1291 1747 1459 1790 maiore.

324 1802 443 1844 Haec
473 1804 594 1845 tertia
620 1814 683 1845 est
706 1804 970 1845 Scholiorum
993 1814 1035 1845 et
1057 1805 1364 1860 Chronologiae
1390 1805 1532 1846 Livia-

264 1875 343 1902 nae
371 1860 514 1902 editio.
579 1860 748 1902 Scholia
775 1871 915 1902 autem
941 1862 993 1902 ab
1015 1872 1182 1903 auctore
1209 1862 1351 1904 multis
1374 1863 1415 1902 in
1438 1878 1532 1918 par-

264 1917 376 1958 tibus
396 1927 517 1959 aucta
538 1933 640 1968 esse,
663 1919 810 1960 titulus
833 1928 1019 1960 testatur.

137 1975 259 2017 1573.
292 1974 489 2016 Lutetiae
515 1976 770 2017 Parisiorum
801 1976 914 2032 apud
943 1975 1202 2017 Michaelem
1237 1976 1442 2018 Sonnium
1465 1977 1532 2017 via

191 2031 406 2082 Iacobaea,
432 2033 509 2074 sub
530 2042 649 2075 scuto
672 2033 915 2082 Basileensi‚
939 2034 981 2074 in
1003 2034 1135 2074 forma
1156 2034 1324 2075 maiore.

322 2089 417 2132 Hac
457 2090 644 2132 editione
690 2091 962 2132 continentur
1012 2091 1200 2132 omnium
1253 2091 1530 2147 interpretum

263 2148 580 2198 Commentarii‚
632 2164 655 2190 e
706 2148 877 2204 regione
928 2149 1150 2190 verborum
1203 2148 1315 2189 Livii
1374 2149 1528 2189 inserti.

262 2204 487 2247 Praeterea
510 2205 672 2262 Sigonii
694 2206 737 2246 in
760 2205 931 2247 Livium
956 2205 1134 2247 Scholiis
1155 2215 1197 2247 et
1221 2205 1529 2260 Chronologiae

262 2262 532 2319 interpositae
564 2272 662 2304 sunt
685 2263 886 2304 Glareani
919 2263 1186 2304 defensiones
1211 2272 1253 2304 et
1279 2263 1528 2317 antilogium

261 2319 346 2360 sive
379 2319 422 2360 id
453 2321 650 2376 primum,
676 2321 720 2361 in
753 2321 832 2362 hac
863 2320 1050 2362 editione
1081 2321 1236 2362 factum
1270 2321 1335 2366 sit,
1362 2321 1461 2366 sive,
1487 2330 1529 2361 ut

261 2377 401 2433 potius
421 2377 561 2427 credo,
579 2378 661 2419 iam
683 2387 808 2420 antea
829 2378 870 2419 in
889 2378 1074 2420 editione
1092 2378 1190 2418 anni
1215 2377 1528 2418 MDLXVIH.

260 2449 388 2490 quam
429 2434 572 2477 videre
616 2451 835 2492 nunquam
876 2435 979 2476 mihi
1020 2436 1209 2489 contigit.
1297 2435 1529 2476 Praemisso

260 2491 428 2533 videtur
472 2492 571 2534 huic
616 2492 807 2542 editioni,
850 2502 922 2534 aut
972 2502 1085 2534 certe
1126 2507 1218 2534 eam
1262 2492 1316 2533 l).
1353 2492 1531 2533 Nic-01:10

261 2548 458 2599 Thuano,
491 2551 725 2591 Carnutum
753 2550 963 2599 Antistiti,
989 2548 1201 2591 dedicavit
1234 2549 1410 2591 Iacobus
1442 2550 1531 2589 (ἰυ-

261 2605 416 2656 honus,
439 2608 559 2649 cuius
580 2608 705 2649 etiam
733 2623 891 2664 paucae
921 2607 963 2648 in
988 2607 1097 2648 Livii
1121 2607 1247 2648 libros
1270 2617 1351 2648 tres
1374 2607 1530 2663 priores

263 2663 664 2706 Animadversiones
686 2665 1024 2721 praemittuntur.

137 2720 258 2760 1578.
293 2719 553 2763 Francofurti
587 2722 640 2763 ad
674 2722 883 2764 Moenum
917 2722 1030 2779 apud
1060 2722 1293 2763 Iohannem
1325 2732 1368 2762 et
1402 2722 1530 2774 Sigis-

190 2777 396 2840 mundum
439 2778 732 2835 Feyerabendt
772 2779 937 2821 duobus
978 2780 1274 2828 voluminibus,
1313 2779 1354 2819 in
1399 2780 1528 2818 sorum

191 2847 357 2875 maiore.

321 2889 372 2931 In
390 2892 490 2932 tomi
510 2891 542 2933 I.
558 2893 684 2934 huius
700 2893 898 2934 editionis
915 2894 1037 2934 titulo
1056 2894 1124 2934 illa
1140 2893 1389 2934 adscribitur
1407 2901 1525 2931 noia:

195 2959 291 2987 vot„
318 2960 374 2987 tv.
1252 2963 1276 2988 n
1304 2949 1327 2987 h
