1888 3194
286 162 371 200 200
809 154 956 197 ΤΙΤΙ
999 153 1180 196 LIVII

82 258 127 290 U.
144 258 183 289 C.
204 257 277 296 585.
290 263 377 290 neu
396 247 475 290 sibi
496 248 595 305 ipsis
615 247 774 288 fructus
796 261 850 287 ex
880 245 1140 301 benignitate
1162 254 1204 286 et
1225 244 1394 285 fortuna
1414 256 1558 284 eorum
1588 255 1684 297 per-

83 302 122 333 A.
146 301 185 332 C.
209 298 489 363 167·cipiendi.
551 305 676 347 Tunc
711 304 858 360 utique
894 302 1078 359 petenda
1112 302 1287 343 societas
1317 301 1560 349 videbatur3
1597 313 1685 339 non

294 379 401 421 quae
424 363 599 405 tutiores
620 378 689 404 eos
710 362 762 403 ab
781 361 871 402 aliis
887 361 1053 410 faceret,
1069 360 1168 416 (nec
1185 359 1299 401 enim
1316 358 1521 400 timebant
1536 370 1686 413 quem-

295 437 434 478 quam,
470 430 636 477 praeter
669 420 903 473 Romanos)
933 418 1007 459 sed
1038 433 1145 473 quae
1178 417 1278 472 ipsis
1311 415 1516 457 Romanis
1547 413 1686 455 minus

295 488 517 535 suspectos.
583 478 670 519 Sub
701 477 813 517 idem
845 476 930 516 fere
962 484 1127 530 tempus
1149 482 1191 515 et
1215 473 1371 514 Caunii
1391 472 1602 513 descivere
1633 471 1686 512 ab

295 537 373 586 his,
396 545 439 578 et
460 535 721 592 Mylasenses
744 532 1069 574 Euromensium
1091 530 1247 587 oppida
1266 538 1536 586 occuparunt.
1584 527 1688 569 Non

297 595 357 635 ita
375 594 493 634 fracti
519 593 648 634 animi
669 590 847 633 civitatis
869 598 999 638 erant,
1023 597 1068 629 ut
1090 604 1176 629 non
1196 589 1412 638 sentirent,
1435 587 1469 628 si
1491 585 1624 643 Lycia
1644 593 1688 626 et

301 651 428 692 Caria
448 651 666 706 ademptae
689 649 739 689 ab
764 646 966 688 Romanis
986 646 1136 695 forent,
1159 655 1297 686 cetera
1324 656 1396 686 aut
1426 660 1469 686 se
1497 644 1586 700 ipsa
1612 657 1689 699 per

298 709 578 750 defectionem
598 707 835 753 liberarent,
852 713 924 744 aut
945 718 969 743 a
990 703 1181 743 finitimis
1197 711 1514 758 occuparentur,
1528 699 1689 742 includi

298 781 341 807 se
363 765 523 806 insulae
552 778 702 820 parvae
724 771 765 803 et
786 761 936 802 sterilis
957 760 1045 816 agri
1065 760 1269 808 litoribus,
1292 775 1399 815 quae
1420 772 1688 814 nequaquam

299 823 408 864 alere
431 829 569 862 tantae
593 820 705 861 urbis
725 818 930 875 populum
951 827 1101 874 posset.
1155 816 1286 858 Missa
1307 817 1436 873 igitur
1455 816 1688 864 iuventute,

299 894 475 936 propere
515 886 559 919 et
600 877 798 926 Caunios,
837 890 1080 932 quanquam
1124 874 1420 931 Cibyratarum
1460 873 1692 914 asciverant

299 936 465 985 auxilia,
488 943 718 991 coegerunt
748 933 924 990 imperio
955 947 1124 989 parere3
1158 941 1200 973 et
1221 931 1482 988 Mylasenses
1504 930 1692 971 Alaban-

298 994 528 1049 denosque,
551 993 637 1048 qui,
664 991 989 1033 Euromensium
1020 990 1236 1046 provincia
1260 989 1469 1045 adempta,
1498 988 1552 1029 ad
1581 988 1692 1044 Ipsos

299 1052 525 1093 coniuncto
558 1050 746 1091 exercitu
777 1057 998 1098 venerunt,
1030 1048 1140 1088 circa
1175 1047 1417 1089 Orthosiam
1458 1046 1546 1087 acie
1580 1046 1693 1087 vice-

299 1118 409 1151 runt.

151 1168 219 1207 26.
358 1167 476 1208 Dum
497 1166 601 1207 haec
622 1165 692 1215 ibi,
716 1164 797 1205 alia
815 1164 858 1205 in
880 1162 1149 1211 Macedonia,
1170 1161 1251 1203 alia
1272 1162 1433 1203 Romae
1463 1169 1690 1218 geruntur3

88 1234 196 1265 Anicii
211 1246 260 1266 res
301 1225 470 1266 interim
488 1224 531 1264 in
545 1223 715 1280 Illyrico
730 1222 779 1263 L.
791 1221 970 1263 Anicius
986 1236 1083 1275 rege
1101 1220 1272 1269 Gentio,
1287 1220 1395 1260 sicut
1417 1228 1512 1260 ante
1531 1218 1692 1260 dictum

89 1282 197 1351 ‘33³5ssae
212 1278 245 1308 in
301 1291 376 1332 est,
396 1282 441 1322 in
461 1290 708 1338 potestatem
732 1279 914 1329 redacto,
933 1278 1127 1327 Scodrae,
1146 1293 1253 1333 quae
1274 1277 1389 1332 regia
1407 1277 1555 1326 fuerat,
1573 1291 1694 1332 prae-

123 1330 201 1360 p1ro.
301 1340 408 1381 sidio
439 1339 633 1395 imposito
658 1337 889 1378 Gabinium
920 1336 1131 1392 praefecit,
1156 1335 1340 1376 Rhizoni
1362 1344 1404 1376 et
1427 1334 1596 1376 Olcinio
1625 1348 1695 1374 ur-

301 1398 423 1438 bibus
458 1395 704 1452 opportunis
741 1394 790 1436 C.
815 1394 1041 1435 Licinium.
1110 1392 1363 1448 Praepositis
1403 1392 1468 1433 his
1508 1391 1692 1448 Illyrico,

302 1470 398 1496 cum
428 1455 591 1510 reliquo
613 1452 801 1494 exercitu
823 1451 867 1492 in
890 1451 1067 1507 Epirum
1096 1459 1158 1491 est
1187 1450 1420 1506 profectus:
1458 1449 1529 1490 ubi
1558 1448 1695 1505 prima

301 1512 496 1554 Phanota
528 1511 566 1552 ei
600 1510 755 1560 dedita,
788 1518 876 1550 tota
911 1508 1184 1549 multitudine
1222 1522 1317 1548 cum
1350 1506 1493 1547 infulis
1528 1506 1724 1548 obviam3

301 1570 442 1611 effusa.
506 1568 635 1617 Hinc,
676 1566 884 1623 praesidio
923 1565 1131 1621 imposito,
1166 1565 1211 1605 in
1247 1564 1523 1605 Molossidem
1562 1572 1727 1605 trans-4

301 1642 490 1681 gressus:
534 1626 653 1666 cuius
686 1624 879 1665 omnibus
915 1623 1094 1678 oppidis,
1131 1631 1296 1679 praeter
1330 1622 1618 1671 Passaronem,
1652 1629 1696 1662 et

302 1685 575 1732 Tecmonem,
599 1692 641 1724 et
664 1682 891 1738 Phylacen,
910 1689 952 1721 et
975 1680 1201 1730 Horreum,
1224 1680 1415 1736 receptis,
1437 1679 1619 1736 primum
1641 1677 1696 1719 ad

302 1742 574 1783 Passaronem
598 1740 726 1781 ducit.
790 1739 1004 1780 Antinous
1026 1747 1067 1778 et
1090 1738 1339 1779 Theodotus
1369 1737 1580 1793 principes
1605 1736 1695 1778 eius

302 1800 481 1840 civitatis
512 1807 643 1847 erant,
667 1797 851 1853 insignes
882 1806 924 1837 et
954 1796 1092 1836 favore
1118 1795 1275 1844 Persei,
1298 1804 1340 1836 et
1371 1795 1468 1836 odio
1499 1794 1696 1835 adversus

304 1857 542 1898 Romanos:
576 1856 703 1896 iidem
734 1854 951 1895 universae
983 1853 1099 1909 genti
1130 1862 1321 1893 auctores
1351 1851 1612 1893 desciscendi
1642 1851 1694 1892 ab

305 1915 518 1955 Romanis.
583 1913 643 1953 Hi
668 1911 924 1952 conscientia
953 1911 1137 1965 privatae
1169 1925 1318 1958 noxae,
1342 1910 1440 1965 quia
1461 1908 1559 1964 ipsis
1580 1907 1696 1949 nulla

304 1987 397 2027 spes
417 1971 563 2011 veniae
585 1979 684 2018 erat,
708 1977 754 2009 ut
775 1967 990 2008 communi
1011 1967 1132 2007 ruina
1162 1967 1320 2022 patriae
1343 1966 1693 2023 opprimerentur,

304 2030 542 2070 clauserunt
573 2036 725 2082 portas,
748 2024 1077 2073 multitudinem,
1100 2032 1147 2064 ut
1168 2032 1344 2064 mortem
1366 2023 1555 2064 servituti
1576 2038 1695 2079 prae-

304 2094 523 2141 ponerent,
560 2084 785 2124 hortantes.
850 2081 990 2122 Nemo
1027 2081 1223 2122 adversus
1259 2090 1555 2137 praepotentes
1587 2080 1696 2121 viros

304 2143 464 2183 hiscere
499 2141 690 2182 audebat.
755 2139 949 2181 Tandem
978 2138 1226 2179 Theodotus
1257 2138 1443 2193 quidam,
1469 2137 1622 2179 nobilis
1652 2146 1696 2179 et

305 2201 393 2256 ipse
419 2199 672 2247 adolescens,
695 2213 826 2253 quum
849 2198 980 2237 maior
1001 2212 1025 2237 a
1047 2195 1250 2237 Romanis
1281 2204 1417 2237 metus
1448 2196 1641 2236 timorem
1671 2211 1697 2236 a

304 2257 563 2313 principibus
593 2256 677 2296 suis
702 2255 878 2304 vicisset,
904 2260 915 2277 ‘
932 2253 1053 2302 Quae
1075 2269 1147 2294 vos
1168 2253 1328 2303 rabies,’
1349 2253 1501 2309 inquit,
1526 2258 1537 2276 ‘
1553 2252 1693 2308 agitat,

307 2322 316 2338 ‘
334 2314 407 2370 qui
429 2314 607 2354 duorum
639 2313 858 2354 homiuum
889 2327 1024 2352 noxae
1053 2311 1264 2352 civitatem
1296 2310 1575 2352 accessionem
1596 2310 1726 2352 faci-5

307 2372 416 2412 ‘tis?
477 2370 688 2426 Equidem
724 2386 799 2426 pro
834 2369 968 2425 patria
995 2369 1065 2425 qui
1101 2368 1232 2409 letum
1269 2368 1539 2425 oppetissent,
1571 2382 1694 2424 saepe

306 2428 460 2470 ‘fando
492 2428 657 2469 audivi:
692 2428 765 2484 qui
795 2427 970 2483 patriam
1003 2441 1078 2482 pro
1110 2441 1151 2467 se
1178 2426 1313 2482 perire
1341 2440 1523 2481 aequum
1551 2440 1696 2466 cense-

306 2493 440 2535 ‘rcnt,
469 2485 512 2526 hi
545 2485 669 2541 primi
702 2485 864 2526 inventi
900 2493 1007 2525 sunt.
1075 2483 1192 2532 Quin
1225 2483 1434 2540 aperimus
1469 2491 1621 2539 portas,
1653 2490 1696 2523 et

305 2550 317 2567 ‘
332 2543 556 2600 imperium
578 2542 818 2598 accipimus,
833 2541 948 2598 quod
965 2541 1075 2582 orbis
1093 2551 1294 2582 terrarum
1316 2540 1525 2596 accepit?'
1575 2539 1696 2581 Haec

304 2701 375 2721 rum
399 2689 555 2719 rationem
579 2688 612 2718 in
635 2688 787 2718 societate
810 2698 883 2717 cum
911 2687 975 2717 alio
1063 2698 1082 2725 4
1106 2688 1206 2723 Hinc,
1226 2687 1405 2725 praesidio]
1434 2687 1525 2716 ‚Hinc
1541 2685 1697 2715 Dukerus

305 2732 419 2772 quovis
439 2732 561 2771 populo
584 2741 648 2760 non
671 2731 824 2767 ineunda,
840 2740 912 2760 cum
937 2729 974 2759 si·
1021 2739 1078 2768 pro
1098 2730 1179 2767 vulg.
1196 2729 1248 2759 hic
1264 2727 1456 2758 emendavit.

305 2775 374 2805 mili
398 2776 650 2813 Corcyraeorum
682 2773 815 2803 consilio
846 2782 974 2811 compa-
1064 2779 1080 2809 5
1100 2772 1284 2809 Civitatem]
1306 2771 1357 2800 Ita
1374 2779 1501 2809 quoquc
1515 2769 1696 2806 Bekkerus,

304 2828 385 2855 rare,
401 2821 436 2847 ut
451 2817 538 2856 apud
557 2816 705 2854 Tlmcyd.
722 2815 741 2845 i.
761 2824 809 2853 32.
827 2818 941 2845 exstat.
1023 2813 1223 2843 Gronovium
1260 2817 1423 2843 auctorem
1463 2816 1603 2849 secutus,
1640 2811 1695 2851 qui

348 2869 366 2898 3
390 2860 559 2897 Phanota]
596 2858 751 2889 Scribitur
767 2858 930 2887 Plzanotm
945 2867 976 2887 a-
1023 2856 1106 2895 vulg.
1125 2857 1264 2887 civitalz's
1287 2854 1500 2895 inelegantius
1523 2854 1598 2894 poni
1623 2865 1695 2885 cen-

305 2903 372 2943 pud
391 2902 505 2941 Polyb.
522 2901 554 2932 in
572 2901 653 2931 Exc.
673 2900 747 2931 vat.
766 2910 841 2930 xxx.
862 2909 886 2930 1.
1022 2898 1094 2928 suit.

1867 2230 1881 2346 ...urs-*⁴-
