1888 3194
320 402 399 467 Τ.
461 400 727 465 LIVII
797 399 1318 464 PATAVINI

506 583 609 637 LI
639 584 687 637 B
719 584 767 636 E
797 583 847 636 R
914 582 1134 636 XLIII.

95 924 107 946 ¹
236 910 418 953 ADEM
448 920 617 961 aestate,
640 925 724 967 qua
751 910 794 951 in
824 909 1041 952 Thessalia
1070 910 1253 967 equestri
1283 925 1426 968 pugna
1449 911 1510 952 vi-
1525 929 1568 962 U.
1585 930 1623 962 C.
1646 931 1718 971 581·

92 982 109 1003 2
261 985 354 1011 cere
379 969 574 1018 Romani,
598 969 770 1025 legatus,
791 969 837 1009 in
858 967 1073 1025 Illyricum
1104 983 1128 1009 a
1157 968 1327 1010 consule
1348 969 1506 1020 missus,
1522 973 1561 1004 A.
1585 974 1624 1005 C.
1640 982 1719 1022 '171-

122 1026 322 1093 opulenta
341 1026 425 1092 duo
446 1026 602 1083 oppida
622 1026 662 1067 vi
683 1035 808 1091 atque
835 1026 958 1066 armis
979 1025 1116 1082 coegit
1146 1025 1191 1066 in
1218 1025 1478 1069 deditionem
1494 1043 1505 1093 Ξ
1522 1015 1670 1099 {iffi-iac?

121 1098 344 1140 omniaque
365 1084 415 1125 iis
436 1099 510 1125 sua
535 1092 751 1133 concessu,
774 1092 820 1124 ut
841 1082 1038 1139 opinione
1059 1082 1305 1125 clementiae
1327 1099 1410 1134 eos,
1433 1100 1508 1141 qul

123 1140 387 1183 Carnuntem
422 1141 625 1182 munitam
661 1141 807 1182 urbem
841 1139 1095 1190 incolebant,
1127 1140 1323 1183 alliceret.
1385 1142 1507 1184 Post-

119 1213 246 1254 quam
272 1214 365 1249 nec,
387 1208 434 1240 ut
455 1197 658 1240 dederent
680 1213 737 1248 se,
760 1197 1025 1254 compellere,
1048 1212 1188 1254 neque
1218 1213 1365 1255 capere
1398 1200 1506 1241 obsi-

116 1255 258 1299 dendo
292 1265 483 1314 poterat3
527 1271 580 1298 ne
611 1255 777 1297 duabus
807 1255 1191 1312 oppugnationibus
1222 1256 1506 1313 nequicquam

116 1313 311 1371 fatigatus
340 1313 459 1357 miles
483 1322 604 1364 esset,
626 1328 730 1370 quas
760 1313 875 1370 prius
905 1312 1080 1355 intactas
1111 1313 1234 1355 urbes
1263 1313 1504 1371 reliquerat,

115 1371 195 1414 diri
228 1372 301 1414 uit.

85 1441 104 1473 3
218 1429 297 1472 lter
316 1429 462 1472 consul
480 1430 529 1472 C.
548 1429 717 1471 Cassius
737 1444 815 1470 nec
837 1429 881 1470 in
901 1427 1052 1478 Gallia,
1068 1444 1194 1485 quam
1215 1430 1384 1472 sortitus
1401 1439 1502 1481 erat,
1516 1445 1618 1477 Cassii
1636 1447 1710 1479 Cos.

115 1487 384 1530 memorabile
417 1487 644 1545 quicquam
673 1487 821 1544 gessit:
858 1495 901 1528 et
921 1502 996 1544 per
1016 1486 1231 1544 Illyricum
1259 1487 1413 1530 ducere
1444 1488 1504 1531 le-
1516 1499 1565 1520 ‘⁰⁸
1579 1494 1696 1530 gestae.

113 1545 261 1602 giones
285 1546 330 1587 in
352 1544 649 1587 Macedoniam
669 1560 777 1586 vano
798 1545 966 1601 incepto
997 1553 1059 1586 est
1089 1555 1273 1587 conatus.
1336 1544 1503 1602 Ingres-

115 1617 208 1644 sum
237 1602 317 1645 hoc
349 1603 429 1645 iter
458 1602 672 1645 consulem
703 1611 870 1644 senatus
900 1617 954 1643 ex
985 1602 1325 1659 Aquileiensium
1355 1603 1504 1661 legatis

115 1660 334 1717 cognovit:
376 1660 462 1717 qui,
495 1668 718 1716 querentes
749 1659 954 1701 coloniam
985 1675 1102 1701 suam
1133 1676 1283 1702 novam
1314 1669 1357 1702 et
1386 1662 1503 1703 infir-

115 1732 240 1768 mam,
262 1717 442 1759 necdum
474 1720 570 1759 satis
601 1717 819 1767 munitam,
842 1717 951 1758 inter
975 1717 1144 1759 infestas
1164 1719 1354 1759 nationes
1376 1718 1503 1761 Istro-

115 1790 209 1817 rum
239 1784 282 1817 et
312 1775 550 1833 Illyriorum
579 1790 680 1825 esse,
734 1790 834 1816 uum
866 1783 1071 1831 peterent,
1104 1784 1150 1816 ut
1180 1786 1347 1817 senatus
1377 1792 1500 1819 curae

114 1831 299 1883 haberet,
331 1833 543 1890 quomodo
578 1848 628 1874 ea
659 1790 821 1874 collonia
854 1832 1098 1882 muniretur,
1129 1832 1383 1890 interrogati,
1415 1835 1501 1876 vel-

114 1890 257 1932 lentne
279 1906 371 1932 eam
393 1906 479 1931 rem
504 1890 554 1932 C.
577 1890 722 1931 Cassio
743 1889 902 1931 consuli
931 1889 1149 1930 mandari?
1180 1891 1499 1947 responderunt,

115 1946 322 1997 Cassium,
345 1947 587 2004 Aquileiam
608 1947 768 1988 indicto
789 1947 990 1996 exercitu,
1013 1947 1244 2003 profectum
1267 1963 1342 2004 per
1363 1948 1500 2015 Illyri-

111 2020 208 2047 cum
239 2006 282 2046 in
305 2004 601 2047 Macedoniam
622 2019 722 2046 esse.
787 2003 850 2045 Ea
870 2019 935 2059 res
956 2005 1090 2060 primo
1112 2005 1366 2047 incredibilis
1387 2023 1495 2050 VlSa:

110 2072 153 2105 et
182 2078 257 2120 pro
278 2078 320 2105 se
374 2063 519 2120 uisque
541 2062 724 2112 credere,
750 2061 901 2103 Carnis
922 2062 1090 2103 forsitan
1113 2071 1185 2104 aut
1206 2062 1321 2104 Istris
1342 2064 1498 2107 bellum

110 2119 281 2163 illatum.
328 2078 441 2162 'fluxu
459 2120 766 2177 Aquileienses,
788 2119 894 2160 nihil
914 2135 956 2161 se
979 2119 1086 2162 ultra
1105 2119 1222 2170 scire,
1245 2136 1322 2162 nec
1343 2122 1497 2165 audere

109 2179 325 2229 affirmare,
348 2194 474 2235 quam
498 2178 667 2234 triginta
695 2177 859 2219 dierum
887 2178 1144 2220 frumentum
1177 2178 1294 2220 militi
1325 2178 1494 2231 datum3

109 2246 151 2278 et
173 2236 314 2287 duces,
332 2237 404 2293 qui
427 2252 480 2278 cx
503 2235 623 2278 Italia
644 2235 794 2277 itinera
814 2235 858 2276 in
881 2235 1175 2278 Macedoniam
1198 2247 1379 2288 nossent,
1397 2253 1498 2281 con-

109 2294 284 2352 quisitos
319 2294 615 2350 abductosque.
685 2293 911 2335 Enimvero
944 2303 1111 2335 senatus
1146 2294 1368 2351 indignari,
1406 2306 1498 2338 tan-

33 2385 46 2395 .
77 2361 199 2395 4tum
230 2351 444 2394 consulem
473 2367 632 2400 ausum,
657 2361 701 2392 ut
727 2366 843 2392 suam
875 2351 1130 2408 provinciam
1161 2351 1429 2409 relinqueret,
1452 2355 1495 2396 in

108 2409 286 2452 alienam
309 2410 522 2459 transiret3
562 2409 792 2451 exercitum
823 2424 931 2450 novo
960 2409 1195 2475 periculoso
1216 2410 1364 2453 itinere
1386 2412 1498 2454 inter

107 2478 270 2510 exteras
297 2477 444 2525 gentes
464 2467 649 2518 duceret,
673 2467 780 2509 viam
803 2475 864 2509 tot
885 2467 1125 2510 nationibus
1145 2467 1190 2509 in
1212 2467 1377 2511 Italiam
1397 2484 1496 2527 ape-

154 2596 165 2618 ῐ
198 2587 305 2619 Vicere
327 2586 480 2627 Romani]
513 2586 623 2618 sc.1·10
648 2586 780 2627 proelio,

106 2630 192 2670 quod
219 2640 305 2670 supr.
327 2630 394 2661 xlii.
414 2628 464 2661 66.
487 2634 641 2660 narratur.
685 2630 779 2661 Cete-

106 2682 176 2703 rum
203 2672 324 2710 Livius,
347 2673 470 2703 civibus
492 2673 556 2703 suis
578 2673 699 2709 favens,
717 2673 779 2702 clu-

106 2715 220 2746 riorem
251 2715 339 2746 illam
373 2726 512 2755 pugnam
538 2715 614 2746 ibid.
641 2724 691 2756 59.
715 2725 779 2754 qua

107 2757 180 2789 victi
202 2758 329 2789 fuerant
348 2758 499 2796 Romani,
515 2758 575 2789 hoc
600 2758 670 2789 loco
690 2757 778 2788 dissi-

106 2801 245 2831 mulasse
262 2801 396 2832 videtur.

150 2852 167 2874 ἰ
192 2845 346 2883 Legyalm]
376 2844 477 2875 Cuius
502 2854 618 2874 nomen
646 2843 776 2875 excidit.

109 2884 229 2916 Verum
257 2886 405 2926 Sigonius
433 2889 476 2923 Q.
502 2887 650 2918 Mucium
683 2887 793 2917 fuisse·

107 2927 298 2967 suspicatur,
310 2929 400 2960 cuius
413 2929 444 2960 in
459 2929 574 2960 ultimo
587 2929 692 2969 capiu-
707 2929 776 2960 libri

109 2971 326 3008 praecedentia
343 2972 463 3003 mentio
479 2973 564 3003 snt-tn
579 2977 636 3004 est.

868 2594 885 2623 3
910 2587 951 2616 In
979 2586 1099 2624 Gallia,
1122 2597 1216 2627 qnam
1247 2588 1377 2618 sortitus
1405 2590 1493 2628 erat]

825 2630 978 2659 Ceterum
1009 2639 1094 2668 supr.
1121 2629 1188 2660 xlii.
1215 2637 1264 2667 32.
1289 2630 1400 2661 Cassio
1425 2642 1495 2670 pro·

825 2670 929 2702 vincia
946 2672 1043 2701 ltalia
1060 2671 1202 2702 eve-nim·
1218 2672 1345 2709 dicitur,
1361 2684 1424 2713 quo
1442 2685 1495 2704 no-

824 2713 910 2744 mine
936 2713 1064 2751 Liguria
1091 2719 1123 2745 et
1147 2715 1258 2745 (lalliu
1287 2716 1495 2755 designabun-

823 2761 885 2794 tur‚
903 2762 936 2787 ut
956 2756 1108 2787 Dum-rus
1122 2757 1357 2789 animadve-nit.

867 2811 884 2837 4
905 2802 947 2831 lle
961 2811 1050 2830 mmm
1066 2802 1265 2840 provinciam
1282 2802 1492 2842 relinqucretl

822 2843 862 2874 cs.
876 2844 969 2882 Supr.
985 2843 1080 2873 xxvii.
1096 2853 1145 2881 43.
1195 2843 1282 2874 llinc
1300 2845 1399 2882 legem
1419 2856 1494 2874 nou*

822 2886 898 2916 dum
926 2886 1022 2916 latam
1046 2886 1140 2916 fuisse
1165 2891 1265 2926 putot,
1281 2897 1343 2925 qun
1363 2893 1494 2917 cnutum

822 2928 895 2964 suit,
926 2938 965 2958 ne
995 2928 1065 2968 quis
1099 2934 1213 2968 sponte
1244 2929 1283 2959 dc
1321 2929 1496 2968 provincia,

823 2981 920 3010 «μιτιηι
937 2970 1066 3001 sortium
1082 2976 1161 3007 erut,
1177 2970 1287 3002 exiret.

1188 3017 1261 3052 112
