1888 3194
338 180 420 218 388
832 176 1242 217 PRAEFATIO

338 297 432 324 rum
459 281 663 338 scriptura
688 282 746 323 ita
774 281 974 330 discessit,
998 289 1045 322 ut
1067 280 1160 322 Lib.
1186 281 1362 322 XXXI.
1388 283 1454 321 31.
1478 281 1525 320 de
1546 295 1626 335 qua
1647 279 1737 335 ne7)

340 353 418 406 ipsi
447 351 602 406 quidem
633 352 747 405 queri
769 352 938 405 possint,
971 348 1087 404 quod
1120 348 1339 390 Bekkerus
1372 364 1396 390 a
1432 347 1632 389 Goellero
1663 347 1738 389 de-

341 428 486 476 ceptus
516 433 736 475 perperam
762 418 931 475 vulgato
954 425 1126 473 possunt
1155 417 1382 467 substituit,
1412 416 1507 457 Lib.
1533 415 1735 458 XXXII.

344 491 408 529 13.
451 489 660 528 inclinavit
707 489 918 528 sententiae
968 485 1188 541 subitum4)
1233 488 1274 526 in
1324 486 1556 526 Thesaliam
1597 498 1739 539 aqmen

341 557 552 604 demittere,
582 563 625 595 et
655 569 744 610 cap.
770 558 836 594 20.
863 569 943 609 pro
973 555 1070 594 bono
1102 560 1220 608 atque
1252 554 1343 593 utili
1361 553 1502 608 fore7)
1529 552 1740 605 defenden-

341 625 449 672 dum,
473 622 568 663 Lib.
593 622 818 663 XXXIV.
844 624 910 662 31.
941 628 980 661 et
1006 623 1141 675 accepi
1167 620 1293 675 tum6)
1322 636 1410 660 cum
1431 622 1617 675 Philippi
1635 635 1740 675 par-

344 693 456 740 tium,
492 705 568 730 non
602 691 643 729 in
676 696 808 729 vestra
840 691 1021 729 societate
1053 695 1161 737 esset,
1196 697 1238 728 et
1270 702 1358 743 cap.
1393 690 1460 729 59.
1495 703 1597 743 quae
1628 689 1740 728 modo

341 760 482 799 diserte
514 773 541 797 a
583 757 748 806 Quintio
784 756 934 812 latae4)
969 763 1074 805 sunt,
1109 755 1262 811 partim
1294 763 1421 804 recte,
1454 756 1608 811 partim
1641 755 1740 797 falso

341 833 565 881 reponeret
597 823 662 864 his
695 823 1036 864 annotationibus
1070 823 1292 864 subiectis:
1333 827 1360 846 ‘⁶
1375 822 1410 878 7)
1443 838 1490 863 ne
1523 821 1636 863 GR:
1671 837 1742 863 co—

341 893 457 934 dices
496 907 566 933 nec
605 891 671 932 vel
712 891 1038 947 neque.'’—“4)
1077 893 1250 932 subitum
1286 890 1527 932 Walchius:
1575 889 1742 932 codices

341 960 494 1002 suum.”
509 985 567 990 —
584 965 610 984 ‘⁶
626 959 660 1015 ⁷)
672 961 771 1014 fore
792 960 1062 1001 Perizonius:
1097 959 1263 1001 codices
1278 959 1480 1014 foedera„
1497 983 1552 990 --
1570 963 1597 982 “
1610 957 1646 1014 6)
1673 974 1742 999 ac-

343 1033 429 1086 cepi
467 1028 571 1086 ticin]
614 1031 768 1084 accepit
806 1030 950 1069 urbem.
995 1027 1142 1069 Β.”-
1160 1027 1238 1084 ⁶⁶4)
1275 1029 1380 1068 latae
1418 1026 1530 1068 GR:
1576 1026 1742 1069 codices

341 1097 497 1139 datae.”
558 1096 672 1153 Ergo
713 1096 945 1146 Bekkerus,
982 1096 1026 1137 id
1067 1096 1184 1152 quod
1223 1104 1312 1137 erat
1351 1094 1740 1144 demonstrandum,

341 1165 561 1221 palmarias
597 1164 665 1206 Fr.
700 1163 906 1205 Gronovii
939 1173 980 1205 et
1014 1163 1097 1205 Iac.
1128 1163 1339 1205 Perizonii
1375 1163 1636 1204 coniecturas
1671 1177 1742 1203 co-

342 1233 446 1274 dicis
476 1232 797 1288 Bambergensis
830 1233 1077 1274 auctoritate
1111 1232 1362 1282 confirmari,
1385 1231 1565 1273 Walchii
1597 1240 1741 1272 emen-

342 1302 569 1352 dationem,
607 1317 740 1357 quum
780 1301 824 1341 in
865 1301 1016 1342 eodem
1051 1300 1210 1350 codice,
1251 1309 1299 1341 ut
1339 1315 1464 1357 supra
1499 1299 1739 1349 memoravi,

341 1370 495 1412 rectius
525 1371 735 1410 inclinavit
763 1372 968 1418 sententia,
1002 1377 1048 1410 ut
1076 1372 1117 1409 in
1149 1370 1401 1410 Thessaliam
1431 1383 1572 1423 aymen
1602 1369 1742 1408 demit-

343 1445 440 1479 teret
458 1437 633 1493 legatur,
651 1437 818 1478 admitti
839 1452 924 1478 non
946 1451 1081 1492 posse,
1099 1444 1141 1477 et
1162 1451 1279 1477 suam
1297 1435 1426 1492 ipsius
1441 1435 1739 1484 coniecturam,

343 1521 474 1563 quum
500 1504 724 1546 Goellerus
755 1505 889 1546 codici
919 1504 1235 1561 Bambergensi,
1263 1504 1309 1544 in
1340 1519 1425 1560 quo
1455 1520 1549 1545 nam
1579 1511 1618 1544 et
1645 1506 1743 1559 ipsis

341 1575 571 1615 vocantibus
601 1589 650 1613 ac
681 1574 928 1614 tradentibus
959 1574 1094 1613 urbem
1130 1589 1217 1614 eam
1253 1575 1406 1627 accepit
1438 1588 1516 1613 non
1551 1574 1744 1628 occupavi

341 1648 378 1682 et
396 1644 531 1696 accepi
551 1642 683 1682 urbem
706 1657 795 1682 cum
815 1642 1013 1697 Plzilyppi
1025 1644 1208 1696 partium
1235 1657 1313 1682 non
1338 1643 1379 1682 in
1392 1627 1538 1682 ‘vestra
1559 1643 1742 1682 societate

341 1717 439 1751 esset
463 1708 682 1765 reperitur,
703 1724 926 1765 perperam
947 1717 985 1750 et
1003 1712 1157 1764 accepit
1177 1711 1311 1751 urbem
1338 1709 1545 1759 tribuerit,
1566 1709 1639 1750 vix
1659 1708 1740 1751 hoc

340 1777 513 1820 nomine
535 1776 708 1833 dignam
729 1792 817 1818 esse
839 1777 1057 1833 ignoravit.

398 1845 651 1902 Tripartitae
683 1855 837 1896 autem,
861 1861 988 1902 quam
1018 1845 1310 1902 prosperrimo,
1337 1854 1385 1888 ut
1414 1846 1534 1888 nobis
1565 1846 1740 1903 quidem

339 1913 518 1964 videtur,
560 1929 755 1956 successu
799 1914 1064 1964 absolvimus,
1107 1914 1457 1956 demonstrationi
1501 1914 1608 1955 illud
1651 1929 1739 1956 non

341 1983 489 2032 obstat,
516 1982 632 2038 quod
664 1982 882 2023 Bekkerus
913 1982 1007 2023 Lib.
1041 1983 1218 2024 XXXI.
1243 1984 1280 2025 7.
1315 1985 1364 2023 ab
1395 1984 1504 2024 nobis
1534 1998 1611 2024 non
1640 1984 1688 2024 de
1720 2007 1739 2015 -

340 2052 443 2090 cient
472 2064 548 2105 pro
581 2065 607 2089 a
637 2052 746 2090 nobis
778 2066 855 2091 non
887 2051 1081 2103 deficient,
1115 2065 1203 2106 cap.
1242 2054 1306 2092 15.
1341 2053 1501 2091 virtutis
1535 2066 1627 2106 erqo
1661 2065 1738 2108 pro

339 2119 499 2157 virtutis
523 2119 677 2172 qratia,
700 2117 813 2173 *cap.
838 2120 904 2158 21.
932 2119 1104 2158 diductis
1135 2119 1317 2158 cornibus
1344 2133 1420 2174 pro
1448 2120 1625 2159 deductis
1652 2134 1739 2160 cor-

340 2186 467 2234 nibus,
504 2183 600 2225 Lib.
632 2185 833 2227 XXXII.
870 2188 908 2227 5.
945 2187 1134 2241 Bffeyalen
1170 2188 1284 2241 polin
1325 2201 1401 2243 pro
1436 2188 1736 2243 Meqalopolim,

340 2267 429 2309 cap.
457 2254 520 2293 16.
551 2259 750 2293 travectus
776 2268 851 2309 pro
879 2261 1138 2304 transvectus,
1168 2269 1256 2310 cap.
1281 2257 1348 2295 21.
1379 2271 1455 2310 quo
1482 2262 1643 2297 tueatur
1668 2271 1739 2296 nos

340 2337 416 2379 pro
447 2339 524 2380 quo
555 2339 625 2365 nos
659 2329 832 2372 tueatur,
866 2322 960 2363 Lib.
998 2322 1223 2364 XXXIII.
1260 2327 1326 2364 32.
1365 2325 1629 2378 voluptatium
1660 2338 1737 2380 pro

340 2393 601 2447 voluptatum,
624 2391 737 2447 *cap.
760 2394 827 2432 38.
858 2392 916 2431 ad
936 2392 1212 2446 Lampsacum
1240 2393 1551 2447 oppuynandam
1578 2405 1655 2447 pro
1681 2392 1741 2432 ad

339 2460 615 2515 Lampsacum
651 2460 976 2513 oppicyizandunz,
1013 2457 1107 2499 Lib.
1148 2459 1372 2501 XXXIV.
1408 2458 1499 2499 *12.
1538 2465 1736 2499 ostentan-

339 2528 434 2567 dam
463 2542 540 2583 pro
571 2528 859 2576 ostendendam,
893 2526 1005 2582 *cap
1033 2529 1097 2567 14.
1127 2527 1288 2566 dextrae
1314 2541 1389 2582 pro
1420 2527 1613 2575 dexterae,
1637 2525 1732 2567 Lib.

341 2594 540 2636 XXXV.
575 2598 614 2635 4.
653 2595 933 2635 detractabant
969 2608 1045 2650 pro
1085 2595 1366 2642 detrectabant,
1408 2607 1497 2648 cap.
1534 2595 1598 2633 12.
1637 2595 1736 2634 reci-

336 2663 510 2716 perandi
538 2677 614 2718 pro
645 2664 918 2716 recuperandi,
957 2676 1046 2717 cap.
1083 2663 1150 2702 35.
1185 2661 1376 2701 Eurotan
1407 2675 1484 2716 pro
1516 2662 1734 2710 Eurotam,

339 2729 452 2786 *cap.
489 2733 557 2770 42.
596 2744 830 2784 quemquam
871 2743 947 2784 pro
986 2730 1225 2784 quempiam,
1270 2728 1364 2769 Lib.
1406 2728 1629 2771 XXXVI.
1668 2728 1732 2770 ³1“4.

337 2797 564 2838 Ptolemaeo
597 2796 773 2851 Aeyypti
811 2811 899 2851 reye
938 2810 1014 2851 pro
1046 2797 1273 2836 Ptolemaeo
1310 2795 1497 2851 Aeyypti,
1539 2810 1628 2852 cap.
1668 2797 1732 2838 17.

337 2880 440 2906 cenis
464 2879 539 2921 pro
561 2866 699 2914 coenis,
725 2863 819 2906 Lib.
846 2863 1092 2906 XXXVII.
1117 2863 1180 2903 *2.
1211 2866 1342 2904 sortiti
1368 2871 1463 2904 sunt
1487 2879 1563 2921 pro
1591 2867 1732 2914 sortiti,
