1888 3194
351 171 405 213 70
865 170 1012 212 TITI
1049 170 1226 213 LIVII

149 272 191 303 U.
209 273 246 303 c.
269 272 339 311 581.
352 276 457 312 rum,
475 277 613 318 quem,
630 261 664 303 si
685 261 867 318 aliquem
882 271 1115 318 respectum
1134 261 1338 303 amicitiae
1360 276 1456 302 eum
1473 261 1624 302 habere
1645 275 1734 302 cer-

147 315 187 346 A.
211 315 259 363 C‘.
273 322 484 370 {⁷1·neret,
502 328 674 369 tentare,
692 329 764 360 aut
779 319 905 361 etiam
926 319 979 360 ad
1000 319 1097 361 belli
1118 319 1357 361 societatem
1377 319 1570 375 pellicere
1587 318 1731 359 iussus.

149 357 260 396 Legati
276 368 309 388 in

149 400 330 438 Graeciam,

355 377 526 418 Lentuli
546 377 591 418 in
610 376 925 434 Cephalleniam
946 377 1070 427 missi,
1085 385 1132 418 ut
1152 377 1195 417 in
1217 376 1553 432 Peloponnesum
1571 375 1734 417 traiice-

148 447 180 490 ep
195 443 227 472 in
246 443 323 484 Illy·
354 444 460 485 rent,
497 450 693 491 oramque
734 435 868 484 maris,
902 435 946 475 in
982 434 1241 476 occidentem
1273 434 1392 484 versi,
1424 443 1520 475 ante
1552 433 1734 474 hiemem

146 495 258 517 Heum-

148 1249 290 1280 Achaeo-

147 1302 215 1321 rum
233 1303 342 1331 quere-

147 1335 206 1366 lae.

209 1589 275 1626 38.

355 493 632 534 circumirent.
695 492 856 534 Marcio
884 501 926 533 et
956 491 1088 533 Atilio
1121 492 1284 548 Epirus,
1315 491 1494 540 Aetolia,
1526 499 1568 532 et
1599 490 1735 532 Thes-

355 550 454 591 salia
491 549 812 591 circumeundae
851 549 1120 605 assignantur.
1202 549 1307 590 Inde
1350 548 1568 590 Boeotiam
1607 556 1733 603 atque

357 607 571 649 Euboeam
603 608 784 663 aspicere
815 607 937 656 iussi3
971 617 1059 647 tum
1090 607 1134 647 in
1165 606 1501 662 Peloponnesum
1532 605 1731 647 traiicere.

355 665 421 707 Ibi
441 679 730 721 congressuros
751 680 792 705 se
815 680 909 705 cum
935 664 1127 705 Lentulis
1151 664 1421 705 constituunt.
1483 663 1734 719 Priusquam

355 723 671 779 digrederentur
710 737 734 762 a
769 721 964 778 Corcyra,
1001 721 1143 762 literae
1180 736 1205 761 a
1243 721 1397 762 Perseo
1437 720 1582 762 allatae
1623 729 1733 770 sunt,

355 781 505 837 quibus
540 780 778 835 quaerebat,
811 794 917 835 quae
949 794 1070 819 causa
1103 778 1303 819 Romanis
1336 786 1407 818 aut
1436 778 1480 818 in
1515 777 1734 818 Graeciam

355 838 586 879 traiiciendi
607 837 757 892 copiaS,
780 847 852 877 aut
879 837 1001 877 urbes
1025 835 1270 891 occupandi,
1293 835 1429 876 esset?
1463 833 1546 876 Cui
1566 834 1735 875 rescribi

355 910 440 936 non
459 894 634 950 placuit3
667 894 816 934 nuntio
836 893 976 949 ipsiUS,
994 893 1067 949 qui
1084 893 1220 934 literas
1241 892 1446 941 attulerat,
1464 892 1560 942 dici,
1585 891 1735 933 ‘Prae-

356 952 473 992 ‘sidii
504 966 626 992 causa
658 951 838 1007 ipsarum
874 951 1040 992 urbium
1084 950 1295 991 Romanos
1330 950 1490 991 facere.’
1547 948 1764 1000 Lentuli,2

353 1009 657 1051 circumeuntes
697 1008 975 1064 Peloponnesi
1007 1008 1172 1065 oppida,
1205 1023 1335 1064 quum
1371 1008 1459 1048 sine
1495 1006 1733 1049 discrimine

354 1082 497 1108 omnes
518 1067 704 1108 civitates
729 1066 1061 1116 adhortarentur,
1085 1074 1142 1115 ut,
1165 1081 1250 1122 quo
1274 1065 1425 1115 animo,
1449 1080 1531 1121 qua
1551 1064 1633 1106 fide
1661 1064 1734 1105 ad-

353 1125 552 1166 iuvissent
600 1124 825 1173 Romanos,
867 1123 1050 1179 Philippi
1100 1123 1293 1179 primum,
1335 1123 1489 1164 deinde
1530 1122 1734 1163 Antiochi

353 1182 474 1232 bello,
497 1182 645 1223 eodem
667 1181 861 1222 adversus
882 1181 1036 1222 Persea
1056 1181 1255 1230 iuvarent,
1270 1180 1481 1221 fremitum
1503 1180 1547 1220 in
1568 1180 1735 1221 concio-

353 1240 475 1281 nibus
515 1239 765 1281 audiebant:
811 1238 992 1280 Achaeis
1025 1238 1351 1294 indignantibUS,
1385 1238 1533 1279 eodem
1566 1253 1608 1278 se
1641 1237 1734 1279 loco

354 1313 454 1347 esse,
478 1297 551 1353 qui
572 1297 711 1338 omnia
737 1312 761 1337 a
780 1296 994 1353 principiis
1023 1296 1290 1337 Macedonici
1317 1295 1414 1336 belli
1435 1295 1735 1351 praestitissent

356 1355 568 1404 Romanis,
587 1363 628 1395 et
649 1354 934 1395 Macedonum
955 1354 1141 1410 Philippi
1157 1353 1265 1395 bello
1289 1353 1426 1395 hostes
1446 1353 1631 1402 fuissent,
1649 1368 1734 1409 quo

355 1412 556 1454 Messenii
577 1422 701 1468 atque
726 1412 821 1462 Elii,
844 1411 916 1468 qui
937 1427 1012 1467 pro
1034 1411 1247 1453 Antiocho
1268 1411 1385 1452 hoste
1407 1425 1520 1452 arma
1539 1410 1735 1452 adversus

354 1470 555 1526 populum
578 1470 816 1511 Romanum
839 1469 1051 1518 tulissent3
1084 1485 1144 1519 ac,
1167 1484 1301 1525 nuper
1321 1469 1364 1509 in
1379 1468 1613 1509 Achaicum
1634 1483 1734 1509 con-

354 1527 498 1569 tributi
512 1527 747 1577 concilium,
763 1527 876 1568 velut
893 1527 1123 1583 praemium
1142 1526 1239 1567 belli
1254 1542 1296 1567 se
1311 1526 1536 1567 victoribus
1552 1525 1734 1566 Achaeis

354 1585 460 1626 tradi
492 1595 775 1642 quererentur.
839 1584 1024 1625 Marcius
1055 1594 1097 1625 et
1128 1583 1284 1625 Atilius
1311 1584 1364 1624 ad
1394 1583 1582 1632 Gitanas,
1615 1582 1765 1639 Epiri3

354 1642 555 1699 oppidum
577 1643 723 1683 decem
749 1641 877 1682 millia
898 1657 922 1683 a
950 1642 1066 1691 mari,
1090 1656 1220 1697 quum
1248 1641 1534 1691 escenderent,
1557 1639 1734 1682 concilio

355 1700 620 1756 Epirotarum
660 1700 814 1748 habito,
849 1714 944 1740 cum
986 1714 1137 1755 magno
1173 1699 1360 1739 omnium
1401 1713 1568 1739 assensu
1601 1697 1734 1739 auditi

352 1768 471 1799 sunt:
515 1768 557 1798 et
589 1757 917 1813 quadringentos
957 1756 1183 1798 iuventutis
1215 1771 1360 1797 eorum
1392 1756 1437 1797 in
1471 1756 1652 1806 Orestas,
1687 1764 1734 1797 ut

352 1815 557 1871 praesidio
593 1824 730 1856 essent
769 1814 949 1856 liberatis
989 1815 1040 1855 ab
1080 1829 1121 1855 se
1164 1813 1482 1862 Macedonibus,
1516 1814 1730 1854 miserunt.
1745 1830 1766 1858 4

355 1873 458 1914 {nde
481 1874 524 1913 in
547 1872 757 1914 Aetoliam
777 1872 993 1928 progressi,
1017 1887 1063 1912 ac
1084 1886 1237 1927 paucos
1258 1871 1315 1912 ibi
1341 1871 1487 1912 morati
1508 1871 1608 1920 dies,
1630 1870 1734 1911 dum

354 1931 397 1970 in
418 1931 617 1986 praetoris
633 1930 784 1970 mortui
798 1929 934 1970 locum
952 1928 1055 1969 alius
1071 1929 1339 1977 sufficeretur,
1358 1938 1399 1969 et
1420 1928 1597 1984 Lycisco
1612 1943 1733 1983 prae-

355 1998 441 2028 tore
463 1989 583 2036 facto,
607 2001 732 2042 quem
756 1986 1043 2026 Romanorum
1059 1986 1194 2026 favere
1216 1985 1337 2026 rebus
1353 1985 1451 2026 satis
1471 1995 1732 2041 compertum

353 2054 452 2094 crat,
475 2044 725 2085 transierunt
752 2043 795 2083 in
817 2043 1086 2083 Thessaliam.
1150 2042 1213 2083 Eo
1238 2041 1362 2098 legati
1384 2042 1667 2092 Acarnanum,
1690 2051 1734 2084 et

354 2101 608 2142 Boeotorum
644 2100 806 2143 exsules
837 2108 1053 2141 venerunt.
1116 2100 1360 2141 Acarnanes
1395 2101 1587 2141 nuntiare
1619 2100 1762 2150 iussi,5

355 2158 502 2207 ‘Quae
543 2158 729 2214 Philippi
760 2157 954 2214 primum,
988 2157 1188 2198 Antiochi
1224 2157 1376 2198 deinde
1411 2157 1532 2207 bello,
1565 2157 1733 2214 decepti

356 2223 365 2240 ⁶
383 2216 749 2272 pollicitationibus
770 2215 904 2270 regiis,
923 2215 1116 2256 adversus
1133 2214 1334 2271 populum
1358 2215 1596 2257 Romanum
1618 2230 1733 2257 com-

355 2280 366 2298 ‘
383 2274 600 2322 misissent,
642 2288 691 2314 ea
729 2272 962 2328 corrigendi
1003 2273 1259 2313 occasionem
1301 2273 1380 2314 illis
1420 2273 1611 2315 oblatam.
1687 2272 1732 2315 Si

356 2331 488 2372 ‘male
523 2330 659 2371 meriti
693 2329 954 2371 clementiam
985 2329 1128 2385 populi
1166 2329 1347 2371 Romani
1380 2331 1544 2387 experti
1578 2339 1729 2381 essent,

355 2398 364 2412 ⁴
380 2390 484 2430 bene
506 2388 705 2429 merendo
726 2387 1012 2428 liberalitatem
1029 2387 1344 2442 experirentur.’
1394 2388 1564 2430 Boeotis
1580 2403 1732 2444 expro-

354 2447 528 2495 bratum,
551 2446 790 2486 societatem
818 2460 887 2486 eos
914 2460 1009 2485 cum
1035 2444 1188 2485 Perseo
1209 2445 1403 2486 iunxisse.
1470 2445 1615 2494 Quum
1642 2444 1730 2487 cul-

352 2519 446 2559 pam
468 2503 511 2543 in
540 2503 775 2552 Ismeniam,
799 2502 1027 2558 principem
1060 2501 1228 2542 alterius
1254 2503 1394 2558 partis,
1417 2503 1665 2553 conferrent,
1687 2508 1762 2544 et6

350 2561 547 2618 quasdam
569 2560 754 2601 civitates
769 2559 1060 2600 dissentientes
1080 2559 1123 2600 in
1140 2574 1304 2600 causam
1323 2560 1534 2610 deductas,
1558 2566 1571 2584 ⁶
1583 2561 1731 2617 Appa-

397 2684 413 2704 ε’.
437 2675 574 2711 Facere]
616 2672 867 2712 Intelligendum
899 2676 945 2702 est
974 2673 1017 2709 id,
1062 2678 1205 2701 constare
1228 2681 1290 2701 non
1315 2675 1430 2710 potest,
1446 2672 1505 2702 nisi
1529 2676 1652 2704 constet
1672 2684 1730 2704 nos

351 2728 391 2748 sc.
409 2717 652 2756 occupationem
669 2716 804 2745 urbium.
830 2715 955 2745 Rixscu.
1062 2713 1168 2744 onmia
1184 2714 1263 2744 scire
1279 2714 1403 2745 debere.
1427 2715 1532 2745 Cimv.

398 2769 415 2798 3
439 2761 493 2789 Ad
518 2760 670 2796 G‘itrwms]
720 2758 848 2788 Nomen
880 2757 1016 2796 incogni-
1071 2766 1073 2769 ’
1104 2767 1122 2794 4
1145 2757 1195 2786 Ah
1218 2758 1266 2794 se]
1301 2767 1342 2786 sc.
1362 2758 1389 2787 A
1408 2757 1575 2794 Romanis,
1593 2767 1730 2796 quorum

351 2806 430 2832 tum.
477 2802 539 2832 Pro
558 2801 607 2831 his
622 2802 746 2831 duabus
761 2800 890 2829 vocibus
913 2800 1016 2839 legen-
1062 2799 1191 2829 nomine
1207 2799 1303 2837 legati
1319 2800 1414 2829 verba
1429 2799 1559 2830 faciunt.

351 2846 427 2875 ‹lum
449 2848 555 2875 censet.
576 2845 641 2874 Iac.
660 2843 840 2873 Gronovius
855 2843 1017 2881 Aeyilipa,
1109 2849 1126 2879 5
1156 2843 1322 2873 Nmztiare
1351 2843 1446 2880 iussi]
1493 2842 1626 2873 Civibus
1656 2842 1731 2881 suis,

351 2887 504 2927 oppidum
520 2890 730 2916 memoratum
745 2885 892 2915 Straboni
905 2890 934 2915 et
949 2886 1017 2915 Sto·
1062 2895 1159 2924 quum
1178 2885 1308 2915 domum
1325 2884 1489 2915 redissent.

350 2931 457 2972 phano
484 2940 522 2960 ex
552 2929 705 2960 Homero.
751 2928 813 2960 Sed
837 2929 876 2959 (le
901 2928 1017 2958 mendo
1104 2926 1122 2957 6
1146 2928 1190 2957 El
1213 2928 1363 2967 quasdam
1382 2927 1543 2967 civitates]
1573 2938 1615 2959 sc.
1634 2927 1729 2959 Dice·
