1888 3194
688 199 980 238 INDEX.

144 272 267 313 Rhion,
281 274 348 307 sive
368 274 505 314 Rhium,
519 275 637 306 fretum
659 275 813 314 Naupac-

185 320 257 348 tum
276 317 361 348 inter
379 321 413 348 et
431 317 546 348 Patras
565 325 615 356 27,
633 327 649 348 2
674 316 814 348 ‚fauces

186 368 244 390 eae
256 364 332 391 sunt
347 359 507 392 Corinthii
522 359 611 390 sinus
627 369 644 390 2
669 367 723 399 ,.7

144 401 313 433 Rhisiasus
342 402 544 433 Pellenensis
574 411 626 442 32,
657 410 706 433 22.
745 401 813 433 eius

185 448 297 475 contra
316 444 419 475 filium
442 444 668 485 Demiurgum,
683 444 814 475 nomine

186 486 408 525 Memnonem,
423 491 598 526 certamen,
611 488 689 518 ibid.

143 528 283 566 Rhizon,
298 530 407 569 urbs4
410 528 507 569 526.

144 552 350 610 Rhizonitae‚
347 574 508 646 8populus
524 573 657 614 Illyrius
672 580 724 613 45,
741 571 790 604 26.

143 613 264 646 Rhoda
280 616 365 655 34,8
369 639 376 646 .

143 656 326 689 Rhodanus
342 667 393 695 21,
405 667 455 698 31.
478 667 528 699 27,
542 667 582 700 39
563 669 591 700 9.
614 658 813 690 Rhodanum

185 700 303 731 traiicit
331 701 498 733 Hannibal
528 711 577 739 21,
605 700 652 733 26.
682 701 812 733 Rhoda-

185 753 246 773 nus
261 744 404 774 omnium
423 745 552 776 Galliae
568 745 737 775 fluviorum
755 744 813 774 dif-

185 786 351 817 ficillimus
390 787 526 818 transitu
563 796 613 827 31.
659 786 812 818 Rhodani

186 829 267 859 ostia
284 839 335 867 21,
353 828 402 861 26.

144 871 267 902 Rhodii
286 872 380 913 legati
400 874 441 904 nd
458 873 672 903 dirimendum
689 873 812 903 bellum

185 915 270 945 inter
288 915 477 956 Philippum
496 922 527 946 et
546 916 678 946 Aetolos
698 925 745 954 27,
762 924 811 954 30.

188 957 239 994 28,
257 966 283 997 7.
312 959 462 989 nuntiant
485 959 637 995 Romam,
656 959 750 989 Asiae
774 958 813 988 ci—

187 999 302 1032 vitates
323 1011 341 1031 a
361 1001 514 1041 Philippo
535 1001 698 1031 sollicitari
716 1010 768 1040 31,
786 1011 813 1032 2.

185 1044 301 1074 navale
325 1044 525 1075 Rhodiorum
554 1048 715 1074 certamen
741 1054 812 1074 cum

187 1085 342 1126 Philippo
366 1097 412 1124 14.
435 1087 475 1117 ab
494 1086 743 1118 Atheniensibus
764 1096 813 1117 co-

184 1138 263 1159 rona
278 1139 374 1159 aurea
390 1134 422 1159 et
439 1129 568 1160 civitate
584 1130 747 1159 donantur
767 1138 813 1168 15.

185 1180 294 1201 eorum
310 1171 419 1211 viginti
433 1182 530 1202 naves
542 1172 710 1202 Romanae
723 1172 814 1202 classi

184 1223 218 1244 se
233 1213 370 1254 iungunt
386 1213 436 1252 46.
453 1214 492 1244 cf.
510 1219 542 1245 et
560 1224 611 1254 32,
632 1214 677 1245 16.
702 1224 813 1245 eorum

184 1255 282 1296 legati
303 1257 343 1287 ad
366 1256 513 1288 Achaeos
533 1267 579 1298 19.
609 1267 682 1287 cum
705 1257 744 1287 iis
765 1267 813 1287 so-

185 1298 335 1330 cietatem
346 1299 482 1339 iungunt
490 1299 611 1330 Achaei
625 1309 673 1339 23.
692 1299 813 1331 Rhodii

184 1347 376 1382 recuperant
404 1343 558 1373 Peraeam
585 1351 635 1382 33,
664 1343 710 1374 18.
741 1342 813 1373 mit-

185 1388 259 1415 tunt
274 1385 395 1424 legatos
412 1386 453 1416 ad
470 1385 667 1416 Antiochum
688 1395 737 1416 20.
764 1390 813 1416 tu-

185 1431 279 1458 entur
300 1428 402 1459 socios
424 1428 615 1466 Ptolemaei,
630 1428 706 1459 ibid.
732 1429 813 1459 acci-

186 1469 280 1510 piunt
290 1470 536 1508 Stratoniceam,
547 1471 725 1511 Cariaeque
735 1471 815 1502 alias

186 1513 280 1544 urbes
303 1522 352 1552 30.
376 1514 409 1544 in
429 1514 516 1544 bello
536 1515 687 1545 adversus
703 1514 814 1544 Antio·

187 1555 282 1586 chum
303 1556 437 1587 mittunt
455 1557 588 1587 classem
611 1557 733 1587 auxilio
750 1557 814 1588 Ro-

186 1599 291 1629 manis
312 1599 364 1637 36,
381 1608 431 1638 45.
456 1608 508 1639 37,
524 1609 553 1640 9.
577 1599 686 1630 classis
703 1609 813 1630 eorum

186 1642 381 1682 opprimitur
397 1653 416 1672 a
438 1642 640 1682 Polyxenida
663 1652 700 1673 10
715 1648 747 1674 et
767 1652 813 1674 11.

186 1694 296 1715 eorum
328 1685 446 1723 luctus,
474 1695 511 1716 ac
541 1685 658 1716 deinde
688 1685 734 1716 ira
768 1695 814 1717 12.

188 1727 321 1758 vincunt
340 1728 472 1758 classem
491 1728 643 1759 Antiochi
662 1737 699 1767 23
717 1732 749 1759 et
766 1738 814 1766 24.

187 1771 228 1801 cf.
250 1775 282 1801 et
303 1779 353 1810 30.
386 1771 486 1801 oratio
511 1781 620 1801 eorum
645 1771 677 1801 in
702 1776 815 1802 senatu

187 1817 298 1844 contra.
337 1813 516 1844 Eumenem
551 1822 602 1853 54.
646 1814 746 1854 Lycia
783 1819 815 1845 et

187 1855 283 1887 Caria
302 1856 341 1887 iis
361 1856 478 1887 dantur
499 1856 550 1895 38,
566 1865 616 1898 39.
640 1861 817 1896 queruntur

186 1899 227 1929 de
248 1899 340 1930 clade
362 1899 587 1939 Sinopensium
605 1909 657 1938 40,
675 1909 702 1930 2.
730 1900 816 1931 110110

187 1946 306 1972 vexant
345 1942 461 1982 Lycios
498 1952 550 1981 41,
585 1951 634 1981 3ο.
678 1943 816 1982 superba

187 1994 296 2015 eorum
343 1985 460 2025 legatio
495 1986 535 2016 de
578 1985 817 2016 reconcilianda

187 2037 260 2058 cum
280 2028 397 2059 Perseo
420 2038 500 2068 pace
521 2039 572 2067 44,
593 2037 639 2066 14.
663 2029 816 2068 castigata

186 2080 296 2101 eorum
319 2071 437 2101 ferocia
463 2080 509 2110 15.
540 2071 673 2102 Perseus
694 2081 748 2102 eos
770 2071 816 2102 111-

186 2113 265 2144 citat
289 2114 330 2144 ad
354 2114 475 2144 bellum
504 2123 552 2152 23.
584 2124 692 2144 eorum
719 2114 815 2153 legati

186 2155 219 2187 in
246 2161 350 2187 castra
374 2157 415 2187 ad
443 2156 619 2187 Aemilium
650 2157 816 2194 Paullum,

186 2199 366 2237 consulem,
387 2199 518 2230 veniunt
537 2208 587 2238 35.
612 2199 749 2230 invitant
774 2200 815 2230 le-

185 2246 276 2282 gatos
300 2242 397 2273 Rom.
418 2242 530 2272 missos
553 2243 594 2273 ad
617 2242 815 2273 Antiochum

187 2293 240 2325 45,
259 2294 306 2317 10.
330 2285 361 2316 in
379 2295 434 2316 eos
447 2285 603 2325 asperitas
618 2286 656 2317 C.
673 2285 816 2325 Popillii,

188 2327 283 2368 legati
306 2328 403 2359 Rom.
420 2327 496 2359 ibid.
520 2328 574 2367 qui
594 2329 711 2359 Perseo
731 2329 814 2358 fave-

187 2375 270 2408 rant,
322 2371 517 2401 damnantur
569 2371 695 2411 capitis,
739 2371 815 2402 ibid.

187 2423 296 2444 eorum
315 2412 410 2453 legati
427 2413 512 2444 male
528 2413 734 2454 excipiuntur
750 2414 814 2445 Ro-

187 2466 259 2487 rnae
278 2465 326 2487 20.
350 2460 461 2486 contra
479 2465 534 2486 eos
552 2456 711 2492 Thalnae,
727 2466 815 2496 prae-

187 2498 274 2535 toris,
299 2498 419 2539 rogatio
445 2507 494 2529 21.
518 2508 627 2529 eorum
650 2499 681 2529 in
703 2503 815 2530 senatu

187 2541 289 2572 oratio
316 2551 363 2572 22.
397 2547 530 2571 eatenus
555 2541 664 2572 sociali
690 2541 817 2573 foedere

187 2595 261 2615 cum
293 2583 451 2615 Romanis
484 2594 547 2614 non
582 2584 709 2625 illigati,
739 2588 816 2615 tunc

187 2627 372 2658 societatem
409 2627 581 2666 petendam
618 2631 733 2667 putant
767 2635 815 2665 25.

189 2669 311 2701 Rhodii
344 2669 486 2710 linguam
519 2669 638 2701 babent
670 2670 815 2701 venalem

189 2720 242 2752 45,
262 2721 307 2745 10-

148 2753 297 2793 Rhodus,
312 2755 418 2787 insula
433 2764 485 2794 31,
506 2763 553 2795 15.

148 2797 351 2872 3119511111161111,
380 2808 535 2830 cacumen
566 2798 686 2830 montis
715 2799 818 2830 Oetae

190 2849 208 2879 3
233 2863 243 2878 s
263 2849 272 2871 ¹
301 2865 308 2872 ·

150 2882 346 2922 Rhoeteum,
370 2882 478 2924 oppid.
505 2891 557 2924 37,
580 2894 601 2925 9
624 2889 657 2916 et
682 2893 732 2925 37.
766 2884 817 2923 38,

859 274 1095 315 Rhomphaeoe
1110 275 1274 307 Thracum
1291 284 1343 316 31,
1358 284 1409 318 39.

858 317 1000 357 Rogatio
1029 318 1071 349 de
1099 317 1236 348 tribunis
1262 318 1307 358 pl.
1333 329 1399 350 non
1424 318 1530 359 aliter,

900 369 997 399 quam
1028 370 1085 400 per
1109 359 1259 400 suffragia
1283 361 1438 399 tribuum,
1463 372 1529 394 cre—

899 402 992 432 andis
1016 410 1047 441 3,
1070 401 1121 443 65.
1149 403 1190 433 de
1213 403 1374 434 connubio
1396 404 1529 436 Patrum

900 448 933 475 et
952 445 996 484 pl.
1013 456 1044 482 4,
1063 454 1088 476 1.
1113 445 1153 476 de
1171 445 1326 476 faciendis
1345 447 1531 478 consulibus

899 497 956 518 seu
972 487 1013 517 de
1029 487 1136 526 plebe,
1151 497 1207 518 seu
1222 488 1262 518 de
1283 488 1437 525 Patribus,
1453 489 1529 520 ibid.

899 529 939 560 de
960 529 1163 569 publicandis
1185 530 1276 560 bonis
1298 530 1423 561 Servilii
1444 531 1530 562 Aha-

899 572 950 603 lae
967 581 1016 603 21.
1039 577 1076 602 ut
1096 582 1172 612 ager
1191 582 1230 603 ex
1251 572 1396 603 hostibus
1416 578 1531 613 captus

899 614 1016 645 viritim
1034 615 1196 646 dividatur
1212 615 1262 653 48.
1286 619 1322 646 ut
1341 625 1398 655 pro
1415 615 1530 646 duum-

900 657 974 688 viris
997 657 1093 689 sacris
1118 658 1277 689 faciundis
1303 662 1452 689 creentur
1477 659 1530 690 de-

900 700 1030 731 cemviri
1052 699 1083 738 6,
1102 709 1152 739 37.
1176 701 1216 732 de
1237 701 1380 732 unciario
1400 701 1531 733 foenore

902 751 931 782 7,
952 742 998 774 16.
1022 744 1062 774 de
1082 743 1278 775 Tusculanis
1298 745 1329 781 8,
1346 752 1396 783 37.
1420 747 1456 774 ut
1476 745 1530 775 tri-

899 787 976 817 buni
994 786 1134 817 militum
1154 787 1222 817 seni
1239 786 1312 818 deni
1331 787 1362 817 in
1379 790 1532 826 quattuor

901 829 1041 869 legiones
1065 840 1085 859 a
1111 829 1232 869 populo
1258 834 1406 860 creentur
1426 839 1457 871 9.
1479 839 1529 869 30.

899 873 939 902 de
970 872 1147 902 duumviris
1177 873 1346 903 naxalibus
1375 873 1531 911 creandis,

900 915 977 946 ibid.
1007 915 1046 946 (10
1069 915 1274 955 pontificibus
1294 916 1531 955 auguribusque

902 958 1037 997 plebeiis
1059 958 1236 998 allegendis
1263 968 1310 995 ιο,
1328 958 1357 990 6.
1382 959 1422 989 de
1444 959 1531 989 bello

902 1001 1116 1031 Macedonico
1143 1010 1195 1039 31,
1222 1000 1250 1032 6.
1282 1002 1321 1032 de
1350 1012 1430 1040 pace
1457 1011 1530 1032 cum

902 1043 1138 1074 Macedonibus
1162 1044 1194 1074 111
1215 1044 1380 1084 Capitolio
1403 1045 1443 1075 ad
1464 1044 1530 1084 ple—

901 1086 974 1116 bem
993 1087 1059 1116 lata
1076 1095 1127 1125 33,
1146 1095 1193 1126 25.
1218 1087 1258 1117 de
1278 1087 1364 1117 bello
1379 1087 1532 1118 adversus

902 1128 1098 1159 Antiochum
1120 1128 1172 1168 36,
1192 1139 1216 1160 1.
1241 1134 1319 1169 quot
1340 1140 1442 1160 annos
1463 1129 1531 1160 nati

901 1181 1062 1211 quemque
1093 1172 1313 1211 magistratum
1343 1177 1455 1212 petant
1479 1182 1532 1211 40,

901 1225 951 1252 44.
976 1214 1017 1245 de
1038 1214 1275 1246 Statiellatibus
1295 1215 1464 1255 Liguribus
1479 1224 1532 1253 42,

902 1266 951 1287 21.
975 1257 1016 1287 de
1031 1258 1117 1288 bello
1133 1257 1166 1287 in
1184 1258 1302 1288 Persea
1317 1267 1367 1297 30.
1389 1258 1430 1289 de
1445 1257 1532 1288 bello

901 1299 1040 1330 Rhodiis
1068 1299 1240 1330 indicendo
1272 1311 1324 1340 45,
1356 1310 1405 1332 21.
1443 1310 1530 1341 roga-

900 1341 997 1372 tionis
1031 1352 1159 1373 carmen
1193 1343 1234 1373 de
1267 1343 1404 1374 tribunis
1438 1343 1482 1384 pl.
1511 1353 1532 1374 a.

902 1384 1016 1415 Duilio
1037 1385 1206 1416 recitatum
1230 1394 1259 1424 3,
1276 1384 1326 1423 64.
1351 1386 1532 1426 rogationes

901 1427 1017 1459 Licinii
1042 1428 1208 1468 Sextiique
1230 1428 1431 1459 tribunorum
1454 1428 1530 1460 reci-

900 1470 959 1501 tari
977 1474 1086 1501 vetant
1102 1471 1244 1511 collegae
1260 1470 1290 1508 6,
1307 1480 1358 1511 35.

860 1515 971 1553 Rogus
989 1523 1039 1553 25,
1059 1521 1105 1552 17.
1132 1514 1182 1551 28,
1200 1523 1248 1552 23.

861 1558 968 1589 Roma
984 1556 1114 1587 condita
1134 1566 1154 1586 a.
1173 1556 1317 1587 Romulo
1337 1566 1363 1595 1,
1379 1556 1408 1589 6.
1433 1561 1532 1598 caput

902 1599 986 1630 orbis
1007 1603 1163 1630 terrarum
1183 1609 1252 1630 esse
1272 1599 1401 1631 iubetur
1419 1610 1440 1631 a
1459 1600 1533 1631 Diis

906 1641 952 1673 16.
975 1642 1014 1673 cf.
1031 1646 1063 1673 et
1086 1651 1136 1679 21,
1153 1651 1202 1680 30.
1233 1642 1346 1673 crescit
1369 1653 1409 1673 ex
1433 1642 1533 1674 ruinis

902 1685 1007 1716 Albae
1026 1694 1053 1722 1,
1069 1693 1119 1724 30.
1143 1684 1281 1725 cingitur
1295 1695 1386 1716 muro
1402 1685 1532 1726 lapideo

903 1728 954 1767 38.
978 1727 1204 1767 quadrifariam
1227 1728 1328 1758 divisa
1351 1728 1533 1768 regionibus

903 1771 1103 1810 collibusque
1141 1779 1190 1809 43.
1233 1771 1462 1811 amplificatur,
1499 1775 1532 1802 et

901 1823 1014 1853 aggere
1045 1813 1199 1852 fossisque
1232 1813 1450 1845 circumdatur
1480 1826 1531 1854 44.

903 1856 1067 1887 obsidetur
1078 1867 1098 1886 a
1112 1856 1277 1886 Porsenna
1291 1866 1321 1895 2,
1338 1867 1348 1887 1
1359 1866 1384 1888 1.
1408 1867 1535 1888 summa.

902 1899 1053 1930 frumenti
1071 1899 1180 1938 inopia
1200 1908 1247 1929 12.
1270 1909 1406 1939 magnae
1421 1901 1535 1931 turbae

903 1942 944 1972 ob
959 1952 1013 1972 aes
1027 1942 1169 1973 alienum
1185 1951 1233 1981 23.
1253 1942 1309 1973 sed
1322 1947 1411 1973 metu
1424 1942 1535 1981 hostis,

902 1985 943 2015 ad
968 1985 1079 2016 urbem
1103 1985 1353 2024 oppugnandam
1379 1996 1453 2016 cum
1480 1996 1534 2017 ex-

903 2027 1003 2058 ercitu
1043 2027 1210 2064 venientis,
1247 2028 1445 2068 compositae
1483 2038 1534 2067 24.

902 2070 1017 2101 misera
1042 2072 1144 2102 forma
1168 2070 1308 2101 civitatis
1327 2071 1443 2102 iterum
1464 2081 1533 2102 mu-

903 2117 991 2144 tatur
1033 2124 1119 2144 anno
1159 2113 1384 2145 trecentesimo
1420 2114 1535 2153 altem,

903 2166 999 2195 quam
1018 2156 1149 2187 condita
1167 2161 1213 2186 est
1231 2165 1262 2195 3,
1278 2165 1327 2195 33.
1352 2156 1501 2197 diripitur
1514 2168 1535 2188 a

903 2199 1010 2230 Gallis
1031 2208 1061 2239 5,
1077 2209 1127 2237 4¹·
1152 2203 1184 2230 et
1207 2199 1390 2230 incenditur
1410 2209 1460 2238 42.
1488 2210 1535 2231 re-

902 2246 1063 2273 stauratur
1093 2252 1143 2282 55.
1173 2246 1205 2273 01
1231 2241 1263 2280 6,
1290 2253 1319 2280 4.
1356 2242 1425 2273 eius
1455 2243 1535 2274 situs

903 2284 1086 2325 descriptio,
1109 2291 1140 2316 et
1162 2285 1233 2316 laus
1253 2294 1284 2323 5,
1300 2294 1352 2324 54.
1380 2286 1536 2327 premitur

902 2338 975 2358 aere
998 2328 1105 2359 alieno
1129 2327 1160 2365 6,
1178 2335 1227 2366 27.
1257 2328 1383 2359 Romae
1406 2333 1533 2360 noctur-

903 2381 964 2401 nus
984 2375 1084 2401 terror
1108 2371 1152 2401 ita
1175 2381 1215 2401 ex
1238 2381 1351 2401 somno
1374 2372 1534 2412 trepidam

902 2417 1036 2453 repente
1063 2413 1227 2444 civitatem
1255 2413 1384 2452 excivit,
1410 2419 1445 2445 ut
1472 2415 1534 2447 Ca-

903 2456 1053 2496 pitolium
1076 2461 1175 2496 atque
1197 2467 1266 2494 arx,
1286 2457 1479 2497 moeniaque
1502 2462 1533 2488 et

905 2503 1027 2539 portae,
1044 2500 1141 2540 11101111
1156 2504 1351 2530 armatorum
1370 2501 1487 2531 fuerint
1503 2502 1534 2538 8,

905 2551 955 2582 37.
983 2552 1032 2580 10,
1048 2554 1078 2581 4,
1099 2552 1144 2574 10.
1169 2552 1304 2581 magnus
1318 2546 1428 2580 terror,
1445 2543 1533 2574 nudi-

903 2589 937 2615 ta
963 2585 1056 2616 clade
1085 2595 1213 2616 suorum
1241 2585 1281 2615 ud
1308 2584 1532 2616 'l'rasimenum

905 2637 956 2665 22,
986 2636 1012 2667 7.
1040 2629 1080 2658 011
1108 2628 1233 2658 cladem
1261 2628 1301 2658 ud
1329 2629 1459 2659 Cannas
1482 2637 1532 2667 54.

903 2669 1088 2702 incendium
1107 2681 1163 2711 per
1178 2671 1259 2700 dnus
1274 2675 1384 2702 noctes
1399 2676 1431 2702 et
1447 2671 1531 2702 diem

904 2723 1004 2744 unum
1028 2723 1078 2752 24,
1101 2721 1150 2752 47.
1181 2712 1231 2751 26,
1254 2722 1301 2753 27.
1332 2723 1383 2753 35,
1404 2723 1454 2753 40.
1482 2724 1533 2744 su-

906 2756 1106 2796 perstitiones
1121 2760 1252 2787 exortae
1268 2765 1317 2795 25,
1334 2766 1357 2787 1.
1375 2757 1534 2788 tumultus

907 2797 957 2837 26,
983 2809 1012 2840 9.
1051 2798 1217 2829 Hannibal
1244 2805 1320 2830 aute
1346 2804 1454 2839 porum
1482 2799 1532 2837 26,

909 2850 954 2873 10.
979 2841 1106 2881 1131111111
1131 2851 1187 2881 per
1209 2841 1294 2871 ticos
1315 2846 1459 2872 ιιι-11111110
1480 2851 1533 2880 3²,

905 2883 954 2916 26.
991 2884 1137 2915 luxuriae
1164 2883 1348 2924 peregrinae
1370 2884 1457 2925 origo
1480 2893 1533 2926 39,

903 2925 934 2959 6.
974 2926 1126 2967 pestilens
1159 2930 1257 2965 atque
1290 2926 1413 2957 aridum
1448 2927 1532 2958 circa
