1888 3194
536 219 662 262 LIB.
696 219 840 261 XLII.
889 219 1033 262 CAP.
1067 225 1133 263 34.
1462 225 1513 266 67

128 313 248 362 dixit,
273 311 342 368 Sp.
362 310 607 367 Ligustinus
627 324 681 351 ex
702 324 753 351 eo
773 324 962 359 numer0,
985 310 1058 366 qui
1080 309 1268 351 tribunos
1288 310 1419 366 plebis
1439 327 1511 368 ap—
1529 323 1569 355 U.
1586 324 1624 356 c.
1646 325 1717 365 58¹·

126 370 393 428 pellaverant,
411 383 435 409 a
454 367 624 409 consule
645 376 687 408 et
707 367 759 408 ab
780 367 958 408 tribunis
977 367 1112 424 petiit,
1131 377 1177 409 ut
1196 367 1274 409 sibi
1295 368 1437 424 paucis
1457 369 1508 410 ad
1522 367 1562 398 A.
1585 367 1623 399 C.
1649 376 1717 407 ¹7¹·

124 426 324 485 populum
340 441 461 482 agere
475 425 629 467 liceret.
681 424 893 466 Permissu
909 425 1096 466 omnium
1110 425 1169 466 ita
1183 424 1345 466 locutus
1357 425 1504 467 fertur:
1521 435 1575 475 Sp.
1590 435 1684 476 Ligu-

126 490 140 509 ‘
156 484 226 542 Sp.
246 483 491 541 Ligustinus
519 482 650 524 tribus
673 482 970 524 Crustuminae
993 498 1045 524 ex
1070 482 1232 524 Sabinis
1253 498 1344 524 sum
1367 483 1506 524 oriun-

125 542 242 593 ‘dus,
276 541 475 590 Quirites.
537 540 663 581 Pater
689 539 794 580 mihi
820 539 1011 596 iugerum
1038 540 1125 597 agri
1152 540 1321 596 reliquit
1348 549 1390 581 et
1414 556 1507 597 par-

125 605 138 624 ‘
152 615 250 642 vum
273 599 498 656 tugurium,
521 598 565 639 in
586 613 670 654 quo
691 606 812 639 natus
840 597 1124 654 educatusque
1148 612 1262 639 sum:
1296 597 1505 654 hodieque

93 658 210 700 7‘ibi
237 657 391 699 habito.
457 650 603 704 Quum
629 655 810 712 primum
840 655 883 696 in
911 664 1089 697 aetatem
1116 655 1225 705 veni,
1254 665 1373 712 pater
1403 656 1506 698 mihi

123 720 325 758 ‘uxorem
347 714 482 756 fratris
509 713 574 755 sui
601 713 728 754 filiam
750 712 888 754 dedit:
923 728 1030 769 quae
1059 728 1199 755 secum
1221 713 1326 754 nihil
1352 713 1503 764 attulit,

121 778 136 798 '‘
150 782 315 830 praeter
330 772 563 814 libertatem
578 770 923 828 pudicitiamque,
941 780 983 813 et
998 785 1093 812 cum
1110 771 1174 812 his
1189 771 1503 822 fecunditatem,

123 836 306 888 ‘quanta
324 829 390 872 vel
411 830 455 871 in
483 829 560 871 diti
581 829 706 871 domo
733 829 829 870 satis
849 838 967 870 esset.
1031 828 1115 870 Sex
1141 828 1217 870 filii
1241 829 1373 879 nobis,
1396 829 1503 872 duae

123 889 258 931 ‘filiae
288 896 412 930 sunt:
455 896 655 944 utraeque
686 886 768 928 iam
799 895 966 943 nuptae.
1028 886 1125 928 Filii
1156 895 1353 944 quattuor
1388 896 1504 944 togas

89 955 109 986 8
123 946 285 989 ‘viriles
304 946 473 996 habent,
491 945 576 986 duo
596 945 845 1001 praetextati
867 953 974 986 sunt.
1037 944 1164 986 Miles
1179 959 1271 986 sum
1289 945 1436 996 factus,
1453 945 1501 987 P.

122 1010 136 1029 ‘
152 1003 351 1061 Sulpicio,
383 1003 433 1045 C.
454 1002 630 1044 Aurelio
661 1001 910 1043 consulibus.
972 1001 1024 1044 In
1052 1017 1102 1044 eo
1129 1002 1328 1053 exercitu,
1358 1003 1431 1059 qui
1459 1003 1503 1044 in

121 1061 445 1104 ‘Macedoniam
474 1068 537 1102 est
561 1068 873 1116 transportatUS,
901 1059 1118 1102 biennium
1147 1059 1265 1101 miles
1291 1061 1504 1117 gregarius

120 1125 133 1144 ‘
146 1119 207 1161 fui
227 1119 422 1161 adversus
448 1117 693 1174 Philippum
713 1132 877 1172 regem:
911 1117 1034 1158 tertio
1061 1132 1171 1159 anno
1198 1118 1361 1159 virtutis
1381 1133 1503 1160 causa

87 1176 253 1221 9‘mihi
280 1176 331 1218 T.
354 1175 580 1225 Quinctius
608 1174 867 1216 Flamininus
897 1174 1120 1216 decumum
1149 1174 1339 1216 ordinem
1367 1175 1503 1218 hasta-

120 1240 133 1260 ‘
145 1244 234 1277 tum
250 1233 483 1291 assignavit.
536 1232 717 1274 Devicto
733 1231 932 1289 Philippo
949 1231 1353 1289 Macedonibusque,
1371 1248 1502 1289 quum

119 1298 132 1318 ‘
144 1293 188 1334 in
209 1291 372 1334 Italiam
394 1290 592 1348 reportati
613 1305 660 1332 ac
681 1290 840 1331 dimissi
860 1305 1055 1340 essemus,
1073 1290 1272 1332 continuo
1293 1290 1412 1333 miles
1432 1307 1504 1333 vo-

119 1350 348 1393 ‘luntarius
374 1364 469 1392 cum
498 1348 560 1390 M.
579 1348 730 1390 Porcio
750 1347 919 1390 consule
948 1348 993 1388 in
1022 1347 1269 1405 Hispaniam
1298 1364 1388 1390 sum
1409 1364 1504 1406 pro-

120 1414 133 1434 ‘
146 1408 289 1451 fectus.
352 1407 582 1449 Neminem
599 1406 787 1448 omnium
807 1405 1118 1463 imperatorum,
1135 1407 1204 1463 qui
1228 1406 1382 1457 vivant,
1400 1407 1503 1449 acri-

119 1471 132 1491 ‘
147 1481 262 1509 orem
281 1465 489 1507 virtutis-s
521 1473 745 1506 ectatorem
766 1479 813 1506 ac
841 1463 1023 1505 iudicem
1044 1464 1169 1506 fuisse
1194 1464 1344 1515 sciunt,
1367 1465 1441 1522 qui
1461 1474 1504 1507 et

120 1523 266 1566 ‘illum
286 1532 330 1566 et
357 1523 458 1565 alios
482 1480 610 1564 Xuces
637 1521 762 1579 longa
789 1521 937 1563 militia
963 1523 1126 1579 experti
1153 1532 1261 1564 sunt.
1325 1522 1409 1565 Hic
1437 1539 1503 1565 me

92 1595 104 1617 ¹
122 1582 371 1639 ‘imperator
390 1581 564 1637 dignum
590 1579 802 1630 iudicavit,
824 1579 893 1621 cui
919 1580 1100 1636 primum
1122 1580 1331 1622 hastatum
1358 1581 1505 1638 prioris

122 1638 362 1681 ‘centuriae
402 1638 638 1694 assignaret.
712 1637 859 1679 Tertio
898 1637 1048 1679 iterum
1090 1637 1347 1680 voluntarius
1386 1639 1505 1681 miles

123 1696 283 1738 ‘factus
316 1711 408 1737 sum
439 1695 482 1736 in
518 1710 615 1736 eum
651 1695 895 1744 exercitum,
927 1695 1001 1751 qui
1031 1695 1226 1737 adversus
1258 1696 1432 1739 Aetolos
1463 1706 1506 1738 et

91 1765 109 1786 ²
123 1760 135 1779 ‘
152 1753 412 1796 Antiochum
441 1767 582 1809 regem
603 1762 665 1794 est
686 1752 842 1793 missus.
906 1752 947 1792 A
970 1752 1043 1794 Μ’.
1064 1753 1202 1794 Acilio
1224 1753 1326 1794 mihi
1347 1755 1505 1811 primus

123 1812 340 1869 ‘princeps
370 1810 516 1867 prioris
545 1810 758 1852 centuriae
793 1818 854 1851 est
884 1809 1124 1866 assignatus.
1189 1810 1253 1851 Ex
1287 1811 1376 1853 ulso
1407 1827 1504 1869 rege

90 1879 108 1909 3
123 1875 135 1894 ‘
152 1868 379 1918 Antiocho,
401 1867 581 1909 subactis
603 1867 779 1916 Aetolis,
798 1868 994 1924 reportati
1015 1883 1158 1910 sumus
1179 1868 1222 1909 in
1268 1869 1430 1911 taliam:
1464 1879 1506 1911 et

89 1933 135 1966 4‘
146 1926 345 1983 deinceps
386 1926 461 1975 bis,
498 1940 605 1982 quae
641 1939 781 1966 annua
813 1925 1029 1966 merebant
1064 1925 1261 1981 legiones,
1298 1927 1507 1984 stipendia

165 2059 182 2092 7
204 2051 311 2089 Quum
331 2052 473 2090 primum
491 2051 526 2080 in
547 2054 681 2081 aetatem
697 2050 787 2087 veui]

121 2094 174 2126 De
189 2103 227 2125 eo
242 2093 360 2125 dicitur
374 2093 428 2133 qui
444 2092 585 2123 adolevit
604 2092 791 2131 iuvenisque

119 2143 187 2169 est:
220 2137 306 2177 quod
332 2135 548 2167 adolescentia
578 2140 610 2166 et
641 2136 792 2175 pubertas

116 2181 225 2221 prima
255 2184 344 2211 aetas
376 2179 521 2209 videatur
551 2188 630 2213 esse,
660 2177 791 2217 perinde

119 2223 209 2263 quasi
239 2222 271 2253 in
301 2221 462 2253 aetatibus
492 2220 628 2261 pueritia
658 2231 720 2251 non
752 2221 792 2251 sit

878 2059 896 2089 3
920 2051 1104 2090 Reportati]
1130 2050 1179 2080 Ita
1198 2050 1367 2082 Bckkerus
1381 2062 1508 2092 quoque

836 2092 988 2132 reposuit,
1013 2093 1228 2124 coniecturam
1258 2094 1414 2125 Perizonii
1441 2106 1507 2126 am—

837 2135 962 2175 plexus,
979 2145 1036 2175 pro
1054 2137 1137 2176 vulg.
1149 2138 1281 2177 portati.

878 2189 897 2216 4
921 2180 1012 2216 Quae
1034 2190 1147 2209 annun
1168 2180 1329 2211 merebant
1352 2182 1505 2221 Ieyiones]

838 2220 937 2252 Hunc
958 2222 1062 2252 locum
1083 2222 1206 2253 Duker.
1222 2222 1360 2254 Crevier.
1377 2229 1409 2254 et
1428 2225 1507 2255 Dra-

1520 478 1592 509 stini
1610 479 1710 510 oratio

1519 521 1559 550 ad
1576 531 1676 561 popu-

1519 562 1596 594 lum.

120 2265 278 2297 habenda.
318 2265 406 2295 llinc
422 2265 462 2295 ab
478 2266 610 2295 ineunte
625 2268 730 2295 aetate
745 2267 793 2294 eit

119 2319 140 2340 a
156 2307 311 2349 principio
327 2307 572 2338 adolescentiae.
594 2306 786 2337 Tritsrzm's.

164 2352 183 2382 8
199 2352 274 2382 Duo
283 2350 496 2391 praeteream
512 2359 554 2380 sc.
564 2349 680 2380 Adhuc
691 2349 792 2389 pueri,

120 2394 203 2425 infra
217 2393 388 2424 militarem
405 2397 555 2423 aetatem.

163 2446 184 2478 9
204 2437 292 2467 Mihi
310 2459 317 2467 .
334 2459 342 2467 .
360 2459 367 2466 .
384 2437 548 2466 demmmm
564 2435 704 2466 ordinem
721 2435 792 2465 lma·-

121 2484 222 2510 tatum
238 2479 432 2518 usaiynavit]
461 2479 517 2508 Me
534 2477 622 2508 iussit
638 2488 705 2507 esse
721 2488 792 2508 cen-

121 2521 279 2553 turionem
304 2521 419 2552 decimi
440 2521 559 2551 ordinis
581 2520 792 2551 hastatorum.

121 2565 228 2597 Cssav.

169 2617 180 2638 1
201 2608 349 2638 Primum
364 2607 543 2644 hastatum]
563 2605 791 2637 Centurionem

122 2650 236 2691 prioris
265 2649 427 2681 centuriae
459 2649 490 2679 in
523 2649 625 2688 primo
655 2648 794 2679 hastato-

123 2703 193 2724 rum
210 2692 387 2733 manipula.

177 2745 194 2766 ἰ
225 2737 312 2766 Mihi
342 2736 467 2774 primus
495 2736 649 2776 prinrepn
677 2736 795 2774 prioris

123 2780 289 2811 centuriae
303 2783 349 2809 est
364 2777 564 2818 asniymuux]
593 2777 710 2807 Faetus
726 2788 793 2807 num

124 2821 269 2852 centurio
301 2820 412 2861 prioris
438 2820 600 2851 centuriae
631 2820 660 2850 in
695 2820 797 2860 primo

126 2863 292 2904 manipulo
317 2863 507 2903 principum.
556 2863 606 2893 De
631 2863 679 2893 his
695 2863 796 2902 grndi-

126 2905 186 2936 bun
201 2906 370 2937 Romanae
387 2905 520 2936 militine
539 2906 608 2936 vide
625 2906 723 2936 fusius
739 2906 797 2936 dis-

127 2952 283 2979 serentem
328 2948 473 2988 Lipsium
513 2949 552 2978 de
591 2949 663 2980 Mil.
702 2949 798 2979 Rom.

130 2989 160 3020 ii.
177 2990 206 3020 8.
227 2991 333 3021 Cnav.

837 2264 1010 2295 kenborch.
1042 2265 1251 2296 insanabilem
1283 2277 1350 2297 esse
1383 2272 1507 2307 putant.

839 2307 999 2346 Equidem
1030 2308 1188 2338 medicam
1224 2319 1354 2340 manum
1387 2311 1508 2341 vulneri

838 2350 1040 2380 conclamato
1069 2351 1220 2381 adhihere
1253 2351 1303 2382 vix
1336 2363 1431 2383 ausus
1461 2354 1507 2384 fu-

837 2393 928 2430 erim,
944 2394 998 2423 sed
1019 2393 1247 2429 coniecturum,
1263 2405 1345 2434 quae
1366 2395 1397 2426 in
1422 2407 1508 2427 men-

838 2440 902 2466 tem
941 2436 1037 2473 venit,
1069 2447 1148 2477 pace
1185 2437 1311 2468 lectoris
1341 2439 1508 2478 proferam.

839 2480 951 2514 Quum
973 2479 1020 2510 M.
1039 2480 1161 2510 Acilius
1183 2491 1257 2511 nnn.
1275 2480 1333 2519 562
1356 2482 1396 2513 U.
1414 2483 1452 2514 C.
1469 2484 1509 2513 dc

840 2521 1373 2563 Antiochotriumphaverit,neque
1381 2525 1424 2561 Q.
1436 2526 1508 2556 Fu}-

841 2564 908 2594 vius
924 2565 1060 2595 Flaccus
1074 2570 1149 2596 ante
1165 2576 1240 2596 nnn.
1258 2575 1319 2606 570
1335 2567 1376 2599 U.
1390 2569 1427 2599 C.
1446 2569 1509 2599 bel-

840 2607 906 2637 lum
930 2607 960 2638 in
981 2608 1141 2648 Hispania
1156 2609 1296 2647 gesserit,
1314 2611 1361 2640 vel
1379 2612 1411 2640 in
1431 2614 1509 2642 Asin

839 2650 900 2681 Cn.
919 2651 1044 2681 Manlio
1071 2652 1153 2681 duce
1177 2657 1287 2682 eontra
1312 2653 1436 2688 Gallos,
1461 2655 1508 2684 vel

839 2694 873 2723 in
893 2694 991 2723 ltalia
1016 2700 1128 2724 contra
1153 2694 1284 2731 Ligures
1307 2696 1353 2727 M.
1373 2697 1511 2727 Aemili«,

841 2736 934 2772 duce,
952 2736 1135 2774 Ligustinus
1150 2737 1309 2777 stipendia
1330 2739 1433 2769 sincere
1459 2751 1509 2779 pn-

841 2778 962 2810 tuimet.
999 2779 1155 2818 Equidem
1172 2782 1204 2810 in
1220 2783 1299 2812 Asia
1317 2792 1373 2821 pro
1388 2794 1512 2816 αηηυιι,

841 2832 924 2861 quae
942 2832 1000 2852 vox
1026 2822 1111 2853 hund
1132 2823 1228 2854 dubie
1251 2824 1380 2855 otiosior
1395 2831 1454 2859 est,
1472 2826 1511 2854 le-

845 2864 919 2894 viori
937 2865 1114 2896 mutatione
1136 2868 1353 2906 reponendum
1372 2867 1512 2897 coniece-

844 2907 915 2942 rim,
928 2907 985 2937 nisi
1003 2908 1096 2938 mulis
1112 2910 1143 2939 ιἰι
1160 2910 1268 2945 ludia,
1281 2911 1364 2948 quml
1385 2911 1513 2939 stiria-¹:⁴2·

846 2950 960 2980 melium
976 2951 1080 2981 suerit.

1216 3049 1237 3074 F
1260 3040 1284 3075 2
