1888 3194
344 168 422 207 162
844 166 990 208 TITI
1034 166 1213 208 LIVII

135 267 180 298 U.
197 267 235 298 C
258 268 330 307 584.
343 256 518 298 ‘ordine
554 258 670 298 statis
705 257 961 313 temporibus
1001 258 1085 307 fiat,
1123 266 1165 298 et
1200 257 1294 298 seiri
1329 266 1425 298 ante
1462 266 1505 297 et
1544 254 1730 311 praedici

132 310 173 341 A.
198 310 236 342 C.
261 309 331 343 ¹⁶8·
344 318 502 370 ‘posse.
564 313 714 370 Itaque
745 314 1115 379 quemadmodum,
1138 315 1237 370 quia
1261 314 1363 355 certi
1393 313 1489 354 solis
1519 312 1728 367 lunaeque

345 376 415 412 ‘et
435 380 549 412 ortus
570 380 612 412 et
634 386 803 412 occasus
823 372 918 420 sint,
941 387 1054 412 nunc
1085 371 1211 427 pleno
1233 372 1345 420 orbe,
1367 386 1481 411 nunc
1509 384 1731 410 senescen-

345 434 457 469 ‘tem
486 428 639 484 exiguo
660 443 791 469 0011111
814 428 973 484 fulgere
1001 428 1144 469 lunam
1172 444 1256 469 non
1289 428 1562 476 mirarentur,
1596 426 1656 467 ita
1675 440 1730 466 ne

345 486 582 526 ‘'obscuraii
608 485 793 540 quidem,
822 501 954 540 quum
985 485 1189 526 condatur
1213 485 1360 526 umbra
1389 494 1536 532 terrae,
1566 483 1729 524 trahere

345 542 417 582 ‘in
437 542 676 598 prodigium
697 542 862 583 debere.
868 543 877 559 ’
937 541 1090 591 Nocte,
1123 556 1249 596 quam
1279 541 1414 597 pridie
1445 540 1592 581 Nonas
1627 539 1763 595 Sep-7

343 600 523 640 tembres
553 600 741 640 insecuta
772 608 834 639 est
861 599 962 647 dies,
997 599 1110 639 edita
1137 599 1240 639 hora
1266 598 1367 638 luna
1396 613 1526 653 quum
1556 596 1732 638 defecis-

344 665 419 705 set,
444 656 647 696 Romanis
668 655 869 696 militibus
893 654 1006 695 Galli
1027 655 1231 710 sapientia
1254 669 1384 710 prope
1406 654 1550 695 divina
1569 653 1727 695 videri:

345 713 616 761 Macedonas,
639 720 686 752 ut
706 712 821 752 triste
845 711 1097 767 prodigium,
1121 726 1313 751 occasum
1334 711 1452 766 regni
1481 711 1731 765 perniciem-

344 785 426 825 que
458 770 595 825 gentis
625 767 892 832 portendens,
926 768 1078 808 movit:
1118 782 1196 808 nec
1224 767 1344 807 aliter
1369 775 1495 808 vates.
1561 766 1733 812 Clamor

344 825 642 880 ululatusque
632 840 676 865 1n
697 825 839 865 castris
860 824 1148 865 Macedonum
1168 824 1260 873 suit,
1278 824 1413 865 donec
1432 823 1564 865 luna
1554 838 1599 863 111
1614 838 1732 864 suam

343 883 479 923 lucem
502 882 681 923 emersit.

399 939 572 980 Postero
604 938 672 979 die
704 939 865 995 (tantus
891 939 1059 995 utrique
1088 939 1210 980 ardor
1237 939 1441 980 exercitui
1471 938 1525 980 ad
1556 953 1733 980 concur-

342 996 522 1037 rendum
548 996 697 1045 fuelat,
720 1005 768 1037 ut
794 1005 836 1037 et
866 1011 1008 1052 regem
1039 1005 1082 1037 et
1112 996 1325 1037 consulem
1350 1011 1520 1037 suorum
1545 995 1730 1052 quidam,

342 1053 458 1109 quod
479 1053 566 1094 sine
588 1053 747 1109 proelio
769 1053 994 1094 discessum
1015 1063 1134 1103 esset,
1153 1054 1415 1108 accusarent)
1435 1053 1524 1116 regi
1539 1061 1733 1109 prompta

342 1111 528 1152 defensio
565 1119 665 1159 erat,
702 1126 788 1151 non
824 1125 873 1151 eo
914 1110 1061 1160 solum,
1098 1110 1212 1166 quod
1251 1111 1382 1151 hostis
1420 1125 1546 1166 prlor,
1587 1119 1730 1166 aperte

341 1183 527 1224 pugnam
549 1168 831 1216 detrectans,
821 1183 866 1208 111
891 1177 1023 1208 castra
1043 1168 1182 1223 copias
1203 1167 1463 1216 reduxisset3
1495 1167 1569 1208 sed
1589 1167 1730 1216 etiam,

343 1225 458 1280 quod
471 1240 521 1265 eo
538 1224 629 1265 loco
646 1225 764 1289 signa
779 1225 1073 1274 constituisset,
1088 1240 1172 1280 quo
1185 1224 1381 1280 phalanx,
1397 1239 1523 1280 quam
1537 1223 1731 1265 inutilem

341 1282 408 1323 vel
429 1282 648 1322 mediocris
670 1282 868 1337 iniquitas
889 1281 970 1322 loci
991 1281 1184 1331 efficeret,
1207 1282 1441 1346 promoveri
1466 1296 1554 1322 non
1577 1289 1728 1337 posset.

345 1338 507 1391 Consul
537 1339 591 1379 ad
622 1338 677 1388 id,
701 1339 816 1394 quod
845 1339 979 1394 pridie
1010 1339 1332 1394 praetermisisse.
1364 1338 1581 1395 pugnandi
1612 1351 1762 1382 occa-8

339 1393 501 1436 sionem
533 1396 764 1445 videbatur,
796 1404 839 1436 et
871 1395 1009 1436 locum
1043 1396 1206 1436 dedisse
1239 1395 1362 1445 hosti,
1397 1411 1431 1436 Sl
1461 1404 1586 1437 nocte
1616 1395 1729 1436 abire

340 1453 478 1503 vellet,
513 1461 613 1494 tunc
647 1468 815 1509 quoque
848 1468 923 1508 per
955 1453 1137 1508 speciem
1168 1452 1414 1494 immolandi
1446 1461 1580 1493 terere
1613 1452 1731 1494 vide-

340 1511 462 1551 batur
482 1519 660 1566 tempus,
678 1525 810 1565 quum
831 1510 923 1551 luce
945 1510 1079 1565 prima
1099 1510 1266 1565 signum
1286 1510 1547 1565 propositum
1561 1524 1729 1566 pugnae

341 1567 392 1607 ad
425 1567 667 1608 exeundum
698 1568 743 1607 in
774 1567 904 1608 aciem
935 1567 1090 1608 fuisset.
1155 1566 1300 1608 Tertia
1327 1566 1500 1607 demum
1529 1566 1644 1616 hora,
1666 1582 1730 1608 sa-

340 1624 497 1665 crificio
530 1624 606 1665 rite
640 1634 891 1679 perpetrato,
926 1624 979 1664 ad
1014 1623 1236 1664 consilium
1267 1624 1458 1673 vocavit3
1496 1633 1622 1679 atque
1655 1623 1728 1674 ibi,

340 1681 455 1736 quod
483 1681 543 1721 rei
567 1681 776 1736 gerendae
803 1690 968 1736 tempus
995 1690 1115 1730 esset,
1137 1680 1351 1736 loquendo
1372 1689 1415 1722 et
1434 1681 1729 1737 intempestive

340 1738 614 1779 consultando
654 1738 875 1779 videbatur
914 1738 1165 1793 quibusdam
1210 1738 1441 1779 extrahere.
1503 1738 1606 1779 Post
1644 1753 1730 1779 ser-

193 1798 259 1835 38.
340 1810 485 1836 mones
514 1805 655 1836 tamen
680 1795 825 1836 consul
846 1796 1076 1836 orationem
1103 1795 1260 1835 habuit.
1325 1802 1336 1819 ‘
1352 1795 1400 1837 P.
1422 1795 1588 1845 Nasica,
1610 1810 1730 1851 egre-

129 1853 262 1900 Aeu3i1ii
342 1853 460 1907 ‘gius
491 1852 743 1901 adolescens,
781 1868 833 1893 ex
870 1853 1064 1893 omnibus
1094 1866 1230 1904 unUS,
1251 1852 1404 1907 quibus
1433 1852 1629 1893 hesterno
1659 1852 1727 1893 die

129 1896 298 1976 Ὗῗὲζζᾞῗ
342 1909 546 1965 ‘pugnari
578 1908 747 1964 placuit,
781 1909 1012 1949 denudavit
1043 1909 1147 1948 mihi
1179 1923 1300 1948 suum
1334 1909 1580 1950 consilium:
1613 1909 1728 1950 idem

128 1959 203 2009 iaia.
342 1972 523 2021 ‘postea,
545 1966 605 2005 ita
625 1975 671 2005 ut
692 1966 883 2006 transisse
912 1966 955 2005 in
984 1965 1236 2005 sententiam
1263 1980 1400 2006 meam
1420 1966 1553 2006 videri
1572 1975 1725 2022 posset,

341 2023 508 2063 ‘tacuit.
575 2021 839 2069 Quibusdam
867 2021 956 2062 aliis
984 2022 1199 2063 absentem
1227 2036 1395 2077 carpere
1417 2022 1726 2078 imperatorem,

340 2086 351 2103 ‘
368 2094 491 2134 quam
521 2088 782 2143 praesentem
811 2093 995 2128 monere,
1018 2078 1166 2119 melius
1187 2078 1320 2119 visum
1342 2088 1415 2120 est.
1479 2079 1536 2120 Et
1563 2080 1652 2129 tibi,
1675 2080 1723 2122 P.

340 2143 350 2160 ‘
369 2136 535 2184 Nasica,
558 2145 601 2176 et
621 2136 863 2191 quicunque
891 2135 1017 2184 idem,
1041 2135 1155 2190 quod
1183 2145 1241 2184 tu,
1265 2136 1468 2176 occultius
1491 2146 1724 2186 senserunt,

340 2200 452 2234 ‘non
492 2193 694 2248 gravabor
729 2193 903 2233 reddere
939 2192 1090 2233 dilatae
1126 2207 1291 2248 pugnae
1332 2193 1548 2235 rationem.
1611 2193 1727 2235 Nam

340 2257 531 2291 ‘tantum
562 2250 690 2299 abest,
712 2259 759 2290 ut
790 2265 856 2290 me
884 2249 1103 2290 hesternae
1132 2249 1285 2304 quietis
1315 2250 1540 2305 poeniteat,
1563 2260 1610 2292 ut
1639 2266 1726 2292 ser-

339 2315 507 2348 ‘vatum
539 2322 564 2347 a
593 2322 659 2347 me
688 2307 919 2349 exercitum
948 2321 998 2347 eo
1029 2306 1202 2347 consilio
1230 2307 1409 2347 cr.edam
1472 2307 1525 2348 In
1545 2322 1629 2363 qua
1656 2323 1723 2350 me

338 2371 348 2388 ‘
365 2364 562 2419 opinione
584 2378 671 2404 esse
693 2379 747 2404 ne
764 2364 858 2419 quis
873 2372 1055 2404 vestrum
1077 2363 1166 2403 sine
1188 2378 1312 2404 eausa
1331 2364 1486 2414 credat,
1503 2379 1725 2421 recognos-

338 2428 347 2445 ‘
365 2430 442 2467 cat,
477 2420 670 2476 agedum,
704 2435 882 2470 mecum,
912 2420 946 2461 si
974 2419 1151 2470 videtur,
1181 2435 1307 2475 quam
1338 2420 1469 2462 multa
1499 2436 1575 2477 pro
1605 2422 1723 2463 hoste

380 2567 395 2599 7
418 2561 534 2590 Pridie
548 2561 662 2590 Nonas
677 2561 890 2599 Septembres]
917 2559 1006 2590 Hinc
1052 2560 1144 2599 Cycl.
1161 2570 1192 2591 x.
1209 2560 1236 2597 ἕ.
1255 2561 1302 2591 18.
1342 2561 1387 2591 At
1402 2570 1502 2600 quum
1517 2562 1635 2592 Mense
1645 2562 1723 2600 Sep-

336 2603 448 2633 Lunae
473 2602 647 2638 defectum,
672 2612 711 2631 ex
739 2603 1005 2632 Astronomorum
1051 2603 1162 2632 temhri
1201 2603 1321 2633 Persen
1357 2603 1399 2632 ab
1431 2602 1571 2633 Aemilio
1605 2602 1723 2633 Paullo

335 2644 522 2680 rationibus,
552 2643 704 2673 accidisse
734 2644 786 2673 die
814 2653 890 2673 xm.
918 2644 1006 2674 Iunii
1054 2644 1172 2674 vietum
1200 2654 1268 2674 esse
1292 2644 1453 2683 scripserit
1478 2644 1656 2684 Eutropius
1680 2645 1722 2676 iv.

336 2687 457 2717 Iuliani
482 2685 663 2725 proleptici‚
688 2695 826 2723 eumque
852 2685 936 2715 diem
960 2695 1005 2715 se·
1054 2692 1081 2723 7.
1107 2686 1258 2715 mendam
1286 2685 1381 2723 hanc,
1407 2686 1433 2715 si
1460 2696 1535 2716 vera
1563 2687 1605 2716 sit
1632 2686 1722 2716 Dod-

335 2729 476 2759 cundum
497 2728 632 2758 formam
654 2727 730 2757 anni
751 2726 866 2756 1010118
886 2737 950 2756 11011
973 2727 1005 2756 in
1051 2727 1134 2756 welli
1169 2727 1363 2764 coniectura,
1392 2728 1568 2757 admodum
1601 2727 1721 2758 invete-

330 2772 438 2811 pridie
474 2772 588 2800 Nonas
626 2770 835 2808 Septembres,
872 2769 927 2798 sed
970 2768 1003 2798 in
1049 2773 1152 2798 ratam
1176 2772 1208 2798 et
1231 2769 1301 2808 ipso
1324 2768 1483 2808 Eutropio
1504 2769 1721 2809 antiquiorem

330 2814 438 2853 pridie
461 2814 575 2842 Nonas
604 2812 739 2842 Sextiles
770 2810 918 2840 incidisse
949 2810 1003 2840 do-
1049 2820 1116 2840 esse
1132 2814 1241 2840 monet
1258 2810 1552 2842 Drakenborchius.

335 2860 385 2885 cet
435 2853 625 2885 Dodwellus
673 2853 706 2883 in
758 2853 909 2892 Append.
963 2853 1004 2882 ad
1092 2852 1110 2881 8
1134 2853 1188 2882 Ad
1203 2853 1245 2889 zd
1261 2853 1359 2892 quod]
1381 2853 1610 2892 Praeterquam
1624 2855 1720 2894 quod.

335 2898 493 2928 Praelect.
515 2896 630 2928 Camd.
656 2906 686 2935 p.
712 2903 781 2933 752.
805 2899 835 2925 et
857 2895 942 2925 Diss.
965 2895 1005 2924 de
1049 2895 1088 2925 cf.
1106 2904 1191 2932 supr.
1208 2894 1249 2925 iii.
1268 2893 1317 2925 62.
1342 2904 1439 2926 xxxv.
1462 2905 1507 2932 ¹4-
