1888 3194
601 215 1034 260 KREYSSIGII.
1432 227 1517 266 485

116 323 313 374 ferebam,
334 321 536 364 maiorem
561 321 674 363 illam
697 322 810 366 Livii
837 323 1072 365 editionem
1097 331 1194 366 ante
1222 325 1299 367 hos
1327 327 1517 385 quinque

116 405 248 433 annos
275 405 299 432 a
330 404 398 432 me
429 389 682 440 inchoatam,
705 390 890 432 necdum
923 391 1168 442 absolutam,
1192 408 1277 448 qua
1304 394 1518 437 Tafelium

114 473 309 515 perverse
337 458 513 500 abusum
541 473 629 499 esse
659 473 784 515 supra
805 458 908 508 dixi,
931 460 1082 515 supina
1109 475 1268 511 eorum,
1291 462 1366 518 qui
1398 471 1520 519 typo-

116 525 326 568 thetarum
376 525 608 582 specimina
651 526 901 582 corrigenda
945 528 1218 584 accepissent,
1260 529 1521 586 negligentia

114 593 334 650 permultis
373 593 509 649 iisque
549 594 803 650 gravissimis
839 610 1060 651 operarum
1095 597 1280 653 peccatis
1316 613 1406 639 esse
1444 599 1519 640 de-

114 661 348 703 formatam.
411 660 533 702 Haec
559 669 606 702 ut
627 661 912 712 emendarem,
934 663 1071 719 prima
1091 664 1265 720 quidem
1291 681 1392 707 cura
1411 666 1516 708 fuit:

115 728 191 770 sed
211 730 345 770 maior
365 728 507 779 altera,
524 737 585 779 ut,
603 744 735 785 quum
757 730 798 770 in
822 745 866 772 re
893 731 1037 773 critica
1061 747 1201 788 neque
1228 742 1349 791 turpe
1379 734 1432 776 sit
1455 750 1521 776 er-

115 812 255 840 rorem
268 797 403 848 fateri,
425 813 565 854 neque
581 813 727 839 verum
744 798 885 840 videre
909 800 1056 855 quovis
1078 808 1265 857 tempore
1287 802 1519 858 contingat,

114 865 342 908 lectionem
366 865 578 921 vulgatam
608 865 698 907 aliis
722 865 838 917 locis,
862 881 967 922 quos
995 867 1097 908 olim
1126 876 1282 910 temere
1305 868 1522 911 sollicitas·

115 947 218 983 sem,
249 933 296 974 in
320 933 520 975 orationis
545 942 792 974 contextum
821 934 1098 985 restituerem,
1122 935 1211 977 aliis
1237 945 1391 987 autem,
1414 952 1521 993 quos

115 1000 217 1043 olim
237 1001 416 1042 intactos
432 1000 706 1056 reliquissem,
721 1001 787 1041 vel
804 1001 998 1042 codicum
1021 1003 1268 1045 auctoritate
1291 1004 1434 1054 fretus,
1453 1005 1521 1047 vel

115 1068 380 1110 conjecturae
397 1067 689 1123 probabilitate
709 1067 861 1108 ductus
878 1069 1127 1125 corrigerem
1143 1086 1153 1119 ;
1181 1071 1330 1112 harum
1347 1087 1520 1128 quoque

114 1135 411 1184 mutationum,
434 1143 481 1176 ut
502 1143 736 1175 ceterarum
759 1135 962 1185 omnium,
985 1137 1191 1178 rationem
1212 1138 1453 1180 redditurus
1474 1140 1521 1181 in

115 1203 474 1253 annotationibus,
498 1217 620 1258 quae,
644 1202 916 1258 simulatque
946 1218 1015 1244 eas
1043 1219 1119 1259 per
1146 1206 1280 1246 otium
1308 1206 1521 1248 absolvere

114 1271 294 1321 licuerit,
331 1279 482 1327 quarto
522 1269 720 1311 editionis
761 1270 928 1312 maioris
965 1279 1079 1312 tomo
1116 1273 1404 1315 subiicientur.
1468 1274 1522 1316 In

114 1340 352 1398 praesentia
386 1338 513 1390 enim,
549 1347 596 1379 ut
631 1338 821 1388 lectores,
860 1339 1012 1394 quibus
1050 1339 1094 1380 in
1129 1339 1231 1382 locis
1266 1356 1291 1382 a
1324 1340 1522 1384 Draken-

113 1408 278 1451 borchii
297 1408 542 1449 recensione
560 1407 821 1448 discesserim
830 1412 873 1457 71,
893 1423 978 1449 uno
1000 1408 1044 1448 in
1065 1417 1292 1465 conspectu
1311 1409 1518 1460 viderent,

114 1491 192 1534 pro
207 1476 333 1518 huius
349 1475 547 1517 editionis
563 1475 737 1517 consilio
755 1476 852 1517 satis
868 1475 1010 1526 habui,
1029 1476 1273 1519 varietatem
1290 1477 1523 1520 lectionum

115 1544 313 1588 editionis
342 1543 772 1586 Drakenborchianae
804 1543 1048 1600 adiungere,
1071 1544 1116 1585 in
1141 1560 1238 1601 qua,
1261 1561 1394 1602 quum
1426 1546 1519 1589 Liv.

115 1612 175 1656 Π.
204 1616 268 1655 12.
298 1616 362 1655 ira
384 1615 575 1667 infensus,
605 1621 732 1670 atque
761 1612 831 1654 lib.
863 1611 1010 1654 XLII.
1032 1616 1101 1654 48.
1126 1616 1416 1670 quinquereme,
1445 1629 1523 1671 pro

116 1697 202 1740 quo
223 1682 268 1723 in
289 1681 474 1723 editione
497 1681 658 1723 minore
681 1683 954 1738 quinqueremi
971 1679 1138 1736 legitur,
1160 1696 1247 1722 non
1269 1680 1521 1724 mutandu‘m

116 1765 219 1801 esse,
242 1765 296 1792 ex
327 1749 418 1792 Liv.
450 1749 483 1791 Ι.
514 1753 582 1792 53.
613 1758 655 1791 et
686 1749 755 1791 lib.
790 1748 960 1790 XXVI.
995 1752 1063 1791 51.
1097 1764 1189 1791 sero
1223 1750 1520 1802 intellexerim,

115 1827 236 1860 notas
257 1818 310 1860 ad
332 1818 445 1860 locos
465 1817 556 1860 illos
577 1818 863 1874 pertinentes:
901 1816 1006 1874 Cap.
1034 1821 1098 1859 12.
1129 1821 1194 1859 ira
1223 1818 1426 1876 incensus]
1457 1822 1522 1861 ira

116 1888 308 1942 infensus,
326 1895 476 1942 atque:
506 1885 613 1928 Ibid.
632 1884 924 1942 quinqueremi]
949 1888 1238 1941 quinquereme,
1258 1886 1522 1929 inducendas

115 1969 204 1996 esse
235 1969 401 2004 moneo,
431 1969 484 1995 ne
517 1953 711 1995 malevoli
742 1953 915 2002 iudices,
939 1962 985 1994 ut
1013 1953 1074 2003 fit,
1097 1954 1268 1995 editoris
1299 1954 1523 2011 negligen-

115 2022 218 2065 tiam
266 2030 450 2078 carpant.
528 2021 753 2063 Praeterca
803 2022 972 2077 utrique
1024 2021 1202 2063 editioni
1254 2032 1521 2065 accesserunt

116 2089 433 2147 deperditorum
471 2089 583 2130 Livii
624 2089 825 2130 librorum
866 2088 1112 2145 fragmenta,
1155 2090 1308 2146 quibus
1349 2100 1519 2133 auctore

115 2167 160 2201 et
193 2173 360 2201 suasore
394 2157 633 2199 Niebuhrio
674 2157 908 2198 secundum
946 2157 1241 2213 Epitomarum
1282 2159 1434 2201 scriem
1475 2160 1520 2201 in

115 2226 274 2269 iustum
301 2226 493 2268 ordinem
527 2225 707 2266 redactis
739 2240 826 2266 non
859 2224 994 2266 solum
1027 2225 1174 2267 addidi
1202 2226 1521 2282 pretiosissimas

116 2294 208 2337 illas
227 2294 323 2336 libri
344 2294 605 2350 nonagesimi
622 2294 746 2350 primi
763 2293 973 2349 reliquias,
991 2308 1096 2350 quas
1117 2303 1214 2336 ante
1237 2294 1313 2336 hos
1329 2295 1520 2351 quinque

117 2370 161 2405 et
194 2362 504 2419 quinquaginta
538 2376 670 2403 annos
705 2376 730 2403 a
766 2360 947 2402 Brunsio
978 2375 1025 2402 ac
1055 2360 1277 2403 Iuvenatio
1302 2371 1345 2403 et
1380 2371 1523 2404 nostra

117 2438 252 2473 aetate
286 2446 311 2472 a
344 2429 583 2472 Niebuhrio
619 2444 666 2470 ac
707 2438 863 2471 memet
899 2430 990 2486 ipso
1028 2444 1080 2471 ex
1118 2430 1265 2471 codice
1299 2429 1520 2481 Vaticano,

118 2512 254 2555 eoque
282 2497 564 2555 palimpsesto,
587 2497 720 2538 editas
751 2512 839 2539 esse
868 2497 1081 2548 constat⁷²,
1103 2497 1178 2539 sed
1209 2498 1336 2539 ctiam
1365 2498 1522 2540 inserui

164 2616 199 2648 71
228 2608 268 2640 In
305 2609 463 2639 mutanda
502 2609 667 2639 verborum
711 2609 797 2639 Lati·
890 2617 925 2649 72
952 2609 1005 2640 De
1036 2609 1098 2640 hoc
1128 2610 1308 2649 fragmento
1341 2610 1381 2641 cf.
1414 2614 1523 2641 nostra

120 2660 234 2682 norum
251 2650 422 2690 scripturn,
438 2651 478 2682 de
499 2661 564 2690 qua
580 2651 796 2682 Gmmnmtici
846 2651 1060 2682 Adumbrntio
1088 2653 1222 2682 notitiae
1245 2652 1404 2683 litt-rariac-
1427 2653 1466 2682 de
1483 2652 1522 2683 T.

120 2696 257 2729 certant.
272 2697 306 2724 et
328 2693 434 2724 adhuc
458 2694 516 2723 sub
539 2694 644 2724 iudice
668 2694 706 2725 lis
726 2698 772 2723 est
788 2706 796 2730 ς
846 2694 927 2726 Livii
943 2694 1093 2724 Patavini
1108 2695 1324 2725 ilistoriarum
1342 2695 1410 2726 Lib.
1426 2694 1523 2725 XCI.

121 2744 160 2765 eo
175 2735 366 2775 plerumque
382 2741 512 2766 secutus
523 2746 606 2773 sum,
620 2747 703 2774 quac
717 2736 797 2767 Gro-
844 2737 1038 2775 fragmento,
1058 2737 1182 2767 Romae
1196 2737 1227 2767 in
1245 2736 1443 2767 bibliotheca
1460 2736 1521 2767 Vn.-

121 2776 271 2807 oefendu·
287 2781 319 2807 et
340 2777 556 2808 Schneiderun
577 2778 609 2808 in
627 2778 798 2809 Grammu—
845 2778 952 2810 ficana
976 2784 1112 2818 reperto.
1140 2779 1227 2818 Lipu.
1252 2782 1342 2817 1813.
1366 2784 1395 2808 et
1424 2778 1521 2809 Eleu-

122 2818 249 2848 maticis
274 2818 398 2849 Latinis
424 2824 522 2858 utque
552 2819 797 2850 Lindemannus
842 2821 922 2851 chus
959 2821 1139 2851 editionum
1172 2820 1356 2859 Frngmenti
1396 2819 1520 2850 Liviani

123 2859 154 2890 in
170 2859 372 2890 praefatione
385 2861 505 2891 libelli:
524 2862 651 2892 selectu
664 2873 681 2892 c
695 2862 798 2901 poetis
843 2873 881 2892 ex
908 2862 1019 2893 codice
1039 2863 1199 2893 Vaticano
1216 2863 1309 2898 eruti,
1326 2862 1419 2892 Toni.
1442 2861 1468 2892 1.
1490 2871 1520 2900 p.

124 2901 250 2932 Latinis
262 2902 415 2932 carmina.
433 2902 520 2941 Lipn.
541 2904 628 2942 1823.
645 2914 673 2943 p.
690 2913 717 2944 5.
732 2916 799 2943 sqq.
844 2903 895 2935 66.
913 2915 979 2944 uqq.
998 2905 1147 2935 editionis
1164 2910 1289 2935 nosti-uc
1308 2903 1445 2934 maioris.

124 2943 184 2974 lmc
200 2944 240 2975 de
259 2954 291 2974 rt·
309 2949 550 2984 pmcn-eperunt.
