1888 3194
535 166 663 208 LIB.
696 165 861 207 XLIV.
907 166 1055 209 CAP.
1093 172 1157 210 12.
1465 175 1545 214 135

148 266 403 315 pugnatores
437 257 551 298 urbis
586 256 810 298 avertisset.
875 256 1009 298 Erant
1044 258 1088 298 in
1123 258 1332 314 praesidio
1365 256 1546 303 Cassan·
1561 272 1606 305 U.
1621 272 1661 305 c.
1683 273 1756 314 583.

149 315 289 364 dreae,
329 323 495 371 praeter
533 329 620 355 non
660 314 1015 356 contemnendam
1061 315 1325 357 iuventutem
1370 318 1546 374 oppida·
1559 316 1598 348 A.
1622 316 1661 348 (3-
1687 315 1758 357 ¹⁶9·

116 383 312 421 snorum,
353 371 585 428 octingenti
627 371 848 428 Agrianes,
889 380 933 413 et
971 371 1058 413 duo
1097 372 1229 414 millia
1268 373 1545 416 Penestarum

147 428 401 486 Illyriorum,
438 444 464 470 a
497 428 697 470 Pleurato
731 428 831 470 inde
872 428 1000 479 missi,
1036 428 1281 471 bellicosum
1316 439 1544 488 utrumque

146 500 291 542 genus.
345 485 426 527 His
447 486 662 527 tuentibus
683 500 837 536 muros,
860 501 992 542 quum
1014 486 1152 528 subire
1177 487 1362 529 Romani
1382 503 1546 530 summa

143 543 188 584 vi
207 543 456 592 niterentur,
478 552 695 585 momento
717 543 916 599 temporis
940 543 1121 599 parietes
1140 543 1349 586 fornicum
1370 545 1544 602 perfossi

114 601 294 642 6urbem
333 600 634 657 patefecerunt.
701 600 831 648 Quod
865 600 913 650 si,
949 601 1023 656 qui
1063 601 1358 658 irrumperent,
1395 603 1543 644 armati

144 657 334 707 fuissent,
376 657 591 714 extemplo
631 657 851 714 cepissent.
915 657 1012 699 Hoc
1057 658 1130 700 ubi
1174 659 1408 715 perfectum
1453 675 1543 701 esse

145 729 252 772 opus
290 715 493 757 militibus
532 715 774 756 nuntiatum
815 724 891 765 est,
927 715 1154 757 clamorem
1194 715 1349 758 alacres
1417 717 1544 759 audio

144 781 318 838 repente
336 772 502 822 tollunt,
520 772 612 813 aliis
631 781 748 828 parte
770 773 850 814 alia
871 773 914 813 in
936 773 1083 814 urbem
1104 773 1336 830 irrupturis.
1386 731 1545 816 {Iostes
1626 779 1690 819 12.

144 844 329 886 primum
361 829 581 871 admiratio
611 830 736 886 cepit,
769 830 972 886 quidnam
1003 830 1082 871 sibi
1112 831 1359 887 repentinus
1388 831 1546 874 clamor

145 886 283 929 vellet.
345 887 577 943 Postquam
611 896 754 943 patere
789 888 934 929 urbem
966 902 1164 943 accepere
1195 888 1396 943 praefecti
1425 904 1546 946 prae-

116 944 242 990 7sidii
274 944 416 1002 Pytho
449 953 492 985 et
519 944 755 1001 Philippus,
783 960 859 1001 pro
893 960 956 994 eo,
979 945 1053 1000 qui
1086 955 1328 1001 occupasset
1359 946 1545 1002 aggredi,

146 1016 253 1058 opus
271 1001 428 1042 factum
457 1016 545 1042 esse
573 1001 664 1050 rati,
687 1017 784 1043 cum
806 1001 944 1043 valida
970 1016 1098 1043 manu
1121 1003 1358 1058 Agrianum
1381 1003 1546 1061 Illyrio-

144 1073 326 1115 rumque
351 1067 605 1114 erumpunt:
641 1058 956 1114 Romanosque,
979 1058 1053 1114 qui
1081 1059 1151 1100 alii
1179 1059 1349 1102 aliunde
1376 1061 1546 1103 coibant

145 1116 582 1171 convocabanturque,
605 1124 653 1156 ut
682 1116 802 1172 signa
832 1116 877 1156 in
907 1116 1055 1156 urbem
1086 1115 1301 1166 inferrent,
1327 1118 1546 1174 incompo-

145 1173 246 1215 sitos
266 1181 393 1230 atque
415 1172 674 1214 inordinatos
693 1173 854 1229 fugant,
876 1182 1271 1229 persequunturque
1293 1174 1346 1215 ad
1367 1175 1541 1217 fossam:

145 1230 191 1272 in
221 1244 349 1286 quam
380 1230 618 1286 compulsos
647 1230 770 1271 ruina
799 1229 1028 1271 cumulant.
1094 1229 1293 1272 Sexcenti
1324 1231 1455 1273 ferme
1486 1232 1545 1273 ibi

113 1287 369 1338 8interfecti,
404 1302 635 1343 omnesque
671 1303 815 1344 prope,
850 1287 925 1343 qui
960 1287 1070 1328 inter
1105 1302 1274 1328 murum
1305 1288 1543 1345 fossamque

144 1345 343 1402 deprensi
364 1353 496 1395 erant,
518 1344 803 1386 vulnerantur.
861 1344 926 1386 Ita
947 1359 1023 1385 suo
1044 1344 1132 1401 ipse
1153 1354 1309 1387 conatu
1328 1345 1545 1402 perculsus

145 1410 325 1460 praetor,
347 1402 515 1459 segnior
541 1401 594 1443 ad
619 1402 701 1444 alia
719 1402 853 1444 factus
873 1401 1046 1443 consilia
1066 1411 1180 1444 erat:
1214 1411 1257 1444 et
1283 1418 1337 1444 ne
1361 1402 1545 1444 Eumeni

146 1459 335 1517 quidem,
357 1459 478 1501 simul
502 1475 527 1501 a
547 1460 664 1509 mari,
687 1459 811 1501 simul
836 1475 860 1501 a
884 1468 994 1500 terra
1017 1459 1293 1516 aggredienti,
1315 1460 1545 1516 quicquam

145 1517 244 1559 satis
263 1517 531 1574 procedebat.
593 1517 759 1558 Placuit
781 1517 910 1573 igitur
930 1516 1112 1573 utrique,
1134 1517 1336 1559 custodiis
1355 1517 1544 1568 firmatis,

146 1589 202 1616 ne
227 1575 343 1631 quod
369 1574 626 1630 praesidium
654 1590 708 1616 ex
731 1574 988 1616 Macedonia
1014 1574 1238 1616 intromitti
1265 1583 1417 1631 posset,
1440 1590 1545 1631 quo-

146 1632 260 1674 niam
285 1632 347 1673 vis
377 1640 520 1688 aperta
549 1647 635 1673 non
667 1632 945 1688 processisset,
968 1632 1164 1687 operibus
1189 1632 1358 1673 moenia
1381 1647 1545 1703 oppug-

146 1704 259 1731 nare.
323 1688 443 1731 Haec
473 1689 716 1745 parantibus
746 1689 823 1738 his,
846 1688 994 1730 decem
1025 1689 1128 1744 regii
1159 1688 1301 1738 lembi,
1327 1690 1379 1730 ab
1416 1689 1448 1731 Γ
1450 1689 1545 1731 hes-

146 1747 331 1789 salonica
362 1761 459 1787 eum
492 1746 666 1788 delectis
699 1745 919 1787 Gallorum
951 1745 1223 1786 auxiliaribus
1254 1746 1379 1796 missi,
1412 1761 1544 1802 quum

147 1805 191 1846 in
212 1804 298 1846 salo
327 1813 484 1845 stantes
512 1803 695 1845 hostium
724 1819 852 1844 naves
879 1803 1221 1859 conspexissent3
1255 1803 1347 1859 ipsi,
1370 1803 1546 1845 obscura

146 1871 285 1912 nocte,
321 1861 500 1917 simplici
537 1861 699 1910 ordine,
733 1875 861 1916 quarn
898 1869 1091 1915 poterant
1127 1860 1317 1916 proxime
1354 1860 1453 1901 litus
1484 1869 1545 1902 tc-

146 1928 309 1969 nentes‚
332 1919 542 1959 intrarunt
563 1919 722 1959 urbem.
787 1917 929 1958 IIuius
950 1918 1047 1958 novi
1068 1917 1264 1972 praesidii
1286 1918 1397 1959 fama
1417 1918 1545 1959 absis-

147 1985 235 2018 tere
256 1975 573 2033 oppugnatione
595 1974 720 2016 simul
744 1974 959 2016 Romanos
981 1989 1208 2030 regemque
1230 1975 1378 2030 coegit.
1447 1974 1545 2015 Cir-

147 2034 356 2076 cumvecti
383 2033 729 2090 promontorium,
764 2032 818 2072 ad
847 2031 1048 2073 Toronen
1076 2031 1247 2073 classem
1277 2031 1542 2088 appulerunt.

97 2086 111 2094 ³
149 2091 256 2133 Eam
318 2106 458 2147 uoque
489 2105 734 2146 oppugnare
765 2089 913 2138 adorti,
944 2088 1016 2130 ubi
1047 2089 1186 2130 valida
1214 2088 1385 2130 defendi
1417 2104 1545 2130 manu

146 2107 546 2197 animadverterunt,
569 2148 686 2189 irrito
713 2147 806 2188 ince
841 2156 883 2188 to
906 2146 1224 2188 Demetriadem
1253 2155 1416 2202 petunt.
1481 2146 1544 2189 Ibi

146 2221 279 2264 quum
315 2206 703 2262 appropinquantes
735 2162 897 2261 reppeta
928 2204 1096 2245 moenia
1128 2204 1298 2245 armatis
1329 2203 1544 2254 vidissent,

191 2372 209 2402 5
234 2364 449 2394 Penestarum
471 2363 676 2402 Illyriorum]
708 2362 822 2398 Quum

149 2411 237 2438 terra
266 2407 463 2437 Peru-stanna
491 2416 576 2445 supr.
606 2405 685 2436 xliii.
719 2406 764 2436 18.
792 2408 824 2435 et

150 2450 304 2480 Peneum
342 2448 418 2479 ibid.
459 2458 504 2489 19.
537 2448 733 2485 nominatur,
766 2447 824 2477 Pe-

150 2496 257 2522 nestas
279 2491 397 2521 tribum
422 2491 488 2521 sive
511 2495 639 2528 gentem
662 2490 824 2529 quandum

151 2534 183 2564 in
209 2533 341 2573 Illyrico
365 2533 461 2563 fuisse
483 2538 640 2572 apparet;
666 2543 770 2572 neque
794 2532 826 2562 in

151 2576 212 2607 hoc
238 2576 320 2610 loco,
347 2576 428 2606 nient
453 2575 534 2605 inter
562 2575 746 2609 'I‘hessalus,
772 2585 828 2614 pro

151 2619 247 2649 servis
257 2618 442 2648 domesticis
453 2618 618 2648 habendos
628 2628 706 2648 ease.
730 2618 827 2647 llaud

151 2661 216 2692 scio
240 2671 280 2691 an
307 2660 464 2691 Penestae
487 2660 518 2690 hi
547 2660 743 2699 Pelasgicum
768 2659 826 2689 ori-

151 2703 257 2744 ginem
275 2703 457 2740 habuerint,
469 2707 567 2743 utque
580 2703 663 2733 inter
679 2702 827 2742 Illyricas

151 2746 264 2782 tribus,
287 2756 371 2785 qune
394 2746 554 2784 regionem
576 2746 664 2776 illurn
689 2756 825 2785 occupa-

153 2793 276 2825 verant,
296 2789 387 2819 aeden
409 2800 482 2819 auus
503 2789 610 2819 adhuc
637 2788 695 2818 sibi
725 2788 824 2818 vindi-

154 2835 272 2862 carent.
296 2832 335 2862 cs.
355 2831 489 2862 Niebhr.
512 2832 530 2862 i.
548 2842 578 2862 n.
601 2833 667 2869 ¹5⁸.
693 2831 824 2862 Mulier.

156 2873 234 2904 Dor.
251 2873 282 2904 ii.
300 2884 328 2911 4.
345 2875 372 2910 §-
389 2873 419 2905 6.

196 2914 217 2945 6
243 2917 306 2952 Qm'
337 2918 567 2956 irrumperent,
598 2917 715 2947 armati
740 2917 826 2954 suis-

869 2362 956 2399 sene]
984 2359 1237 2392 Distinctionem
1264 2365 1335 2401 post
1357 2370 1469 2392 vocem
1494 2371 1546 2391 ar-

870 2406 946 2434 mati
970 2404 1075 2443 posuit
1096 2404 1238 2435 Bekker.
1256 2403 1287 2434 id
1309 2404 1395 2443 quod
1417 2413 1545 2434 sensum

872 2446 934 2477 levi
951 2451 1116 2476 momento
1133 2450 1249 2477 mutat.

916 2497 932 2528 7
957 2491 1025 2520 I’ro
1047 2500 1092 2523 co.
1116 2491 1172 2530 qui
1197 2493 1380 2529 occupasset
1402 2489 1546 2527 nymedi.

872 2543 952 2571 opus
970 2533 1101 2570 firclum
1130 2543 1196 2563 esse
1224 2533 1306 2569 rati]
1341 2542 1384 2562 sc.
1410 2532 1502 2570 Opus
1528 2541 1548 2560 a

876 2573 1033 2604 Romani„
1056 2574 1176 2604 fuctum
1203 2574 1267 2603 illis
1288 2573 1367 2604 utile
1389 2574 1455 2603 sore
1476 2572 1547 2610 ruti,

874 2616 927 2656 qui
946 2616 1039 2656 primi
1056 2616 1183 2655 aggredi
1201 2622 1425 2646 maturassent.

915 2660 934 2688 8
958 2660 1022 2696 Qui
1060 2661 1146 2689 inter
1184 2670 1311 2689 murum
1342 2657 1544 2697 fossamque]

874 2702 962 2732 Hinc
982 2702 1147 2732 Romanos
1168 2712 1231 2732 non
1252 2701 1332 2732 citm
1348 2702 1475 2736 fossum,
1492 2699 1546 2729 ned

872 2745 967 2781 ultra,
994 2755 1093 2784 quum
1122 2744 1258 2774 rumicen
1286 2743 1414 2783 perfossi
1446 2746 1548 2774 crunt„

870 2787 994 2818 stetisse
1039 2792 1210 2826 apparent.
1277 2787 1339 2816 Sed
1386 2784 1548 2815 obscurior

871 2830 950 2860 haec
981 2833 1049 2860 tota
1079 2829 1180 2859 omnio
1207 2833 1266 2864 ent,
1292 2839 1391 2868 quum
1420 2828 1460 2857 dc
1488 2826 1547 2855 sor-

874 2873 982 2904 nicum
1000 2883 1058 2902 unu
1076 2882 1139 2902 non
1158 2872 1270 2911 liquet.
