1888 3194
884 189 1174 227 INDEX.

379 269 491 299 urbem
515 267 620 298 solum
647 274 675 306 7,
696 266 746 305 38.
772 266 898 297 Romae
919 266 1006 296 urbis

378 310 540 350 templum
569 310 657 349 apud
685 309 928 340 Alabandenses
954 317 1006 347 43,

338 397 509 427 Romanae
545 395 741 436 reipublicae
782 395 862 432 laus,
899 394 1004 425 Praef.

381 440 478 470 Rom.
505 439 643 469 altitudo
673 437 772 468 animi
800 448 830 475 4,
856 436 885 468 6.
918 447 1007 467 amor

381 481 536 512 libertatis
554 491 583 519 2,
603 489 651 520 15.
674 480 771 522 6,19.
795 490 885 510 amor
902 479 935 510 in
952 490 1006 519 pa-

380 525 473 555 triam
499 533 549 563 23,
565 534 614 565 49
641 534 691 561 24,
711 524 757 554 18.
788 522 838 560 26,
855 521 905 562 36.
934 532 1007 552 con-

381 567 499 598 stantia
523 567 555 597 111
578 566 718 597 adversis
739 576 769 607 9,
791 574 818 604 3.
851 575 900 602 22,
921 565 959 603 58
976 568 1008 593 et

382 609 432 641 61.
457 620 508 649 42,
525 609 574 640 62.
598 614 705 648 gratus
725 609 757 638 in
778 609 860 638 bene
878 607 1009 637 meritos

381 653 422 683 de
445 663 501 683 sua
524 653 648 691 republ.
665 651 791 681 animus
808 660 837 687 2,
856 660 893 680 10
909 653 941 679 et
960 658 1006 688 13.

383 704 413 735 59
429 703 478 733 47·
505 705 555 734 50,
576 702 621 732 15·
647 702 698 732 37⁴>
721 691 1008 731 25.44,16.Ro-

382 748 478 768 mana
493 736 630 776 graxitas
645 745 695 773 42,
709 743 758 773 47.
777 734 899 764 iustitia
914 741 944 772 5,
959 741 1008 773 27.

382 780 539 810 modestia
559 778 590 808 in
608 777 766 817 prosperis
783 778 876 807 rebus
892 785 943 815 30,
959 786 1009 814 42.

383 831 435 861 37,
461 831 510 860 45.
539 820 700 860 religionis
724 830 799 850 cura
828 829 854 857 1,
880 829 929 850 21.
959 828 1010 858 30,

385 874 433 896 21.
461 874 511 903 31,
527 874 555 905 9.
588 863 685 893 1111116
708 862 855 892 militaris
875 872 906 903 9,
926 869 961 901 17
978 866 1010 892 et

387 917 434 948 19.
468 907 618 937 Romana
644 916 693 936 res
717 905 852 935 ducibus
876 904 1010 935 validior

382 950 455 987 fuit,
478 960 574 997 (1113111
599 948 791 979 exercitibus
815 958 844 985 2,
866 957 915 989 39.
943 948 1009 978 Ro-

384 992 471 1022 mani
487 991 612 1031 imperii
629 991 827 1021 incrementa
843 1000 894 1028 41,
914 1000 939 1020 1.

342 1036 565 1066 Romanorum
597 1038 680 1064 artes
708 1034 933 1064 fraudulentae
960 1042 1011 1071 34,

384 1077 435 1108 62.
460 1088 511 1115 4ο,
529 1087 544 1107 2
563 1081 594 1107 et
613 1086 660 1108 20.
686 1086 737 1114 42,
754 1084 793 1115 47
813 1080 845 1106 61
865 1085 915 1115 52.
939 1085 1011 1105 ava-

384 1120 456 1150 ritia
473 1129 524 1159 43,
542 1130 568 1151 2.
591 1119 763 1150 crudelitas
779 1128 830 1160 39,
847 1128 896 1159 51.
917 1118 1013 1148 luxus

386 1184 402 1202 a
429 1186 438 1201 »
454 1162 482 1194 6·

343 1172 559 1244 Tfl9zo1121110,
587 1204 721 1242 consuli,
748 1215 767 1235 a
793 1204 932 1236 Claudio
959 1203 1011 1235 Ci-

386 1259 500 1279 cerone
516 1249 583 1279 dies
599 1248 685 1278 dicta
701 1257 731 1287 3,
747 1256 798 1287 31.
821 1251 945 1278 creatur
960 1247 1012 1276 de-

387 1291 506 1322 cemvir
521 1301 570 1331 33.

345 1335 508 1365 Romulea
523 1335 597 1364 urbs
613 1332 738 1372 capitur
751 1343 771 1364 a
786 1331 945 1364 Romanis
964 1341 1012 1369 10,

390 1384 437 1416 17.

346 1419 480 1450 Romuli
505 1422 537 1449 et
562 1418 660 1450 Remi
684 1419 808 1448 natales
832 1427 859 1455 1,
881 1429 909 1455 4.
938 1418 1013 1448 edu-

388 1462 472 1493 catio
489 1466 520 1492 et
536 1461 766 1498 adolescentia,
778 1460 853 1491 ibid.
874 1460 1015 1499 impetus

387 1505 508 1535 faciunt
529 1504 562 1534 in
584 1504 734 1540 latrones,
750 1507 782 1534 et
799 1503 951 1542 praedam
969 1503 1014 1533 di-

389 1547 501 1577 vidunt
517 1546 708 1586 pastoribus,
724 1546 799 1576 ibid.
825 1546 950 1576 Remus
965 1556 1014 1575 ca-

389 1590 475 1629 pitur
490 1600 509 1619 a
525 1588 712 1626 latronibus,
728 1592 759 1618 et
775 1588 903 1618 deditur
915 1590 1015 1619 Amu-

388 1633 432 1662 lio
458 1640 486 1671 5.
515 1632 668 1662 liberatur
691 1642 710 1662 a
735 1631 890 1669 Romulo,
916 1631 1016 1661 Amu-

389 1675 469 1705 lium
494 1675 697 1711 obtruncant,
722 1677 754 1705 et
777 1684 873 1704 avum
899 1674 1014 1704 Numi-

388 1722 491 1748 torem
521 1727 627 1757 regem
654 1717 806 1754 salutant,
831 1716 907 1747 ibid.
943 1727 1015 1747 con-

389 1761 515 1791 dendae
536 1760 621 1790 urbis
642 1759 811 1790 consilium
835 1759 966 1799 capiunt
985 1758 1014 1791 6.

391 1803 554 1834 Romulus
585 1802 772 1833 Palatinum
801 1806 945 1832 montem
974 1803 1015 1833 ad

386 1845 644 1885 inaugurandum
666 1845 764 1884 capit,
786 1845 862 1875 ibid.
885 1845 1015 1875 fratrem

387 1889 516 1926 occidit,
539 1888 625 1928 quod
650 1898 750 1918 novos
773 1898 881 1918 muros
904 1887 1015 1918 transi-

387 1932 484 1962 luerit
504 1939 529 1971 7.
553 1931 665 1961 urbem
686 1941 706 1961 a
728 1941 784 1961 suo
807 1931 938 1961 nomine
960 1941 1016 1970 ap·

387 1975 543 2014 pellatam
571 1973 692 2011 condit,
717 1972 793 2004 ibid.
828 1973 1015 2003 Palatinum

387 2017 527 2056 primum
543 2020 687 2046 montem
704 2016 820 2053 munit,
835 2016 912 2047 ibid.
936 2026 1016 2047 rem-

387 2060 553 2099 publicam
576 2059 701 2089 ordinat
723 2060 751 2089 8.
776 2063 872 2098 auget
892 2060 1016 2097 urbem,

388 2102 466 2133 ibid.
490 2103 616 2142 asylum
637 2101 752 2141 aperit,
768 2102 844 2132 ibid.
869 2105 1017 2132 senatum

389 2149 487 2182 creat,
503 2144 579 2175 ibid.
607 2155 647 2174 ex
666 2144 798 2174 consilio
815 2145 950 2175 Patrum
974 2145 1016 2174 le-

387 2193 478 2227 gatos
508 2187 592 2218 circa
620 2187 741 2217 vicinas
765 2191 876 2227 gentes
907 2187 1018 2224 mittit,

388 2230 443 2269 qui
460 2230 646 2260 societatem
662 2230 923 2269 connubiumque
935 2239 1018 2259 novo

389 2273 511 2312 populo
535 2276 683 2312 peterent
707 2282 736 2312 9.
769 2282 847 2311 quas
870 2272 1019 2302 iuventus

390 2315 487 2345 Rom.
505 2314 640 2353 virgines
656 2314 791 2345 Sabinas
809 2314 928 2353 rapuit,
944 2324 1018 2344 con-

388 2357 520 2394 solatur,
543 2356 620 2386 ibid.
652 2356 789 2386 occurrit
812 2356 1018 2387 Caeninensi-

390 2400 460 2436 bus,
487 2398 543 2438 qui
568 2398 727 2437 impetum
753 2398 787 2428 in
813 2408 923 2437 agrum
952 2399 1017 2429 Ro-

390 2451 523 2471 manum
560 2441 712 2477 fecerant,
747 2451 800 2471 eos
836 2441 953 2479 fundit,
987 2445 1019 2472 et

390 2494 497 2524 regem
536 2483 653 2513 occidit
688 2493 734 2514 10.
774 2484 844 2514 Iovi
876 2484 1018 2514 Feretrio

391 2526 496 2566 spolia
523 2525 632 2565 opima
659 2526 730 2564 fert,
757 2530 789 2556 et
820 2526 848 2557 ei
879 2527 1019 2566 primum

391 2569 536 2599 omnium
564 2569 690 2599 Romae
721 2573 823 2599 sacrat
848 2570 1020 2609 templum,

390 2612 467 2642 ibid.
501 2612 713 2642 Antemnates
739 2616 771 2642 et
795 2612 1018 2643 Crustuminos

393 2655 491 2685 vincit
519 2663 566 2684 11.
597 2654 630 2683 in
658 2664 765 2693 pugna
793 2665 866 2685 cum
894 2655 1019 2685 Sabinis

392 2698 559 2729 Romanos
579 2696 735 2735 fugientes
754 2697 898 2727 resistere
918 2698 1018 2735 iubet,

392 2744 425 2771 et
448 2739 518 2770 Iovi
540 2739 658 2769 Statori
679 2740 840 2778 templum
859 2744 951 2770 vovet
970 2750 1017 2771 12.

394 2792 507 2822 pacem
528 2781 587 2811 init
609 2791 681 2810 611111
707 2782 843 2819 Sabinis,
863 2786 894 2812 et
918 2792 1019 2821 popu-

394 2826 460 2855 lum
488 2824 520 2854 in
547 2823 676 2863 triginta
703 2824 806 2854 curias
831 2824 944 2854 dividit
973 2835 1019 2865 13.

395 2867 567 2898 Fidenates
585 2866 690 2896 fundit
710 2876 756 2904 14.
782 2866 936 2897 Veientes
952 2878 1021 2898 cae-

393 2910 441 2941 dit
461 2918 507 2948 15.
531 2912 690 2940 trecentos
704 2914 843 2940 armatos
861 2910 903 2941 ad
919 2914 1020 2941 custo-

1092 265 1178 296 diam
1200 264 1351 304 corporis,
1366 275 1445 305 quos
1461 265 1590 297 Celeres
1607 265 1718 304 appel-

1092 308 1182 345 lavit,
1198 308 1286 347 legit,
1301 307 1378 339 ibid.
1399 308 1468 338 eius
1482 318 1567 338 mors
1585 306 1632 339 16.
1654 317 1718 338 cre-

1093 351 1179 380 ditur
1195 350 1297 388 Deus,
1308 350 1384 381 ibid.
1404 354 1527 390 septem
1544 353 1576 381 et
1590 349 1721 389 triginta

1092 393 1234 432 regnavit
1254 403 1354 423 annos
1377 403 1425 424 21.
1453 394 1626 431 Romulus,
1646 392 1720 423 Deo

1093 440 1277 475 prognatus,
1299 436 1390 466 Deus
1411 436 1481 476 ipse
1505 445 1532 473 1,
1553 445 1603 474 40.
1625 435 1665 466 cf.
1687 437 1720 466 et

1094 491 1125 517 4,
1145 488 1190 517 15.
1216 478 1350 508 Romuli
1368 489 1440 509 casa
1457 487 1486 517 5,
1504 486 1553 517 53.

1053 521 1214 551 Romulus
1230 520 1358 558 Silvius,
1374 522 1478 551 Albae
1492 531 1549 551 rex
1568 530 1596 558 1,
1612 529 1641 559 3.

1053 563 1181 593 Rorarii
1196 563 1314 593 milites
1330 564 1361 599 8,
1377 564 1406 594 8.

1053 605 1090 636 L.
1125 605 1273 641 Roscius,
1317 606 1442 645 legatus
1485 605 1721 643 Romanorum,

1094 647 1180 677 iussu
1204 647 1371 677 Tolumnii
1397 647 1586 678 interficitur
1612 658 1644 686 4,
1672 655 1720 686 17.

1096 690 1123 720 ei
1145 693 1251 720 statua
1271 690 1400 729 publice
1423 690 1455 720 111
1478 690 1586 720 rostris
1606 690 1722 729 posita,

1093 732 1170 763 ibid.

1055 776 1174 806 Rostra
1202 775 1346 812 navium,
1373 785 1413 805 ex
1442 774 1588 805 hostibus
1614 777 1722 814 capta-

1096 828 1179 855 rum,
1198 817 1230 847 in
1251 818 1331 848 aede
1353 817 1487 848 Iunonis
1508 817 1638 848 Patavii
1657 817 1724 847 fixa

1100 870 1148 898 10,
1167 871 1195 891 2.
1223 860 1329 891 rostris
1351 860 1481 890 navium
1504 863 1668 900 suggestus
1689 859 1724 890 in

1095 903 1163 933 foro
1189 904 1315 933 Romae
1338 907 1518 933 exstructus
1539 903 1724 940 adornatur,

1097 947 1279 986 Rostraque
1302 945 1336 976 id
1358 946 1518 985 templum
1538 945 1725 985 appellatur

1097 989 1127 1026 8,
1147 998 1192 1027 14.

1056 1032 1176 1062 Rostra
1206 1042 1263 1071 per
1291 1031 1556 1071 anticipationem
1585 1041 1606 1061 a
1631 1029 1724 1061 Livio

1097 1074 1264 1104 nominata
1279 1085 1309 1112 4,
1328 1082 1375 1113 17.

1058 1118 1207 1147 Rubrum
1222 1127 1310 1147 mare
1327 1115 1378 1155 36,
1396 1124 1443 1155 17.
1467 1126 1519 1155 42,
1535 1124 1584 1156 52.
1609 1124 1661 1156 45,
1676 1126 1708 1158 9.

1056 1159 1232 1197 Ruffrium,
1248 1160 1404 1199 oppidum
1421 1160 1451 1197 8,
1469 1167 1517 1198 25.

1057 1202 1196 1240 Ruffuli,
1225 1202 1345 1233 tribuni
1375 1201 1516 1232 militum
1545 1212 1565 1232 a
1594 1201 1726 1232 consule

1099 1245 1188 1283 facti,
1204 1255 1267 1275 non
1285 1255 1304 1275 a
1320 1246 1442 1284 populo
1461 1253 1489 1284 7,
1506 1252 1534 1283 5.

1056 1288 1241 1319 Ruminalis
1267 1288 1358 1326 ficus,
1384 1287 1461 1318 olim
1485 1286 1671 1318 Romularis
1698 1296 1725 1324 1,

1058 1355 1170 1413 Rupes
1185 1377 1276 1404 aceto
1293 1376 1464 1412 perruptae
1482 1382 1532 1410 21,
1548 1380 1599 1412 37.

1059 1417 1214 1454 Ruscino,
1240 1417 1315 1446 urbs
1344 1425 1393 1453 21,
1422 1425 1470 1453 24.
1505 1414 1727 1446 Ruscinonem

1101 1459 1296 1489 conveniunt
1318 1439 1441 1497 aliqixot
1463 1457 1593 1488 Galliae
1613 1456 1728 1497 populi

1101 1502 1250 1532 adversus
1267 1501 1500 1539 Hannibalem,
1514 1500 1592 1532 ibid.

1060 1544 1216 1582 Ruscino,
1232 1547 1342 1583 portus
1358 1543 1486 1574 Africae
1502 1553 1554 1583 30,
1574 1552 1621 1574 10.

1061 1587 1231 1618 Rusellani
1281 1586 1402 1616 abietes
1450 1586 1484 1616 in
1528 1585 1730 1616 fabricandas

1102 1640 1210 1668 naves,
1241 1633 1272 1660 et
1302 1629 1454 1659 frumenti
1486 1639 1639 1669 magnum
1671 1639 1730 1659 nu-

1101 1683 1226 1703 merum
1243 1671 1438 1712 pollicentur
1453 1671 1595 1712 Scipioni
1613 1672 1662 1709 28,
1678 1678 1730 1710 45.

1060 1716 1258 1747 Rusellanus
1272 1725 1346 1754 ager
1364 1724 1413 1752 10,
1425 1726 1453 1754 4.
1477 1714 1543 1754 agri
1559 1713 1686 1752 vastati,
1697 1716 1730 1745 et

1103 1758 1259 1798 oppidum
1275 1762 1496 1798 expugnatum
1513 1764 1563 1796 37.

1061 1801 1217 1839 Rutilius,
1239 1804 1352 1831 auctor
1374 1810 1393 1830 a
1419 1799 1510 1831 Livio
1537 1800 1654 1830 citatus
1678 1808 1730 1841 39,

1103 1853 1152 1883 52.

1061 1888 1099 1919 P.
1122 1886 1277 1924 Rutilius,
1304 1886 1376 1917 trib.
1408 1887 1452 1926 pl.
1484 1894 1536 1925 43,
1566 1886 1613 1916 18.
1645 1884 1731 1915 tribu

1102 1933 1209 1960 motus
1246 1940 1264 1960 a
1299 1929 1492 1967 censoribus,
1526 1932 1558 1959 et
1590 1927 1731 1959 aerarius

1102 1972 1206 2003 factus
1221 1983 1273 2010 44,
1292 1971 1339 2003 16.

1062 2015 1100 2046 P.
1123 2014 1268 2046 Rutilius
1298 2015 1419 2046 Calvus
1448 2017 1574 2045 creatur
1604 2016 1732 2054 praetor

1103 2066 1156 2097 459
1172 2068 1222 2095 44·

1062 2101 1117 2140 Sp.
1134 2100 1280 2131 Rutilius
1299 2100 1442 2138 Crassus,
1457 2099 1529 2130 trib.
1545 2098 1640 2130 milit.
1657 2108 1730 2128 con-

1105 2142 1200 2174 sulari
1217 2146 1375 2182 potestate
1392 2153 1422 2180 4,
1438 2150 1488 2182 47.

1063 2185 1180 2217 Rutuli
1200 2195 1227 2222 1,
1246 2195 1272 2216 2.
1297 2195 1406 2215 eorum
1426 2195 1483 2215 rex
1498 2183 1638 2221 Turnus,
1653 2182 1731 2214 ibid.

1104 2230 1144 2258 ab
1169 2228 1282 2258 Aenea
1308 2227 1490 2265 vincuntur,
1516 2226 1592 2257 ibid.
1623 2225 1731 2256 confu-

1103 2271 1194 2310 giunt
1215 2270 1256 2299 ad
1279 2269 1490 2308 Mezentium,
1509 2279 1615 2308 regem
1636 2268 1731 2299 Etru-

1105 2323 1242 2345 scorum,
1257 2312 1333 2342 ibid.
1357 2311 1396 2342 iis
1407 2313 1530 2342 bellum
1545 2311 1642 2342 infert
1653 2311 1732 2342 Tar-

1105 2354 1232 2395 quinius
1249 2354 1412 2394 Superbus
1428 2362 1477 2394 57.

1382 2484 1413 2515 S.

1065 2568 1219 2600 Sabatina
1235 2568 1335 2599 tribus
1350 2579 1432 2599 nova
1449 2567 1479 2606 6,
1497 2575 1524 2607 5.

1063 2611 1219 2649 Sabatini,
1235 2611 1436 2651 Campaniae
1451 2610 1565 2650 populi
1583 2609 1633 2648 26,
1650 2619 1699 2651 33.

1063 2654 1211 2686 Sabellae
1228 2654 1373 2684 cohortes
1392 2663 1440 2691 10,
1460 2663 1506 2694 19.

1063 2697 1212 2728 Sabellus
1228 2707 1302 2736 ager
1317 2696 1348 2734 8,
1367 2705 1392 2726 1.

1063 2739 1252 2771 Sabinarum
1275 2738 1430 2778 virginum
1452 2742 1563 2778 raptus
1588 2747 1614 2776 1,
1633 2748 1663 2780 9.
1687 2738 1733 2769 di-

1106 2781 1226 2812 rimunt
1242 2781 1398 2820 proelium
1418 2781 1501 2812 inter
1517 2782 1684 2812 Romanos
1701 2784 1735 2812 et

1108 2823 1242 2855 Sabinos
1269 2833 1315 2863 13.
1345 2834 1455 2854 earum
1479 2824 1612 2854 nomina
1638 2823 1735 2854 curiis

1107 2866 1268 2906 imposita,
1283 2866 1359 2897 ibid.

1067 2909 1176 2941 Sabini
1200 2909 1321 2939 bellum
1346 2913 1460 2949 parant
1483 2913 1594 2941 contra
1614 2910 1734 2942 Roma—
