1888 3194
912 184 1201 222 INDEX.

408 259 639 300 quinquaginta
665 259 769 291 factae
792 267 844 300 35,
867 269 916 298 24.
941 260 981 291 cf.
1003 263 1035 291 et

409 311 461 341 30,
478 310 527 342 ²5·

368 344 581 385 Quinqueviri
596 345 768 393 postulati,
789 344 845 385 qui
864 344 1036 375 scriberent

409 388 494 428 leges
524 389 564 419 de
594 388 729 428 imperio
760 387 918 418 consulari
948 396 979 426 3,
1005 398 1035 429 9.

409 430 620 470 quinqueviri,
633 431 687 470 qui
701 430 912 478 Pomptinum
924 440 1035 478 agrum

409 473 565 511 dividant,
586 473 683 504 creati
699 472 730 510 6,
749 483 796 504 21.
824 473 1035 513 quinqueviri,

410 526 489 555 quos
526 517 566 546 ab
604 516 841 555 dispensatione
880 515 1037 555 pecuniae

408 559 588 589 Mensarios
601 559 820 598 appellarunt,
832 558 929 589 creati
945 565 973 596 7,
987 567 1034 588 21.

408 601 609 640 quinqueviri
630 602 728 632 muris
747 601 950 639 turribusque
964 600 1034 630 refi-

409 644 530 674 ciendis
546 644 642 675 creati
661 653 711 683 25,
730 652 757 682 7.

368 687 547 723 Quintana,
562 690 735 716 castrorum
754 695 804 722 41,
821 683 849 715 6.

368 729 546 766 Quirinalis
561 729 679 758 flamen
698 738 717 758 a
734 728 845 757 Numa
865 730 990 757 creatur
1007 736 1035 764 1,

411 782 459 802 20.
492 771 671 806 Quirinalis
698 770 789 800 collis
812 769 942 800 additus
965 769 1035 799 urbi

410 825 459 851 44-

367 856 523 892 Quin'nus
556 865 583 892 1,
614 865 663 886 20.
699 863 728 894 5,
759 863 808 893 52.
844 855 874 891 8,
905 864 933 895 9.
969 854 1036 884 eius

408 899 503 929 aedes
527 909 557 936 4,
584 907 631 927 21.
662 898 711 934 28,
740 907 785 927 11.
814 897 981 927 dedicatur
1004 901 1035 927 et

408 945 581 971 exornatur
596 941 733 970 hostium
753 940 862 979 spoliis
883 949 930 975 10,
947 939 995 977 46.

367 984 512 1019 Quirites
528 984 612 1013 unde
629 983 706 1013 dicti
727 992 753 1020 1,
769 992 814 1020 13.
840 987 875 1012 ut
889 982 1034 1017 Quirites

407 1036 517 1056 omnes
553 1030 723 1056 teneantur
760 1025 946 1065 plebiscitis,
980 1025 1032 1055 lex

408 1070 474 1099 lata
500 1070 530 1107 8,
561 1078 607 1099 12.
643 1068 820 1104 Quiritium
850 1068 941 1098 fossa.
970 1068 1032 1098 vid.

408 1111 435 1141 F
438 1122 517 1142 ossa.

680 1283 721 1313 R.

364 1369 456 1400 Man.
474 1367 654 1398 Rabuleius
676 1366 837 1397 decemvir
857 1370 982 1397 creatur
1003 1375 1033 1405 3,

408 1419 458 1450 35·

365 1454 504 1491 Racilia‚
520 1463 601 1483 uxor
623 1453 660 1483 L.
679 1451 827 1488 Quinctii
848 1450 1033 1483 Cincinnati

408 1505 437 1535 3,
456 1495 502 1527 26.

364 1539 413 1569 M.
430 1539 582 1575 Raecius,
607 1538 731 1577 legatus
754 1537 787 1567 in
813 1536 957 1567 Galliam
983 1544 1033 1575 27,

408 1580 458 1619 36.

364 1624 412 1654 Μ.
430 1623 571 1654 Raecius
598 1626 722 1652 creatur
749 1625 887 1660 praetor,
913 1625 945 1652 et
971 1631 1032 1651 sor-

406 1666 485 1696 titur
499 1665 751 1696 iurisdictionem
767 1665 922 1694 urbanam
938 1676 957 1703 4
962 1673 991 1703 3,
1003 1676 1032 1702 4.

406 1710 511 1739 edicto
548 1712 709 1739 senatores
746 1717 857 1737 omnes
893 1717 932 1737 ex
965 1711 1033 1737 tota

407 1752 506 1782 Italia
533 1752 674 1782 Romam
703 1754 831 1780 revocat
862 1759 908 1789 13.
935 1750 973 1780 cf.
1001 1753 1034 1779 et

411 1804 458 1825 11.

364 1837 401 1868 L.
420 1836 603 1873 Rammius,
623 1835 771 1876 princeps
792 1834 966 1873 Brundisii,
987 1834 1032 1865 in-

407 1880 492 1910 dicat
509 1879 663 1909 veneficia
680 1877 787 1909 Persei
805 1888 856 1915 42,
876 1887 922 1916 17.

364 1922 577 1959 Ramnenses,
610 1921 675 1952 sive
713 1921 868 1957 Ramnes,
902 1919 1034 1959 antiqua

405 1965 518 2002 tribus,
530 1969 562 1995 et
579 1964 723 2003 equitum
740 1963 883 1994 centuria
902 1972 929 2001 1,
949 1972 984 2003 13
1001 1967 1033 1993 et

408 2006 457 2047 36.
486 2017 534 2045 10,
550 2006 579 2038 6.

362 2050 504 2081 Ratibus
526 2049 705 2080 traiiciendi
725 2047 865 2079 fluminis
884 2047 965 2078 ratio
983 2057 1033 2086 21,

407 2102 455 2132 27.

363 2136 469 2166 Reate
487 2143 537 2174 25,
555 2143 582 2174 7.
608 2134 658 2172 26,
678 2144 711 2164 11
731 2138 763 2165 et
781 2143 829 2172 23.

363 2177 495 2209 Reatini
522 2177 717 2217 pollicentur
744 2176 888 2216 Scipioni
913 2175 1033 2207 milites

407 2221 457 2258 28,
473 2229 522 2259 45·
764 2261 770 2267 ,

362 2263 620 2302 Recuperatores
635 2266 699 2292 tres
713 2262 747 2292 in
761 2261 880 2292 iudicio
897 2271 1031 2291 coronae

404 2305 537 2335 muralis
554 2304 604 2339 26,
620 2305 670 2342 48.

363 2347 468 2386 Regia
495 2351 636 2386 potestas
666 2356 730 2376 non
759 2350 827 2375 tam
861 2345 1031 2375 immutata

406 2390 542 2426 Romae,
569 2388 701 2418 inducto
729 2388 908 2424 consulatu,
935 2398 1031 2426 quam

405 2432 493 2462 velut
508 2441 616 2461 annua
632 2430 717 2460 facta
734 2440 763 2467 2,
779 2440 804 2460 1.
828 2430 931 2469 regiae
947 2431 1032 2469 leges

405 2473 603 2521 conquisitae
626 2471 707 2510 6,1.
735 2472 810 2510 regii
834 2472 972 2503 nominis
995 2483 1032 2502 ac

404 2518 504 2547 fastus
523 2515 644 2546 invidia
663 2515 750 2554 apud
767 2498 932 2545 Romanos
955 2525 983 2553 2,
1004 2525 1031 2552 1,

408 2568 443 2598 15
472 2563 504 2590 et
526 2568 576 2597 41.
605 2569 636 2596 4,
658 2557 789 2596 13—16.
822 2556 853 2594 6,
880 2567 927 2588 20.
955 2557 1031 2597 regii

404 2601 541 2632 nominis
560 2601 663 2631 honor
684 2611 740 2640 pro
762 2600 885 2639 magnis
905 2610 977 2640 erga
998 2611 1031 2630 se

404 2644 526 2675 meritis
556 2644 650 2673 datus
679 2643 805 2682 regibus
831 2653 850 2673 a
874 2643 1032 2673 Romanis

405 2696 457 2725 31,
491 2696 537 2717 11.
576 2685 650 2726 regii
683 2685 771 2725 pueri
803 2686 891 2724 apud
921 2686 1030 2716 Mace-

405 2731 504 2760 donas
534 2728 611 2759 dicti
642 2728 824 2767 principum
859 2728 961 2766 liberi,
991 2728 1031 2759 ad

404 2771 615 2802 ministerium
632 2770 712 2810 regis
728 2770 822 2800 electi
839 2778 891 2808 45,
906 2769 934 2801 6.

363 2815 542 2855 Regillum,
557 2813 713 2853 oppidum
731 2812 921 2844 Sabinorum
939 2812 1030 2851 2,16.

363 2858 512 2898 Regillus
523 2859 609 2887 lacus
620 2864 650 2894 3,
662 2865 710 2886 20.
727 2855 768 2885 ad
781 2865 854 2886 eum
867 2857 908 2886 A.
918 2855 1031 2886 Postu-

406 2900 488 2931 mius
511 2908 661 2940 prospere
684 2901 794 2928 contra
819 2897 951 2929 Latinos
974 2908 1030 2938 pu-

1120 264 1197 300 gnat
1214 270 1243 299 2,
1262 270 1299 301 19
1315 264 1347 291 et
1365 269 1412 292 20.
1429 260 1469 292 cf.
1485 263 1518 291 et
1533 258 1564 297 6,
1581 269 1609 290 2.

1080 303 1208 343 Religio
1227 313 1247 333 a
1263 303 1375 334 Numa
1391 302 1554 343 Pompilio
1573 300 1747 333 constituta

1125 356 1153 383 1,
1179 356 1225 387 19.
1252 346 1437 386 multiplex,
1459 350 1492 376 et
1516 345 1670 385 pleraque
1693 354 1747 374 ex-

1121 392 1223 426 terna,
1245 389 1369 419 animos
1390 388 1513 419 invadit
1536 399 1566 426 4,
1587 396 1638 426 30.
1663 396 1748 417 nova

1122 431 1247 461 obiecta
1278 442 1317 462 ex
1350 431 1543 462 carminibus
1572 428 1747 461 Marcianis

1123 481 1173 512 25,
1190 483 1238 503 12.
1257 474 1477 504 Romanorum
1491 473 1524 503 in
1536 471 1747 512 suscipiendis

1122 516 1204 545 votis
1219 525 1270 554 31,
1285 526 1313 556 9.
1337 517 1447 556 religio
1467 516 1530 546 loci
1549 516 1682 554 praebet
1699 514 1746 544 in-

1122 558 1228 588 dutias
1253 558 1398 588 hostibus
1427 558 1522 588 simul
1549 557 1747 588 versantibus

1121 611 1172 638 44,
1198 610 1246 641 ²9·
1278 600 1438 640 religionis
1463 610 1540 630 cura
1565 601 1691 630 Romae
1715 607 1746 639 5,

1125 651 1173 680 15,
1199 650 1249 680 25,
1275 643 1324 679 28,
1348 653 1388 680 40
1411 647 1443 673 et
1466 641 1516 680 46.
1543 652 1595 681 40,
1619 652 1668 683 29.
1691 652 1746 673 ex-

1121 688 1233 715 ternae
1260 684 1405 714 inductio
1435 684 1612 724 perniciosa
1639 692 1690 723 25,
1718 694 1746 714 1.

1121 727 1228 757 cultae
1243 737 1263 757 a
1277 727 1387 766 priscis
1400 726 1556 757 Romanis
1567 726 1620 766 pie
1634 726 1746 766 magis,

1121 780 1218 808 quam
1243 769 1412 809 magnifice
1438 778 1468 808 3,
1493 778 1542 809 57.
1575 769 1746 799 solvendae

1121 812 1193 842 libri
1213 812 1245 842 in
1268 813 1372 852 ignem
1396 812 1531 843 coniecti
1553 821 1605 849 40,
1625 820 1674 852 29.
1700 821 1747 842 re-

1122 855 1291 894 ligionibus
1306 855 1405 885 dediti
1423 854 1553 885 Etrusci
1569 862 1600 893 5,
1618 863 1645 885 Ι.

1080 897 1234 937 Religiosi
1251 898 1318 928 dies
1334 896 1365 934 6,
1385 907 1410 928 Ι.

1078 940 1240 980 Remiges.
1273 940 1424 970 Edictum
1439 940 1605 970 consulum
1618 939 1658 969 de
1669 939 1745 969 dan-

1120 983 1168 1013 dis
1178 983 1359 1022 remigibus,
1367 983 1486 1013 excitat
1496 981 1746 1022 indignationem

1120 1030 1151 1055 et
1168 1026 1314 1064 querelas
1331 1024 1382 1061 26,
1398 1034 1448 1064 35.

1078 1068 1239 1099 Romuleo
1263 1068 1388 1098 trahere
1411 1077 1509 1098 naves
1535 1076 1587 1106 32,
1613 1065 1660 1098 16.
1693 1074 1746 1107 37,

1124 1120 1174 1148 24.

1080 1153 1204 1183 Remus
1219 1164 1238 1183 a
1253 1153 1428 1183 latronibus
1443 1152 1582 1192 capitur,
1597 1155 1629 1183 et
1645 1152 1745 1183 Amu-

1121 1196 1164 1226 lio
1191 1196 1328 1226 traditur
1357 1205 1384 1233 1,
1412 1204 1440 1234 5.
1478 1195 1520 1225 ad
1550 1194 1745 1234 supplicium

1121 1238 1285 1269 Numitori
1299 1238 1437 1275 deditur,
1449 1238 1526 1268 ibid.
1546 1237 1745 1267 Aventinum

1119 1286 1262 1311 montem
1281 1282 1322 1311 ad
1340 1280 1597 1320 inaugurandum
1612 1279 1700 1319 capit
1717 1286 1745 1319 7.

1120 1323 1148 1354 ei
1172 1323 1266 1363 priori
1289 1323 1457 1363 augurium
1479 1323 1577 1360 venit,
1597 1332 1653 1352 sex
1676 1322 1745 1352 vul-

1118 1370 1215 1402 tures,
1230 1365 1306 1397 ibid.
1330 1376 1349 1396 a
1364 1366 1460 1396 fratre
1477 1365 1642 1402 occiditur,
1658 1364 1735 1395 ibid.

1079 1409 1179 1446 Reus,
1200 1409 1251 1438 cui
1275 1408 1421 1447 capitalis
1443 1407 1511 1438 dies
1533 1407 1621 1437 dicta
1642 1407 1694 1444 sit,
1713 1410 1746 1438 et

1120 1452 1160 1481 de
1187 1461 1249 1490 quo
1280 1451 1468 1491 propediem
1494 1450 1638 1480 futurum
1664 1449 1746 1480 iudi-

1120 1493 1217 1531 cium,
1234 1493 1354 1523 indicta
1373 1503 1469 1523 causa
1488 1503 1554 1523 non
1569 1492 1666 1523 debet
1681 1491 1746 1523 vio-

1119 1536 1177 1566 lari
1195 1545 1225 1574 3,
1245 1545 1291 1574 13.

1079 1579 1151 1609 Rex
1178 1579 1386 1616 sacrificulus,
1410 1577 1476 1608 sive
1501 1587 1558 1607 rex
1584 1587 1746 1608 sacrorum

1121 1631 1150 1659 2,
1182 1631 1221 1669 2..
1249 1620 1279 1658 6,
1310 1631 1359 1659 41.
1398 1631 1432 1668 9,
1460 1630 1510 1659 34.
1547 1627 1599 1659 27,
1628 1618 1658 1652 6.
1693 1629 1746 1659 40,

1120 1674 1169 1702 42·
1194 1674 1263 1694 eius
1279 1664 1490 1694 sacerdotium
1510 1662 1656 1702 pontifici
1674 1663 1745 1693 sub-

1119 1706 1238 1737 iectum
1258 1716 1286 1742 2,
1303 1716 1329 1737 2.
1354 1706 1382 1737 ei
1401 1706 1621 1746 magistratum
1638 1715 1747 1745 gerere

1119 1760 1183 1780 non
1200 1749 1290 1779 licuit
1307 1759 1358 1787 40,
1374 1759 1423 1787 42.
1446 1759 1503 1779 rex
1524 1751 1556 1778 et
1577 1748 1689 1778 civitas
1709 1747 1746 1778 li-

1119 1793 1205 1829 bela,
1231 1796 1346 1822 natura
1372 1792 1454 1822 inter
1480 1801 1513 1821 se
1538 1790 1670 1821 inimica
1694 1797 1746 1839 37,

1120 1842 1169 1873 54.
1197 1834 1277 1874 regis
1303 1835 1380 1865 mali
1406 1838 1504 1874 typus
1531 1843 1582 1871 24,
1607 1841 1635 1872 5.
1665 1833 1747 1873 regis

1119 1877 1263 1908 defuncti
1303 1881 1533 1908 testamentum
1576 1875 1746 1906 recitatum

1120 1930 1226 1951 coram
1250 1921 1371 1960 populo
1396 1929 1446 1967 24,
1469 1930 1498 1957 4.
1529 1928 1618 1958 reges
1640 1917 1746 1949 exacti

1119 1973 1159 1993 ex
1181 1964 1259 1993 urbe
1278 1972 1306 2000 1,
1322 1971 1371 2004 59.
1395 1962 1516 2002 priores
1534 1962 1617 1992 bene
1637 1971 1746 2001 regna-

1120 2009 1234 2036 xerunt
1251 2015 1280 2043 2,
1297 2015 1322 2036 1.
1346 2015 1434 2045 reges
1450 2015 1483 2035 se
1498 2014 1562 2034 non
1578 2013 1746 2043 passurum

1118 2048 1202 2078 iurat
1223 2049 1363 2087 populus
1379 2049 1558 2084 Romanus,
1571 2045 1648 2077 ibid.
1672 2056 1745 2076 cou-

1118 2090 1234 2121 iuratio
1251 2091 1290 2121 de
1306 2090 1432 2130 iegibus
1445 2088 1631 2120 revocandis
1647 2096 1675 2126 3.
1697 2098 1744 2119 re-

1118 2134 1209 2181 gibus
1227 2137 1361 2173 negatur
1375 2132 1496 2163 reditus
1517 2139 1563 2169 15.
1589 2140 1678 2170 reges
1697 2140 1745 2161 so-

1120 2176 1184 2206 cios
1208 2176 1295 2205 omni
1319 2176 1440 2205 honore
1460 2176 1580 2221 augent
1603 2172 1745 2204 Romani

1119 2226 1203 2257 37,2
1191 2227 1237 2257 5.
1261 2218 1385 2256 regibus
1404 2216 1496 2247 sociis
1516 2225 1650 2246 munera
1669 2216 1746 2247 data

1117 2265 1173 2290 aut
1186 2260 1282 2290 missa
1299 2268 1349 2298 27,
1362 2271 1390 2298 4.
1411 2268 1463 2298 30,
1482 2266 1528 2297 15.
1549 2268 1658 2298 regum
1675 2268 1746 2289 mos

1117 2302 1234 2332 habere
1268 2312 1428 2332 venenum
1461 2301 1503 2331 ad
1533 2300 1656 2332 incerta
1684 2300 1745 2332 for—

1117 2349 1216 2375 tunae
1233 2353 1285 2383 30,
1305 2354 1350 2384 15.

1076 2387 1197 2418 Rhaeti
1213 2388 1298 2417 unde
1313 2386 1466 2426 originem
1482 2385 1613 2417 trahant
1626 2393 1656 2424 5,
1672 2394 1724 2425 33.

1076 2430 1171 2460 Rhea
1193 2430 1293 2460 Silvia
1314 2430 1430 2469 legitur
1449 2429 1533 2469 virgo
1550 2427 1692 2459 Vestalis
1717 2437 1745 2466 1,

1119 2481 1147 2511 3.
1186 2472 1216 2502 vi
1251 2482 1443 2511 compressa,
1473 2481 1546 2502 cum
1579 2470 1744 2511 geminum

1118 2519 1246 2554 partum
1277 2514 1439 2552 edidisset,
1463 2518 1631 2553 nuncupat
1656 2512 1744 2543 Mar-

1117 2562 1183 2588 tem
1228 2562 1352 2597 patrem
1395 2557 1536 2587 incertae
1572 2554 1677 2595 stirpis
1713 2566 1743 2594 4.

1117 2600 1224 2630 vincta
1238 2600 1271 2629 in
1288 2599 1466 2630 custodiam
1483 2599 1588 2634 datur,
1603 2597 1679 2628 ibid.

1076 2642 1250 2682 Rhegium,
1274 2642 1386 2672 civitas
1411 2651 1461 2679 24,
1489 2650 1515 2672 1.
1544 2638 1594 2678 26,
1621 2649 1668 2671 12.
1692 2649 1743 2681 29,

1117 2684 1146 2716 6.
1174 2684 1337 2726 Rhegium
1361 2686 1489 2714 tentant
1514 2682 1616 2713 Poeni
1641 2691 1693 2720 24,
1717 2692 1743 2714 1.

1120 2726 1170 2765 26,
1190 2736 1236 2757 12.

1077 2769 1217 2810 Rhegini
1237 2771 1370 2799 manent
1391 2768 1425 2798 in
1446 2767 1510 2798 fide
1530 2777 1604 2807 erga
1623 2767 1743 2798 Romar-

1117 2822 1174 2843 nos
1199 2821 1249 2850 23,
1274 2821 1322 2851 30.
1351 2810 1471 2841 triremi
1494 2819 1560 2840 una
1581 2820 1677 2850 opem
1698 2810 1742 2841 fe-

1117 2859 1191 2885 runt
1207 2853 1365 2885 Romanis
1380 2862 1431 2891 42,
1449 2853 1498 2891 48.

1077 2897 1308 2934 Rhinocolura,
1324 2897 1398 2927 urbs
1413 2904 1466 2935 45,
1485 2904 1530 2926 11.
