1888 3194
362 169 386 206 8
875 162 1021 205 TITI
1057 161 1235 205 LIVII

160 264 203 296 U.
221 264 258 295 C.
280 270 351 303 574·
363 266 547 314 paratam
568 255 881 313 expositamque
909 253 1084 310 copiam,
1105 263 1149 295 et
1168 261 1313 296 stratos
1333 254 1461 297 lectos
1480 255 1524 296 in
1544 261 1736 312 quaesto·
1748 267 1770 300 5.

160 308 200 339 A.
223 307 261 339 C.
285 316 296 337 ¹
305 307 354 346 78.
366 316 428 357 rio
466 314 731 363 invenissent,
771 311 937 369 regulus
975 311 1179 353 accubans
1218 311 1375 368 epulari
1414 312 1562 369 coepit.
1629 310 1737 370 Mox

367 373 479 414 idem
500 372 627 414 ceteri
647 386 802 420 omnes,
818 384 1022 411 armorum
1039 369 1304 425 hostiumque
1322 369 1452 420 obliti,
1468 370 1647 412 faciunt:
1680 376 1735 419 et,

368 440 415 472 ut
436 430 586 486 quibus
607 429 791 470 insuetus
811 426 1016 469 liberalior
1037 426 1167 468 vietus
1188 436 1305 477 esset,
1328 427 1488 469 avidius
1506 427 1604 469 vino
1624 426 1738 469 cibo-

369 503 450 544 que
472 502 643 544 corpora
662 493 845 527 onerant.

427 544 708 601 Nequaquam
735 543 881 584 eadem
911 550 972 582 est
1002 550 1091 583 tum
1121 541 1181 582 rei
1203 542 1334 583 forma
1360 542 1472 598 apud
1501 542 1737 584 Romanos:

370 612 489 652 terra,
512 602 615 643 mari
632 601 876 657 trepidatur:
910 599 1066 641 nautici
1086 599 1350 641 tabernacula
1364 599 1610 650 detendunt,
1627 614 1741 641 com-

370 668 636 716 meatumque
664 659 708 699 in
731 658 850 699 litore
879 657 1113 713 expositum
1143 657 1187 698 in
1214 672 1338 699 naves
1367 657 1556 714 rapiunt:
1589 656 1741 698 milites

369 718 413 758 in
434 717 603 773 scaphas
623 725 665 757 et
692 731 802 757 mare
830 715 962 756 territi
981 722 1129 755 ruunt:
1162 723 1326 765 nautae,
1348 725 1465 756 metu
1483 730 1536 756 ne
1558 713 1742 770 comple-

370 784 491 816 antur
516 774 692 830 navigia,
722 773 790 814 alii
818 773 961 813 turbae
987 772 1202 822 obsistunt,
1225 772 1294 813 alii
1321 773 1372 814 ab
1399 772 1518 814 litore
1549 786 1673 813 naves
1696 771 1742 812 in

370 832 498 873 altum
527 830 751 888 expellunt.
812 829 917 871 Inde
948 838 1169 879 certamen,
1198 844 1296 871 mox
1325 830 1451 871 etiam
1474 844 1616 886 pugna
1644 843 1742 870 cum

369 889 608 931 vulneribus
629 897 671 929 et
697 887 824 929 caede
846 888 889 928 in
917 887 1051 928 vicem
1072 886 1252 928 militum
1272 895 1576 942 nautarumque
1597 885 1741 937 oritur,

370 946 503 988 donec
538 947 651 987 iussu
682 944 861 986 consulis
892 944 1037 1001 procul
1069 960 1092 986 a
1124 953 1231 986 terra
1265 944 1402 986 classis
1433 951 1638 985 summota
1665 951 1740 985 est.

373 1003 595 1046 Secernere
636 1003 732 1044 inde
772 1003 952 1044 inermes
991 1003 1042 1043 ab
1082 1002 1247 1043 armatis
1286 1002 1435 1058 coepit.
1503 1001 1589 1042 Vix
1628 1000 1742 1042 mille

369 1061 538 1103 ducenti
560 1076 612 1103 ex
640 1069 755 1102 tanta
775 1059 1056 1109 multitudine,
1078 1060 1151 1115 qui
1172 1074 1284 1100 arma
1310 1059 1523 1109 haberent,
1543 1059 1742 1115 perpauci

368 1119 541 1175 equites,
565 1119 637 1175 qui
658 1133 787 1174 equos
806 1133 945 1159 secum
968 1117 1221 1167 eduxissent,
1238 1117 1397 1158 inventi
1418 1125 1525 1158 sunt.
1589 1115 1743 1158 Cetera

370 1176 565 1218 deformis
604 1177 736 1225 turba,
770 1175 883 1216 velut
916 1175 1094 1216 lixarum
1133 1174 1422 1231 calonumque,
1457 1173 1612 1231 praeda
1644 1188 1741 1215 vere

367 1233 519 1285 futura,
541 1234 574 1275 si
594 1233 691 1275 belli
713 1233 850 1274 hostes
878 1233 1172 1274 meminissent.
1234 1233 1356 1274 Tunc
1377 1232 1547 1273 demum
1570 1231 1774 1276 nuntius6

370 1291 423 1332 ad
443 1292 606 1333 tertiam
626 1291 833 1347 legionem
854 1290 1139 1339 revocandam,
1162 1299 1204 1331 et
1227 1289 1445 1332 Gallorum
1465 1288 1738 1346 praesidium:

369 1357 412 1391 et
431 1349 554 1390 simul
574 1364 627 1391 ex
648 1349 838 1390 omnibus
860 1348 958 1388 locis
986 1347 1038 1388 ad
1059 1355 1190 1388 castra
1213 1347 1452 1404 recipienda
1472 1346 1743 1389 demendam-

369 1422 451 1463 que
491 1406 762 1464 ignominiam
802 1405 927 1446 rediri
967 1413 1162 1461 coeptum
1202 1413 1273 1447 est.
1343 1405 1522 1447 Tribuni
1561 1404 1742 1446 militum

368 1464 513 1506 tertiae
535 1464 709 1520 legionis
736 1463 933 1520 pabulum
955 1462 1150 1519 lignaque
1171 1463 1371 1519 proiicere
1393 1463 1562 1505 iubent:
1596 1471 1742 1503 centu·
1756 1472 1774 1506 7

367 1521 552 1563 rionibus
582 1522 799 1578 imperant,
829 1529 875 1562 ut
904 1521 1109 1577 graviores
1135 1529 1268 1562 aetate
1296 1520 1448 1562 milites
1476 1521 1592 1562 binos
1619 1520 1663 1560 in
1693 1534 1744 1561 ea

368 1579 565 1629 iumenta,
589 1594 641 1620 ex
658 1579 807 1634 quibus
829 1593 954 1619 onera
975 1578 1136 1619 deiecta
1156 1587 1285 1628 erant,
1307 1578 1546 1634 imponant:
1579 1576 1742 1633 equites

367 1646 414 1677 ut
447 1636 632 1693 singulos
668 1652 689 1677 e
726 1635 944 1677 iuvenibus
983 1635 1144 1692 pedites
1174 1650 1313 1677 secum
1349 1636 1393 1676 in
1423 1650 1552 1691 equos
1581 1634 1741 1676 tollant.

368 1699 380 1718 ‘
394 1693 615 1750 Egregiam
635 1693 807 1749 gloriam
829 1692 1001 1749 legionis
1016 1693 1118 1742 fore,
1135 1693 1168 1734 si
1188 1702 1331 1743 castra,
1349 1701 1463 1734 metu
1485 1692 1744 1734 secundano—

368 1757 483 1792 ‘rum
505 1751 663 1801 amissa,
686 1766 758 1791 sua
778 1751 929 1791 virtute
958 1750 1185 1806 recipiant:
1219 1760 1261 1792 et
1287 1751 1416 1807 recipi
1440 1750 1558 1792 facile
1587 1765 1687 1801 esse,
1707 1749 1744 1791 si

368 1809 435 1849 ‘in
463 1808 617 1864 pracda
643 1807 834 1864 occupati
862 1808 1022 1849 barbari
1046 1809 1182 1849 subito
1203 1809 1512 1864 opprimantur:
1545 1807 1652 1849 sicut
1674 1823 1744 1849 ce-

368 1871 379 1889 ‘
391 1867 541 1922 perint,
563 1881 681 1922 posse
703 1865 819 1920 capi.’
882 1864 1052 1905 Summa
1078 1865 1257 1906 militum
1278 1865 1486 1906 alacritate
1507 1864 1742 1906 adhortatio

367 1923 507 1964 audita
527 1933 599 1963 est.
663 1922 819 1962 Ferunt
845 1921 960 1962 citati
987 1922 1116 1977 signa,
1138 1937 1216 1963 nec
1244 1922 1459 1978 signiferos
1486 1921 1633 1963 armati
1653 1937 1743 1964 mo-

367 1989 530 2020 rantur:
565 1979 720 2035 priores
741 1988 879 2019 tamen
901 1979 1044 2020 consul
1065 1979 1305 2035 copiaeque,
1324 1994 1430 2035 quae
1451 1994 1475 2020 a
1495 1979 1598 2020 mari
1617 1979 1742 2021 redu-

367 2038 578 2086 cebantur,
611 2036 664 2077 ad
694 2035 845 2077 vallum
871 2045 1142 2086 accesserunt.
1204 2036 1253 2077 L.
1277 2037 1409 2086 Atius,
1439 2037 1629 2078 tribunus
1657 2037 1741 2094 pri-

367 2109 458 2134 mus
485 2094 689 2135 secundae
720 2093 905 2150 legionis,
937 2109 1022 2135 non
1052 2093 1292 2135 hortabatur
1321 2094 1445 2136 modo
1475 2094 1639 2146 milites,
1667 2095 1742 2138 sed

162 599 349 640 Trepidatio

163 643 325 673 Romano-

160 695 241 716 rum.

162 1248 316 1279 Redeunt

161 1291 202 1321 ad
219 1294 320 1321 castra

160 1332 352 1374 recipienda.

365 2228 548 2268 saepissime
560 2229 726 2265 Quintana
736 2229 909 2260 dicebatur.
931 2231 1031 2267 Quin-

367 2276 445 2302 tana
461 2272 546 2302 dicta
561 2282 579 2302 a
602 2272 720 2311 quintis
740 2272 920 2303 cohortibus
940 2273 1030 2303 iuxta

367 2324 438 2344 eam
469 2315 682 2346 tendentibus.
727 2316 872 2354 Apparet
901 2325 941 2346 ex
970 2315 1031 2345 hoc

368 2356 451 2388 Livii
472 2357 542 2386 loco
564 2357 627 2387 iarn
648 2367 732 2387 nunc
756 2361 914 2387 mutatum
936 2357 1031 2388 fuisse

369 2399 465 2429 situm
498 2399 680 2438 quaestorii,
710 2399 755 2429 ita
784 2403 820 2429 ut
850 2399 930 2430 illud
962 2405 1031 2430 tum

369 2446 461 2479 esset,
488 2452 550 2481 quo
577 2443 647 2472 loco
674 2442 827 2481 Polybius
852 2442 975 2480 statuit,
1000 2442 1032 2472 in

369 2484 471 2515 fronte
498 2488 669 2514 castrorum
694 2485 734 2514 ad
762 2485 909 2523 praetorii
937 2485 1031 2516 latus.

369 2527 448 2557 Ideo
460 2527 564 2557 hostes
575 2527 730 2565 practorio
740 2527 863 2557 deiecto
873 2528 913 2557 ad
924 2538 1031 2567 quaes-

368 2570 482 2599 torium
500 2569 697 2608 perveniunt.
737 2569 927 2604 Quaestorio
939 2570 1032 2609 igitur

368 2612 520 2642 translato
544 2612 575 2641 in
600 2616 721 2650 partem
745 2621 893 2650 superam
917 2616 1031 2642 castro-

366 2664 449 2689 rum,
461 2655 555 2684 simul
571 2658 601 2684 et
618 2655 718 2684 forum
733 2654 905 2693 quaeston's
917 2655 1030 2685 codem

367 2697 554 2726 translatum
572 2700 628 2727 est.
674 2696 763 2732 Quin
776 2700 808 2726 et
825 2697 874 2727 via
884 2697 1029 2736 proxima

367 2739 544 2778 quaestorio
565 2738 732 2774 Quintana
750 2749 875 2778 quoque
893 2740 1029 2770 vocitata

366 2786 414 2812 est
426 2792 444 2812 a
460 2781 667 2811 similitudine
683 2791 773 2811 verae
788 2782 982 2820 Quintanae‚
995 2783 1026 2813 in

366 2834 430 2862 qua
445 2824 521 2854 olim
535 2824 747 2862 quaestorium
766 2825 902 2863 positum
916 2826 1026 2856 fuerat.

368 2867 410 2897 Et
427 2867 506 2897 haec
522 2866 552 2896 in
570 2867 639 2897 loc-0
658 2877 752 2905 quem
769 2866 967 2906 explicamus
982 2868 1027 2898 in-

365 2909 536 2950 telligenda
547 2913 593 2940 est
604 2909 782 2947 Quintana,
791 2920 854 2940 non
865 2909 921 2940 illa
929 2911 1029 2942 altera

1075 2233 1175 2267 vetus,
1207 2241 1288 2270 quae
1319 2231 1452 2263 nfinium
1482 2233 1575 2273 longe
1603 2234 1693 2265 abest
1721 2244 1742 2266 a

1073 2273 1241 2312 praetorio.
1287 2275 1380 2305 Haec
1400 2275 1446 2305 ita
1466 2276 1627 2316 explicare
1647 2287 1741 2308 cona-

1074 2325 1156 2353 mur,
1183 2321 1218 2346 ut
1244 2317 1391 2347 brevitati
1421 2318 1516 2348 simul
1540 2322 1572 2349 et
1602 2318 1740 2350 claritati

1075 2359 1289 2390 consulamus,
1321 2360 1382 2390 Sed
1395 2361 1449 2399 qui
1461 2364 1562 2391 totam
1571 2371 1638 2391 rem
1650 2372 1740 2402 aper-

1076 2400 1138 2430 tius
1161 2401 1339 2440 perspicere
1362 2404 1458 2441 volet,
1474 2404 1569 2434 adeat
1590 2404 1679 2444 Lips.
1699 2405 1740 2435 de

1077 2443 1149 2474 Mil.
1167 2444 1262 2475 Rom.
1281 2455 1307 2475 v.
1325 2454 1353 2483 3.
1377 2446 1481 2477 Cam.

1119 2494 1134 2523 5
1159 2487 1280 2516 Stratos
1295 2487 1402 2527 lectos]
1430 2489 1551 2519 Contra
1565 2498 1685 2519 morem
1701 2499 1740 2520 ac

1074 2527 1277 2567 disciplinam
1308 2530 1490 2567 militarem,
1519 2541 1615 2570 quam
1645 2531 1740 2562 valde

1075 2571 1210 2601 solutam
1233 2571 1265 2601 in
1285 2572 1334 2602 his
1355 2573 1464 2603 castris
1478 2573 1573 2604 fuisse
1593 2578 1739 2614 apparet.

1075 2613 1212 2644 Durum.

1115 2654 1135 2686 6
1161 2657 1249 2686 Tune
1270 2658 1393 2688 demum
1422 2657 1574 2698 nuntius]
1614 2659 1738 2699 Supple

1074 2699 1184 2728 missus
1199 2703 1252 2729 est.
1286 2699 1348 2730 Per
1363 2701 1526 2732 Gallorum
1540 2703 1738 2741 praesidium

1072 2741 1132 2770 tria
1152 2740 1209 2770 illa
1232 2741 1333 2772 millia
1353 2747 1558 2781 armatorum,
1575 2744 1629 2783 qui
1651 2755 1736 2784 supr.

1075 2793 1100 2814 1.
1117 2787 1344 2821 memorantur,
1359 2785 1527 2826 intelligas.

1116 2832 1131 2864 7
1154 2827 1450 2867 Proiicereiubent]
1474 2839 1515 2860 sc.
1528 2829 1660 2868 Milites,
1671 2829 1736 2862 sive

1071 2868 1274 2908 pabulatores
1288 2880 1325 2900 ac
1341 2870 1520 2910 lignatores
