1888 3194
916 189 1207 229 INDEX.

371 267 615 306 Suismontium,
637 277 729 299 mons
755 266 905 308 Liguriae
932 276 984 309 39,
1012 276 1039 299 2.

412 320 464 348 40,
481 320 530 348 41·

371 352 496 390 Sulmo,
512 352 667 393 oppidum
685 352 735 391 26,
755 363 802 385 11.

370 395 525 434 Sulpicia,
551 396 653 435 gravis
677 395 808 434 femina,
835 406 942 427 socrus
965 406 1038 426 con-

412 438 490 468 sulis
508 438 664 468 Postumii
681 447 732 479 39,
753 448 801 476 11,
821 448 855 469 12
873 443 905 469 et
925 447 971 477 13.

370 480 407 512 C.
426 480 598 520 Sulpicius,
617 481 751 521 legatus,
771 481 824 520 qui
846 482 929 512 idem
954 481 1037 511 vide-

411 527 464 553 tur
487 534 565 559 esse,
587 534 625 553 ac
653 524 689 555 C.
708 524 869 563 Sulpicius
898 524 1038 560 Peticus,

412 567 452 596 de
468 576 531 605 quo
547 566 638 602 infra,
657 566 754 596 vincit
774 567 932 597 Hernicos
950 574 978 604 7,
997 574 1023 605 7.

369 608 407 639 C.
421 608 583 647 Sulpicius
600 613 726 648 praetor
746 613 881 646 creatur,
898 613 929 638 et
950 607 1036 638 sorti-

411 654 463 680 tur
479 651 619 681 Siciliam
639 661 689 690 25,
706 661 756 688 41.

368 694 406 724 C.
421 693 582 732 Sulpicius
597 693 668 723 trib.
684 693 727 732 pl.
746 702 797 730 43,
817 691 863 723 16.

367 736 406 766 C.
423 735 585 774 Sulpicius
606 735 795 766 Camerinus
818 744 929 765 censor
950 744 1035 764 crea-

409 782 462 808 tur
487 776 517 815 6,
545 787 593 817 27.
626 777 754 807 abdicat
778 787 810 807 se
836 777 1035 817 magistratu,

408 820 485 851 ibid.

366 862 404 893 C.
414 861 580 902 Sulpicius
601 862 720 900 Galba,
742 861 889 902 pontifex
910 871 962 901 30,
984 871 1033 904 39.

408 905 542 935 moritur
559 914 609 944 32,
628 914 653 943 7.

365 947 403 978 C.
420 947 583 987 Sulpicius
613 947 721 978 Galba
752 951 878 977 creatur
907 951 1036 987 praetor

406 1000 459 1029 42,
484 990 531 1020 28.
560 990 688 1020 sortitur
708 989 960 1021 iurisdictionem
984 1001 1034 1020 ur-

405 1033 521 1063 banam
539 1042 588 1071 31.

364 1075 401 1106 C.
420 1075 583 1115 Sulpicius
608 1074 735 1111 Gallus,
765 1075 949 1106 nominatur
979 1085 1033 1115 pa-

405 1122 515 1148 tronus
535 1119 575 1148 ab
598 1118 755 1157 Hispanis
776 1127 828 1157 43,
853 1128 880 1149 2.
908 1122 1034 1149 creatur

407 1164 534 1200 praetor
571 1170 618 1199 13.
656 1161 819 1191 delectum
854 1161 952 1191 habet
986 1159 1031 1192 16.

405 1203 534 1233 sortitur
570 1203 822 1233 iurisdictionem
866 1204 1032 1241 urbanam,

405 1246 481 1276 ibid.
509 1247 550 1276 ab
571 1257 608 1276 eo
630 1250 661 1276 et
684 1246 807 1285 collega
827 1246 875 1277 M.
894 1246 1032 1278 Claudio

405 1289 515 1319 consul
540 1288 658 1328 accipit
690 1289 831 1327 legiones
860 1297 906 1328 17.
945 1289 1031 1319 idem

405 1331 534 1368 Gallus,
547 1331 618 1361 trib.
635 1331 702 1361 mil.
716 1332 874 1361 secundae
887 1331 1031 1371 legionis,

404 1373 561 1413 praedicit
596 1373 731 1413 eclipsin
768 1374 864 1404 lunae
899 1385 951 1412 44,
982 1382 1031 1413 37.

405 1420 530 1456 praeest
555 1416 664 1446 castris
687 1416 820 1446 Aemilii
847 1417 955 1447 Paulli
981 1424 1032 1455 45,

407 1468 455 1497 27.
480 1462 604 1489 creatur
620 1469 682 1489 cos.
699 1470 750 1496 44.

361 1502 400 1533 C.
417 1501 579 1540 Sulpicius
602 1501 741 1540 Longus,
763 1511 825 1532 cos.
849 1501 880 1538 8,
905 1509 950 1540 15.
974 1501 1031 1532 ite-

404 1554 475 1574 rum
500 1552 549 1582 37.
580 1543 710 1574 tertium
733 1553 764 1584 9,
789 1553 838 1583 24.
873 1544 1033 1575 Samnites

406 1585 504 1616 vincit
522 1594 570 1624 27.

362 1629 400 1661 C.
415 1628 577 1668 Sulpicius
594 1627 725 1658 Peticus
738 1639 799 1659 cos.
819 1635 848 1667 7,
863 1638 890 1660 2.
914 1629 976 1660 vid.
994 1629 1032 1661 C.

404 1670 567 1710 Sulpicius
593 1671 727 1710 legatus.
761 1672 876 1702 iterum
908 1682 970 1703 cos.
1001 1682 1030 1713 9.

404 1713 493 1744 ducit
523 1713 700 1744 exercitum
730 1713 764 1744 in
798 1714 969 1751 Hernicos,
999 1718 1031 1745 et

404 1756 614 1787 Ferentinum
631 1757 741 1786 urbem
756 1756 854 1796 capit,
865 1756 941 1788 ibid.
966 1757 1031 1787 dic-

402 1802 487 1829 tator
510 1799 614 1829 dictus
638 1808 685 1830 12.
709 1799 806 1829 trahit
828 1800 963 1837 bellum,
979 1810 1030 1830 ae-

402 1852 456 1881 gre
485 1841 518 1872 id
547 1841 721 1872 ferentibus
755 1842 923 1879 militibus,
953 1842 1028 1874 ibid.

403 1885 478 1915 Sex.
494 1884 597 1914 Tullii
612 1884 654 1914 ad
674 1894 748 1914 eum
765 1885 865 1915 oratio
890 1895 938 1923 13.
961 1885 1030 1916 eius

402 1931 594 1966 strategema
626 1936 672 1964 14.
711 1927 809 1957 vincit
841 1927 966 1965 Gallos,
997 1932 1029 1958 et

402 1969 581 2009 triumphat
600 1977 646 2008 15.
670 1969 738 1999 auri
754 1980 794 2000 ex
807 1970 943 2000 Gallicis
958 1981 1028 2010 spo-

401 2012 452 2042 liis
467 2022 621 2052 magnum
636 2013 772 2051 pondus,
785 2023 862 2043 saxo
874 2014 1029 2052 quadrato

403 2058 543 2094 septum,
566 2055 599 2085 in
624 2055 787 2094 Capitolio
813 2059 928 2093 sacrat,
951 2056 1027 2087 ibid.

403 2101 528 2128 creatur
546 2098 685 2128 interrex
709 2101 741 2128 et
763 2098 893 2128 tertium
918 2099 1029 2129 consul

406 2148 442 2179 17
463 2144 495 2170 et
519 2140 565 2170 18.
593 2144 742 2179 quartum
767 2150 813 2182 19.
846 2141 962 2171 iterum
982 2141 1028 2171 in-

401 2188 518 2218 terrex,
534 2187 566 2213 et
582 2182 729 2222 quintum
745 2184 855 2213 consul
874 2193 922 2214 22.

360 2226 398 2256 L.
412 2225 584 2264 Sulpicius,
598 2225 670 2256 trib.
686 2225 780 2256 milit.
797 2235 850 2264 40,
866 2234 915 2264 27.

360 2268 398 2298 P.
416 2267 589 2307 Sulpicius,
618 2268 742 2306 legatus
772 2268 957 2305 consularis,
987 2269 1028 2298 ad

403 2309 578 2339 exercitum
600 2309 739 2339 mittitur
761 2309 959 2340 Aventinum
981 2310 1027 2340 in-

403 2351 560 2381 sidentem
578 2361 608 2390 3,
625 2359 674 2389 50.

361 2395 398 2425 P.
413 2393 586 2432 Sulpicius,
602 2393 739 2423 interrex
760 2403 808 2429 10,
828 2403 874 2423 11.

361 2437 398 2468 P.
413 2435 573 2475 Sulpicius
589 2435 778 2466 Camerinus
795 2435 939 2466 Athenas
954 2435 1026 2467 mis-

402 2489 454 2508 sus
469 2479 576 2518 legum
592 2488 687 2508 causa
703 2486 732 2516 3,
750 2486 799 2515 31.

360 2521 398 2553 P.
413 2521 574 2560 Sulpicius
595 2520 713 2558 Galba,
734 2519 834 2551 Servii
859 2520 952 2559 filius,
973 2521 1027 2560 qui

401 2564 528 2594 nullum
542 2566 637 2593 antea
649 2563 793 2593 curulem
804 2563 1026 2602 magistratum

400 2609 550 2646 gesserat,
573 2615 635 2635 cos.
659 2609 783 2635 creatur
807 2613 856 2643 25,
879 2615 928 2643 41.
960 2616 1026 2637 ma-

400 2648 567 2688 gistratum
583 2647 643 2677 init
666 2646 716 2685 26,
735 2657 760 2678 1.
786 2648 938 2687 Apuliam
955 2659 1025 2688 pro—

401 2690 540 2721 vinciam
551 2690 673 2720 obtinet
685 2700 732 2721 22.
755 2690 787 2720 111
798 2691 1026 2722 Macedoniam

399 2732 549 2769 mittitur,
571 2733 647 2763 ibid.
675 2732 704 2763 ei
726 2732 895 2772 imperium
921 2744 1025 2773 proro-

399 2779 510 2816 gatum
528 2775 576 2805 28.
601 2775 698 2805 etiam
713 2785 796 2806 anno
813 2776 957 2814 sequenti
976 2786 1025 2816 27,

403 2826 431 2858 7,
464 2828 509 2849 10.
542 2817 658 2848 iterum
687 2828 772 2848 anno
802 2818 947 2858 sequenti
976 2828 1024 2850 22.

399 2861 468 2892 eius
489 2870 538 2891 res
559 2863 666 2900 gestae
688 2869 739 2899 31,
759 2869 797 2899 32
822 2864 854 2891 et
877 2870 927 2899 33.
957 2861 1026 2892 eius

399 2913 449 2934 res
462 2907 570 2943 gestas
591 2913 675 2934 anno
696 2903 841 2943 sequenti
863 2904 915 2943 28,
932 2912 1024 2945 5—7.

1126 267 1155 298 ei
1177 266 1320 298 succedit
1346 268 1382 298 P.
1400 265 1609 307 Sempronius
1629 275 1680 308 29,
1701 276 1752 299 12.

1125 313 1250 341 creatur
1265 310 1402 340 dictator
1417 319 1469 349 3ο,
1486 319 1535 348 24.
1557 309 1673 341 iterum
1688 319 1752 341 cos.

1125 361 1142 391 3
1151 362 1177 389 1,
1193 365 1222 392 4.
1247 353 1286 383 de
1298 353 1384 383 bello
1395 354 1546 383 adversus
1558 352 1752 392 Philippum

1124 395 1219 425 refert
1235 396 1277 425 ad
1297 399 1444 426 senatum
1462 403 1490 434 5.
1515 395 1543 426 ei
1556 394 1663 426 evenit
1679 395 1751 425 Ma-

1125 438 1258 468 cedonia
1294 438 1458 477 provincia
1487 436 1516 469 6.
1554 437 1752 477 rogationem

1125 480 1307 519 promulgat
1338 481 1377 511 de
1407 481 1494 511 bello
1525 480 1750 517 Macedonico,

1123 522 1198 552 ibid.
1224 522 1291 552 eius
1306 522 1405 553 oratio
1424 530 1450 561 7.
1475 523 1613 553 consulit
1627 522 1752 553 fetiales

1125 565 1166 594 de
1181 565 1279 601 bello,
1296 565 1447 604 Philippo
1459 565 1524 604 regi
1538 565 1710 595 indicendo
1720 565 1750 596 8.

1125 607 1153 636 ei
1171 607 1372 645 permissum,
1384 611 1421 636 ut
1432 608 1473 637 de
1488 607 1642 645 exercitu,
1654 617 1750 647 quem

1126 649 1163 679 P.
1178 648 1285 687 Scipio
1301 659 1340 679 ex
1358 648 1465 679 Africa
1477 649 1685 688 deportasset,
1700 660 1750 680 vo-

1122 691 1289 727 luntarios,
1300 701 1379 730 quos
1392 695 1508 730 posset,
1519 691 1661 730 duceret,
1671 691 1749 724 ibid.

1122 734 1296 772 paludatus
1326 744 1398 763 cum
1430 733 1596 764 lictoribus
1625 734 1750 773 profici-

1122 776 1220 806 scitur
1233 776 1267 805 in
1290 776 1518 806 Macedoniam
1537 785 1583 814 14.
1607 776 1691 806 circa
1706 777 1750 807 A-

1122 818 1298 857 polloniam
1319 818 1466 849 hibernat
1489 828 1537 849 22.
1560 818 1623 849 vid.
1645 822 1678 849 et
1699 825 1749 858 27.

1122 861 1190 891 eius
1204 871 1253 891 res
1273 865 1380 900 gestae
1397 870 1414 899 3
1419 871 1532 901 3—40.
1555 861 1679 901 legatus
1693 861 1749 892 ad-

1121 904 1207 934 ditur
1219 904 1257 935 T.
1272 904 1428 940 Quinctio
1440 913 1492 942 32,
1505 904 1556 934 28.
1578 904 1702 943 legatus
1715 903 1750 934 in

1121 946 1233 977 decem
1249 947 1290 977 ad
1306 957 1355 977 res
1371 946 1586 977 Macedoniae
1600 950 1633 976 et
1649 945 1748 977 Grae-

1121 988 1189 1019 ciae
1209 990 1446 1028 componendas
1472 998 1524 1028 33,
1546 999 1595 1027 24.
1625 989 1749 1029 legatus

1119 1031 1259 1062 mittitur
1273 1032 1314 1062 ad
1333 1032 1532 1062 Antiochum
1555 1040 1607 1070 34,
1623 1039 1673 1073 59.
1697 1042 1748 1062 ve-

1119 1074 1167 1104 nit
1179 1075 1220 1104 ad
1238 1074 1419 1105 Eumenem
1436 1082 1487 1113 35,
1507 1084 1543 1114 13
1560 1077 1592 1104 et
1611 1083 1658 1113 14.
1681 1073 1749 1105 eius

1121 1127 1194 1147 cum
1211 1117 1356 1147 Minione
1373 1117 1571 1156 colloquium
1590 1115 1637 1148 16.

1077 1160 1115 1193 P.
1133 1159 1295 1199 Sulpicius
1318 1159 1465 1191 Saverrio
1488 1169 1550 1190 cos.
1570 1162 1696 1189 creatur
1715 1168 1746 1200 9,

1119 1210 1169 1242 45.
1205 1203 1245 1232 ob
1275 1212 1323 1232 res
1352 1203 1434 1233 bene
1462 1205 1568 1242 gestas
1596 1202 1748 1232 adversus

1119 1246 1249 1284 Aequos
1263 1245 1454 1284 triumphat,
1467 1244 1545 1276 ibid.
1569 1254 1680 1275 censor
1697 1253 1747 1282 10,

1077 1331 1119 1367 Q.
1141 1312 1318 1370 Sulpicius,
1350 1330 1475 1370 legatus
1511 1328 1677 1360 dictatoris
1705 1329 1763 1374 A.-

1120 1373 1279 1404 Postumii
1295 1383 1326 1410 4,
1343 1380 1391 1411 27.

1077 1416 1119 1452 Q.
1145 1415 1307 1455 Sulpicius
1340 1414 1542 1452 Camerinus,
1574 1413 1647 1445 trib.
1675 1411 1748 1446 mil.

1119 1468 1181 1489 cos
1200 1461 1264 1497 pot.
1283 1465 1312 1495 5,
1328 1457 1357 1488 8.
1380 1457 1495 1487 iterum
1516 1467 1563 1494 14.

1077 1501 1120 1537 Q.
1139 1500 1301 1539 Sulpicius
1328 1500 1469 1539 Longus,
1492 1499 1564 1530 trib.
1588 1498 1656 1530 mil.
1681 1509 1745 1530 cos.

1118 1546 1184 1583 pot.
1211 1552 1240 1581 5,
1266 1541 1307 1582 36
1331 1546 1364 1573 et
1388 1551 1438 1582 47.
1471 1541 1645 1582 paciscitur
1670 1551 1745 1573 cum

1120 1586 1249 1617 Brenno
1266 1586 1315 1623 48.

1077 1628 1142 1659 Ser.
1161 1628 1335 1668 Sulpicius,
1351 1637 1414 1659 cos.
1429 1626 1511 1658 nihil
1527 1627 1659 1667 dignum
1678 1637 1745 1658 me-

1117 1671 1219 1701 moria
1234 1671 1299 1711 agit
1316 1680 1345 1708 2,
1364 1680 1411 1712 19.

1076 1714 1141 1745 Ser.
1164 1713 1338 1753 Sulpicius,
1365 1712 1452 1743 curio
1478 1712 1650 1751 maximus,
1676 1722 1744 1743 mo-

1117 1756 1197 1787 ritur
1212 1765 1242 1795 3,
1260 1764 1287 1796 7.

1075 1799 1142 1830 Ser.
1164 1798 1338 1838 Sulpicius,
1361 1808 1423 1829 cos.
1449 1807 1480 1837 3,
1504 1807 1552 1829 10.
1582 1796 1745 1829 decemvir

1117 1851 1167 1881 33.
1192 1842 1315 1881 legatus
1331 1844 1456 1880 praeest
1472 1840 1634 1880 equitibus
1652 1848 1700 1879 70.

1073 1884 1139 1915 Ser.
1157 1884 1318 1924 Sulpicius
1333 1883 1524 1915 Camerinus
1540 1893 1601 1913 cos.
1619 1885 1745 1913 creatur

1116 1935 1146 1966 5,
1171 1937 1218 1968 29.
1247 1927 1318 1957 trib.
1342 1926 1409 1957 mil.
1433 1936 1495 1958 cos.
1519 1929 1586 1965 pot.
1610 1934 1660 1964 32.
1688 1925 1744 1956 ad-

1116 1980 1223 2000 versus
1238 1969 1420 2009 Salpinates
1432 1968 1654 2008 proficiscitur,
1666 1967 1743 1999 ibid.

1116 2016 1240 2043 creatur
1254 2012 1394 2042 interrex
1409 2010 1440 2048 6,
1457 2019 1485 2050 5.

1073 2056 1139 2085 Ser.
1157 2055 1319 2094 Sulpicius
1335 2054 1534 2092 Camerinus,
1549 2063 1613 2084 cos.
1632 2060 1660 2092 7,
1677 2052 1726 2082 28.

1074 2098 1139 2129 Ser.
1157 2097 1320 2137 Sulpicius
1344 2097 1463 2134 Galba,
1486 2095 1600 2127 aedilis
1623 2094 1742 2126 curulis

1117 2148 1167 2179 27,
1182 2150 1196 2169 2
1205 2150 1229 2170 1.
1249 2141 1290 2170 ad
1303 2139 1449 2169 Attalum
1466 2139 1589 2178 legatus
1603 2137 1742 2167 mittitur

1117 2192 1168 2223 29,
1199 2192 1244 2213 11.
1277 2181 1423 2222 pontifex
1450 2190 1501 2219 3ο,
1527 2179 1575 2211 26.
1606 2179 1742 2210 moritur

1116 2233 1168 2263 3²9
1187 2232 1213 2262 7·

1073 2268 1138 2298 Ser.
1155 2265 1317 2305 Sulpicius
1342 2265 1460 2303 Galba,
1484 2263 1598 2295 aedilis
1622 2264 1741 2296 curulis

1114 2309 1166 2347 38,
1190 2316 1240 2347 35.
1274 2313 1412 2347 praetor,
1441 2307 1570 2338 sortitur
1597 2307 1740 2338 iurisdic-

1112 2351 1234 2381 tionem
1253 2351 1408 2380 urbanam
1425 2360 1474 2388 42.
1492 2353 1524 2380 et
1541 2359 1592 2391 39,
1613 2357 1642 2389 5.
1665 2359 1739 2380 can-

1113 2393 1241 2423 didatus
1257 2393 1442 2423 consulatus
1458 2402 1507 2432 32.

1071 2437 1137 2467 Ser.
1159 2435 1323 2475 Sulpicius
1349 2435 1467 2473 Galba,
1493 2435 1565 2466 trib.
1595 2435 1662 2466 mil.
1692 2445 1738 2466 se-

1115 2478 1238 2508 cundae
1255 2478 1399 2518 legionis,
1411 2479 1596 2508 adversatur
1606 2476 1738 2508 Aemilii

1114 2521 1223 2551 Paulli
1238 2521 1403 2560 triumpho
1419 2528 1471 2559 45,
1487 2528 1539 2559 35,
1555 2518 1604 2558 36.

1071 2563 1136 2594 Ser.
1153 2563 1316 2602 Sulpicius
1342 2563 1460 2600 Rufus,
1485 2562 1556 2593 trib.
1582 2561 1650 2592 mil.
1674 2571 1737 2593 cos.

1112 2610 1179 2645 pot.
1195 2604 1226 2643 6,
1242 2617 1271 2643 4.
1293 2605 1408 2635 iterum
1427 2605 1475 2636 18.
1496 2604 1626 2635 tertium
1643 2613 1694 2634 21.

1071 2649 1136 2679 Ser.
1154 2647 1326 2687 Sulpicius,
1348 2647 1419 2677 trib.
1442 2646 1509 2678 mil.
1532 2656 1595 2678 cos.
1617 2650 1683 2686 pot.
1705 2645 1736 2684 6,

1114 2700 1162 2722 22.
1194 2691 1309 2720 iterum
1336 2698 1387 2728 32.
1417 2689 1531 2728 recipit
1556 2689 1737 2720 Tusculum

1113 2742 1162 2772 33.
1203 2733 1338 2762 duxerat
1373 2731 1527 2762 maiorem
1564 2732 1612 2763 M.
1642 2731 1736 2762 Fabii

1113 2775 1262 2806 Ambusti
1286 2774 1385 2804 filiam
1411 2784 1459 2814 34.
1485 2774 1557 2805 trib.
1580 2773 1648 2806 mil.
1671 2783 1736 2806 cos.

1112 2821 1178 2857 pot.
1193 2817 1324 2847 tertium
1341 2816 1390 2855 36.
1413 2820 1563 2856 quartum
1579 2816 1629 2856 38.

1070 2860 1204 2892 Sunium
1225 2860 1275 2897 28,
1291 2860 1319 2890 8.
1344 2869 1395 2898 31,
1413 2869 1462 2890 22.
1485 2859 1614 2891 Atticae
1633 2862 1736 2891 terrae

1111 2902 1362 2943 promontorium
1380 2911 1431 2941 32,
1451 2909 1498 2942 17.
