1888 3194
363 201 442 239 132
895 195 1045 237 TITI
1087 195 1266 237 LIVII

155 295 254 327 [ΚΟ.
277 287 493 335 583.millia
527 287 657 328 ferme
693 302 902 343 passuum,
941 287 1079 328 media
1114 287 1284 343 regione
1322 287 1431 327 inter
1461 285 1594 327 Dium
1626 285 1755 339 Tem-

153 339 192 369 A.
217 339 255 369 C.
282 337 515 401 ¹⁶9·peque,
544 344 588 385 in
620 359 722 400 rupe
753 345 863 385 amni
899 344 1146 385 imminente
1174 344 1369 400 positum.
1432 342 1649 399 Popillius,
1671 342 1756 398 pri-

153 437 186 467 Η
233 383 274 467 9‘1
365 417 540 458 usquam
569 410 747 443 armatos
775 401 903 442 muris
931 402 1184 451 admoveret,
1207 401 1333 450 misit,
1355 400 1429 456 qui
1450 399 1757 456 magistratibus

153 448 352 521 opifflgneaffm
363 459 708 516 principibusque
736 458 973 508 suaderent,
999 459 1127 500 fidem
1158 458 1510 514 clementiamque
1541 457 1758 498 Romano-

153 527 233 555 tum.
364 532 470 566 rum,
493 531 620 573 quam
651 516 748 566 vim,
774 516 955 572 experiri
986 516 1170 557 mallent.
1234 515 1356 556 Nihil
1387 530 1436 556 ea
1466 514 1640 556 consilia
1667 528 1758 554 mo-

364 583 528 624 verunt,
551 574 651 629 quia
671 573 789 629 ignes
809 573 863 614 ad
886 573 1098 628 Enipeum
1121 588 1174 614 ex
1194 573 1303 628 regis
1324 572 1467 613 castris
1487 571 1754 628 apparebant.

365 631 479 672 Tum
516 640 626 672 terra
659 631 848 685 marique
884 631 948 685 (et
981 629 1118 670 classis
1151 630 1325 685 appulsa
1356 629 1408 670 ab
1444 629 1566 670 litore
1603 627 1758 681 stabat)

364 688 488 729 simul
510 688 645 737 armis,
663 687 786 728 simul
808 687 1002 742 operibus
1023 686 1326 742 machinisque,
1349 685 1583 742 oppugnari
1604 685 1755 741 coepti.

365 745 546 787 Iuvenes
576 745 703 785 etiam
731 744 901 799 quidam
930 743 1128 793 Romani,
1153 743 1315 785 ludicro
1345 743 1521 784 circensi
1551 743 1604 783 ad
1635 757 1758 783 usum

365 802 462 843 belli
484 816 615 850 verso,
638 809 800 856 partem
829 799 1107 841 humillimam
1136 800 1246 841 muri
1271 807 1486 856 ceperunt.
1549 798 1646 840 Mos
1670 807 1759 840 erat

365 868 468 909 tum,
494 858 685 901 nondum
716 857 794 899 hac
825 857 1028 898 effusione
1060 857 1234 898 inducta
1263 857 1405 898 bestiis
1435 856 1624 897 omnium
1655 868 1788 912 gen-5

364 916 471 957 tium
511 915 670 957 circum
705 914 959 970 complendi,
996 914 1108 955 varia
1142 914 1475 970 spectaculorum
1510 914 1758 969 conquirere

363 988 544 1029 genera:
578 987 690 1022 nam,
716 971 845 1013 semel
872 971 1099 1028 quadrigis,
1125 971 1256 1013 semel
1285 971 1495 1013 desultore
1526 971 1665 1021 misso,
1686 971 1758 1012 vix

365 1030 490 1072 unius
534 1029 661 1071 horae
711 1038 878 1086 tempus
927 1038 1154 1086 utrumque
1204 1028 1456 1070 curriculum
1508 1027 1755 1085 complebat.

364 1086 485 1131 Inter
505 1096 644 1128 cetera
671 1087 869 1142 sexageni
896 1086 1026 1127 ferme
1058 1087 1242 1136 iuvenes,
1266 1086 1480 1127 interdum
1509 1085 1664 1142 plures,
1680 1099 1791 1142 ,ap-8

363 1145 640 1202 paratioribus
667 1144 788 1194 ludis,
811 1143 959 1185 armati
985 1143 1306 1185 inducebantur.
1369 1142 1536 1184 Horum
1566 1143 1758 1184 inductio

365 1203 410 1243 in
439 1210 557 1258 parte
588 1201 855 1242 simulacrum
886 1201 1147 1242 decurrentis
1174 1200 1383 1242 exercitus
1409 1209 1523 1249 erat3
1556 1215 1609 1241 ex
1640 1208 1758 1257 parte

365 1259 646 1315 elegantioris,
669 1274 796 1314 quam
825 1258 1014 1299 militaris
1045 1258 1155 1308 artis,
1178 1258 1432 1314 propiorque
1463 1257 1759 1314 gladiatorium

365 1331 575 1358 armorum
604 1331 738 1357 usum.
804 1315 950 1364 Quum
983 1315 1084 1356 alios
1115 1315 1314 1357 decursus
1346 1314 1577 1356 edidissent
1606 1323 1790 1365 motUS,9

366 1373 572 1430 quadrato
602 1374 769 1429 agmine
796 1373 919 1422 facto,
946 1372 1073 1414 scutis
1103 1388 1229 1429 super
1257 1373 1394 1428 capita
1423 1372 1620 1421 densatis,
1646 1380 1760 1413 stan-

366 1431 477 1473 tibus
521 1431 678 1487 primis,
721 1430 915 1472 secundis
957 1430 1320 1479 summissioribus,
1366 1430 1499 1471 tertiis
1540 1429 1672 1485 magis
1717 1437 1760 1472 et

365 1488 538 1544 quartiS,
560 1488 781 1544 postremis
809 1487 934 1528 ctiam
963 1502 1076 1543 genu
1106 1487 1219 1537 nisis,
1240 1487 1488 1543 fastigatam,
1510 1487 1619 1528 sicut
1648 1495 1759 1528 tecta

365 1545 651 1586 aedificiorum
685 1553 796 1594 sunt,
831 1545 1086 1586 testudinem
1118 1544 1336 1585 faciebant.
1400 1543 1516 1585 Hinc
1549 1543 1760 1600 quinqua-

365 1602 483 1659 ginta
517 1602 646 1643 ferme
683 1601 840 1657 pedum
877 1602 1011 1658 spatio
1048 1602 1250 1643 distantes
1285 1601 1370 1642 duo
1405 1601 1553 1642 armati
1587 1615 1759 1657 procur-

365 1660 527 1709 rebant,
550 1659 877 1714 comminatique
900 1660 1009 1700 inter
1029 1674 1086 1709 se,
1109 1659 1160 1699 ab
1181 1658 1266 1699 ima
1290 1659 1335 1699 in
1356 1673 1560 1699 summam
1583 1658 1759 1699 testudi-

364 1732 463 1758 nem
494 1731 569 1772 per
598 1716 771 1757 densata
801 1724 919 1757 scuta
948 1731 1080 1772 quum
1110 1716 1349 1766 evasissent,
1377 1731 1492 1757 nunc
1518 1715 1634 1757 velut
1663 1730 1760 1772 pro-

364 1782 601 1830 pugnantes
636 1788 712 1830 per
746 1788 836 1814 oras
871 1781 1082 1815 extremae
1120 1773 1354 1823 testudinis,
1392 1788 1505 1814 nunc
1540 1773 1585 1813 in
1620 1772 1761 1815 media

364 1832 476 1872 inter
506 1846 548 1872 se
579 1839 888 1880 concurrentes,
921 1830 1035 1872 haud
1067 1845 1185 1871 secus
1217 1846 1344 1886 quam
1376 1830 1513 1872 stabili
1544 1829 1633 1872 solo
1663 1845 1760 1887 per·

366 1888 587 1931 sultabant.
652 1887 767 1928 Huic
798 1887 964 1929 testudo
991 1887 1201 1928 simillima
1227 1887 1485 1929 humillimae
1513 1887 1622 1943 parti
1649 1887 1758 1928 muri

365 1945 546 1991 admota.
612 1944 757 1993 Quum
785 1944 932 1985 armati
959 1952 1242 2000 superstantes
1269 1945 1489 1994 subissent,
1518 1959 1759 2000 propugna-

365 2002 526 2043 toribus
553 2001 661 2042 muri
687 2001 852 2056 fastigio
883 2000 1115 2042 altitudinis
1145 2001 1455 2056 aequabantur:
1488 2000 1758 2058 depulsisque

365 2058 428 2108 iis,
445 2059 491 2099 in
512 2059 659 2099 urbem
679 2057 859 2098 duorum
880 2057 1094 2113 signorum
1116 2057 1268 2099 milites
1289 2057 1648 2099 transcenderunt.
1706 2058 1758 2100 Id
1774 2081 1787 2103 1

366 2123 531 2157 tantum
562 2114 761 2156 dissimile
794 2114 886 2163 fuit,
916 2114 1044 2170 quod,
1079 2123 1122 2156 et
1153 2114 1198 2155 in
1229 2115 1366 2156 fronte
1399 2125 1600 2165 extrema,
1629 2124 1672 2157 et
1703 2131 1788 2159 ex2

1770 959 1791 992 6

1773 1010 1790 1043 7

409 2225 427 2256 5
451 2218 569 2248 Bestiz‘s
605 2215 746 2248 omnium
780 2216 943 2254 yentium]
985 2215 1037 2246 Ex

365 2262 434 2290 toto
458 2263 614 2290 terrarum
642 2259 718 2288 orbe
743 2258 939 2297 conquisitis.
986 2258 1038 2288 De

366 2301 427 2331 hac
451 2301 673 2332 Romanorum
702 2300 837 2338 insania,
864 2301 903 2331 cf.
932 2300 1036 2339 Epist.

366 2343 483 2375 Cloelii
505 2344 546 2374 ad
563 2343 667 2374 Cicer.
687 2343 719 2373 in
741 2343 804 2382 Ep.
821 2343 862 2373 ad
881 2342 955 2374 Div.
973 2342 1036 2373 viii.

367 2398 397 2423 4.
413 2386 442 2416 8.
459 2389 491 2416 et
529 2410 536 2416 .

409 2427 429 2459 6
446 2395 546 2465 Ναὲτ,
561 2429 657 2459 semel
670 2428 853 2467 quadriyis]
874 2427 962 2458 Olim
978 2438 1036 2458 nec

365 2471 462 2502 semel
478 2471 645 2510 quadi-{qis
666 2470 841 2509 legebatur,
861 2470 917 2500 sed
941 2469 1036 2500 lectio

365 2516 473 2543 nostra
487 2513 659 2546 emendata
670 2512 758 2551 apud
771 2512 885 2543 Onufr.
900 2511 1036 2543 Panvin.

365 2555 406 2585 de
431 2554 514 2585 ludis
536 2554 678 2585 Circens.
703 2554 723 2584 i.
748 2564 778 2595 9.
804 2558 835 2584 et
860 2555 948 2593 apud
972 2555 1035 2585 Iul.

365 2597 458 2628 Caes.
490 2596 667 2636 Bullinger.
695 2597 735 2626 de
765 2596 859 2627 Circo
889 2597 1037 2636 ludisque

365 2638 570 2672 Circensibus
586 2648 636 2678 50.
652 2638 823 2670 invenitur.

410 2689 426 2720 7
449 2682 553 2712 Semel
571 2681 728 2712 desultore
748 2682 857 2719 misso]
885 2680 953 2717 Qui
974 2681 1037 2711 sint

365 2724 543 2759 desultores
573 2723 668 2753 docet
698 2723 767 2762 ipse
797 2723 885 2753 aliud
913 2724 1036 2762 agendo

365 2766 477 2800 Livius
506 2775 591 2804 supr.
619 2775 695 2795 xxx.
726 2774 774 2805 29.
825 2767 845 2781 ‘⁶
861 2765 1037 2803 Numidae,

364 2808 492 2847 quibus,
523 2808 721 2838 desultorum
752 2807 785 2837 in
820 2808 915 2837 niodo
946 2808 1038 2838 binos
1073 2809 1218 2846 suentem
1248 2807 1394 2847 intelligo
1420 2809 1570 2847 primam.

363 2850 567 2881 trahentibus
597 2859 706 2888 equos,
737 2849 820 2879 inter
848 2849 1036 2880 acerrimam

363 2902 460 2931 saepe
476 2902 618 2932 pugnam
634 2892 665 2922 in
683 2896 843 2922 recentem
861 2901 979 2931 equum
997 2902 1038 2922 ex

364 2934 445 2965 fesso
461 2934 593 2965 armatis
609 2935 801 2964 transultare
816 2943 885 2964 mos
900 2936 1000 2965 erat.”

1126 2216 1145 2246 8
1161 2218 1438 2256 Apparatioribus
1454 2218 1556 2255 ludis]
1583 2217 1678 2252 Haec
1693 2218 1756 2251 lec-

1082 2258 1127 2288 tio
1165 2268 1222 2298 pro
1253 2259 1337 2300 vulg.
1368 2260 1610 2299 apparitoribus
1639 2261 1709 2291 ludi
1736 2271 1757 2291 a

1083 2301 1204 2332 Mureti
1222 2311 1319 2332 manu
1335 2302 1495 2341 provenit,
1510 2305 1542 2332 et
1562 2302 1595 2332 in
1612 2302 1756 2334 Bekkeri

1083 2347 1272 2374 contextum
1288 2347 1419 2384 recepta
1434 2348 1493 2375 est.

1123 2395 1143 2426 9
1166 2387 1256 2417 Alios
1271 2388 1441 2424 decursus]
1467 2388 1635 2418 Decursus
1655 2386 1689 2417 in
1707 2397 1754 2418 se-

1081 2428 1187 2458 cundo
1212 2439 1285 2459 casu
1310 2429 1450 2468 positum
1474 2439 1542 2459 esse
1563 2432 1674 2460 monet
1690 2429 1755 2463 Ra-

1082 2470 1179 2509 schig.
1201 2471 1256 2501 sed
1274 2471 1447 2502 Douiatius
1464 2472 1601 2503 decursu
1619 2472 1756 2510 mavult,

1082 2514 1167 2552 quod
1184 2513 1322 2545 Crevier.
1339 2514 1463 2552 probat.

1128 2565 1138 2584 1
1166 2557 1315 2585 Duorum
1331 2556 1514 2595 siynorum]
1543 2566 1585 2587 sc.
1604 2556 1754 2587 Duorum

1082 2597 1334 2636 manipulorum.
1357 2598 1397 2628 cf.
1414 2608 1499 2637 supr.
1515 2597 1630 2629 xxxiii.
1650 2607 1676 2629 1.

1126 2649 1142 2669 2
1166 2641 1210 2670 In
1222 2640 1337 2677 fronte
1356 2639 1516 2679 extrema]
1544 2639 1612 2671 Soli
1631 2640 1681 2671 illi
1696 2640 1754 2671 mi-

1082 2681 1165 2719 lites,
1190 2681 1244 2720 qui
1269 2681 1486 2712 consistebant
1511 2681 1545 2712 in
1568 2682 1674 2713 fronte
1700 2692 1753 2713 ex-

1081 2727 1184 2754 trema
1206 2723 1301 2754 huius
1325 2723 1461 2762 agminis
1490 2727 1522 2754 et
1552 2734 1593 2754 ex
1616 2728 1754 2764 utroque

1082 2766 1150 2796 eius
1180 2766 1288 2796 latere.
1347 2766 1410 2796 Per
1438 2770 1612 2797 extremam
1641 2769 1753 2797 autem

1626 2807 1753 2839 Eodem

1082 2860 1176 2881 sensu
1202 2851 1334 2881 ultimus
1361 2860 1418 2889 pro
1441 2851 1569 2890 primus
1596 2850 1673 2889 poni
1697 2851 1752 2881 do-

1082 2896 1217 2923 cuerunt
1242 2892 1298 2922 viri
1325 2892 1413 2922 docti
1438 2893 1479 2923 ad
1503 2892 1629 2932 Nepot.
1653 2893 1753 2925 Attio.

1083 2939 1113 2964 et
1132 2935 1240 2966 Vorst.
1256 2935 1297 2965 ud
1316 2934 1430 2968 Iustin.
1448 2934 1480 2966 ii.
1501 2943 1527 2968 1.
1551 2935 1668 2968 DRAK.
