1888 3194
678 187 1108 230 KREYSSIGII.
1506 194 1590 235 379

194 293 354 349 primus
385 307 477 335 sum
511 300 710 349 expertus
741 293 787 334 in
818 293 1161 351 recognoscenda
1193 293 1445 337 Ernestiana
1477 296 1590 339 Livii

193 360 380 403 editione
416 359 609 401 librariae
646 359 967 404 Weidmanniae
1010 361 1247 418 sumptibus
1288 371 1444 419 parata,
1482 379 1589 420 quae

193 428 383 470 omnium
414 427 550 484 prima
580 428 811 484 permultos
841 428 956 471 Livii
986 429 1100 472 locos
1128 445 1182 472 ex
1210 430 1355 472 codice
1387 430 1591 474 Bamber·

190 496 309 554 gensi
337 496 552 553 suppletos
580 506 707 554 atque
733 498 979 541 emendatos
1000 498 1185 542 exhibet.
1249 498 1404 556 Neque
1434 508 1589 551 tamen,

189 563 236 605 id
259 564 376 621 quod
407 565 453 606 in
485 565 743 622 praefatione
771 565 832 608 illi
858 567 1087 624 praemissa
1113 583 1154 624 p.
1191 571 1229 610 9.
1264 568 1449 624 ingenue
1489 583 1591 610 eon-

189 631 321 675 fessus
356 648 463 684 sum,
497 648 667 676 omnem
699 633 931 676 lectionum
963 635 1208 677 varietatem
1242 651 1267 677 a
1301 635 1502 678 Goellero
1535 652 1590 678 ex

189 701 335 744 codice
358 701 662 760 Bambergensi
692 712 934 760 excerptam
962 704 1173 761 aequabili
1194 704 1415 761 diligentia
1441 713 1485 747 et
1510 705 1591 747 cir-

189 771 504 827 cumspectione
533 771 587 813 ad
614 771 864 813 narrationis
885 771 1088 814 Livianae
1117 781 1365 815 contextum
1393 787 1591 829 reparan-

190 838 292 880 dum
314 839 487 890 contuli,
509 839 584 881 sed
604 839 695 881 aliis
715 839 899 882 eundem
921 849 1016 897 post
1036 856 1103 883 me
1128 840 1315 883 laborem
1336 842 1591 898 suscepturis

189 907 534 950 emendationum
555 908 818 965 spicilegium
839 908 1003 965 reliqui.
1067 908 1221 951 Tribus
1246 908 1371 950 huius
1392 908 1590 951 editionis

188 975 473 1017 voluminibus
489 975 701 1026 absolutis,
721 976 855 1018 Leon.
872 976 1025 1018 Tafelii
1043 977 1201 1033 prodiit
1221 976 1352 1019 editio
1369 977 1589 1019 confestim

188 1042 419 1085 deferenda
435 1044 479 1085 in
496 1045 641 1093 vicum,
659 1053 706 1085 ut
716 1042 919 1085 Horatius
934 1044 1004 1094 ait,
1025 1047 1266 1087 vendentem
1283 1052 1350 1087 tus
1368 1053 1408 1087 et
1423 1048 1589 1097 odores,

188 1117 231 1153 et
247 1112 397 1167 piper,
420 1116 461 1152 et
484 1111 693 1166 quiequid
710 1112 877 1153 cha-rtis
897 1112 1100 1153 amicitur
1121 1113 1291 1168 ineptis.
1356 1111 1441 1154 Hic
1462 1113 1590 1163 enim,

187 1191 242 1219 ne
263 1185 490 1234 conspecto
512 1177 687 1233 quidem
712 1176 900 1219 Goelleri
925 1177 1032 1220 libro
1044 1182 1086 1228 ¹8,
1110 1179 1382 1234 integerrima
1403 1180 1591 1222 locorum

186 1244 481 1287 lacunosorum
515 1244 809 1302 supplementa
839 1260 894 1286 ex
924 1245 1069 1287 codice
1099 1245 1403 1303 Bambergensi
1430 1248 1592 1304 prolata

187 1321 232 1355 et
279 1313 527 1356 certissimas
577 1312 766 1356 locorum
808 1313 1132 1370 depravatorum
1175 1315 1496 1358 emendationes
1537 1332 1590 1358 ex

187 1381 339 1423 eodem
361 1381 507 1424 codice
528 1381 681 1438 petitas
706 1381 749 1422 in
778 1381 864 1424 imo
892 1382 1141 1439 paginarum
1162 1383 1350 1440 margine
1372 1384 1525 1441 posuit,
1548 1393 1591 1427 et

187 1448 483 1491 audacissimas
518 1448 772 1505 easdemque
805 1464 978 1506 operose
1013 1465 1060 1492 ac
1092 1450 1240 1507 putide
1273 1452 1590 1495 commendatas

190 1514 450 1573 Heusingeri
472 1516 746 1568 coniecturas,
765 1532 874 1574 quae
896 1519 1057 1560 nemini
1077 1518 1197 1561 facile
1219 1520 1522 1576 probabuntur,
1546 1521 1590 1562 in

188 1583 388 1626 orationis
423 1593 671 1627 contextum
707 1585 878 1642 recepit.

189 1760 218 1782 2.
241 1761 330 1783 nnnc
356 1761 413 1792 pro
438 1757 527 1790 tzmc,
554 1762 625 1792 cap.
652 1760 702 1791 37.
729 1762 756 1791 3.
781 1754 862 1783 Bra-

187 1794 304 1825 chillne
314 1805 371 1834 pro
382 1796 587 1834 Brachyllae,
599 1795 669 1826 Lib.
684 1795 863 1827 XXXVI.

189 1845 219 1867 2.
240 1846 287 1868 Η.
310 1838 456 1868 l'achino
477 1848 534 1877 pro
551 1839 718 1877 Pachyno,
741 1848 812 1877 cap.
834 1848 863 1878 9.

188 1887 218 1918 3.
239 1880 450 1920 lIyppoloclzo
475 1890 532 1920 pro
553 1881 766 1920 Hippolocho,
787 1880 864 1911 ibid.

186 1921 372 1952 Scor-ussum
403 1932 460 1962 pro
486 1923 679 1959 Scotussam,
711 1933 780 1962 cap.
818 1932 864 1961 14.

191 1972 238 1995 10.
254 1968 292 1994 ut
307 1965 515 2003 naviyatione
532 1975 588 2004 pro
604 1970 634 1996 et
647 1966 865 2004 rzavifflttionc,

186 2005 264 2038 ibid.
294 2015 340 2038 Π.
367 2008 519 2038 I’lmerae
544 2017 602 2047 pro
626 2008 767 2044 I’lterue,
791 2017 863 2047 cap.

191 2057 238 2090 19.
258 2056 285 2089 7.
301 2050 446 2088 suerunt
470 2060 528 2089 pro
543 2050 697 2088 fuerant,
718 2060 788 2089 cap.
812 2059 862 2088 40.

191 2100 238 2122 η.
262 2102 348 2123 more
374 2101 431 2131 pro
454 2102 513 2123 suo
539 2103 636 2129 more,
660 2102 730 2132 cap.
756 2102 806 2130 41.
834 2099 863 2130 5.

185 2134 383 2165 Antiochum
442 2144 500 2174 pro
544 2136 737 2172 Antiochus,
791 2135 862 2166 Lib.

188 2176 391 2208 XXXVII.
427 2184 454 2216 7.
491 2187 538 2209 11.
576 2179 772 2209 accerrimus
806 2187 863 2217 pro

186 2220 376 2256 acerrimus,
401 2229 472 2259 cap.
498 2230 544 2258 ¹4·
567 2228 596 2259 3.
620 2221 664 2250 ad
685 2221 780 2251 Samo
805 2230 862 2260 pro

186 2262 227 2292 ab
242 2262 348 2299 Samo,
369 2261 446 2293 ibid.
469 2274 498 2301 4.
522 2263 780 2304 ᾳιιαάνὲνεηιίΙηε
806 2273 862 2302 pro

186 2305 481 2345 quinqueremibus,
503 2315 574 2345 cap.
599 2312 645 2344 17.
668 2314 699 2344 3.
720 2306 862 2345 Baryili-

186 2347 266 2377 etico
297 2355 355 2386 pro
380 2348 608 2387 Bargylietico,
631 2357 705 2387 cap.
734 2346 783 2379 26.
815 2357 861 2379 ιο.

186 2389 288 2428 siquis
309 2399 367 2429 pro
389 2391 507 2428 scynis,
524 2389 600 2421 ibid.
621 2391 783 2430 opinatem
805 2400 863 2430 pro

186 2432 384 2471 opinantem,
401 2432 476 2463 ibid.
490 2437 701 2472 provocatum
719 2443 776 2473 pro
789 2444 863 2473 pro-

186 2478 344 2512 vocatum,
381 2474 459 2506 ibid.
503 2484 551 2506 12.
596 2479 768 2507 tenuerant
807 2486 864 2515 pro

186 2520 348 2554 tenuerat,
369 2526 439 2557 cap.
458 2525 508 2558 39.
526 2526 554 2556 5.
574 2518 666 2549 adire
689 2528 745 2558 pro
766 2519 864 2556 adiri,

187 2568 258 2598 cap.
273 2568 322 2597 4².
340 2558 369 2591 6.
382 2561 528 2600 accipere
545 2570 601 2610 pro
617 2571 780 2600 accepere,
793 2571 864 2601 cap.

187 2609 238 2640 43.
264 2611 292 2632 ².
320 2607 366 2633 est
390 2607 477 2633 ntarc
501 2605 606 2642 primo
634 2612 691 2642 pro
717 2608 747 2634 et
776 2607 863 2635 stare

145 2660 150 2668 ·
184 2644 301 2682 primo,
321 2655 392 2684 cap.
418 2653 468 2683 51.
487 2653 513 2684 7.
535 2646 688 2685 prosectis
712 2656 770 2685 pro
790 2657 863 2686 pcr-

180 2685 291 2724 sectis,
318 2697 390 2727 cap.
419 2695 469 2726 54.
502 2696 551 2727 27.
583 2689 775 2719 iustissimae
807 2699 864 2728 pro

187 2727 380 2760 inanissimae
407 2731 489 2767 irae,
515 2740 587 2770 cup.
614 2738 663 2769 55.
692 2732 764 2769 7.l
760 2733 863 2761 ..Fu-

188 2769 310 2801 n'onem
326 2773 357 2801 Ι)
360 2783 575 2812 urpureonem
622 2783 655 2802 ro
672 2774 707 2804 Ι.
726 2775 864 2804 Furium

190 2811 222 2841 P
224 2822 452 2852 urpureotm,
473 2825 543 2855 cup.
561 2783 618 2853 5AE
629 2825 658 2856 9.
681 2817 765 2846 omni
784 2817 865 2846 modi

190 2862 248 2892 pro
268 2856 353 2885 omni
376 2857 475 2893 modo,
495 2862 527 2887 et
550 2857 620 2888 Lib.
641 2857 862 2889 xxxvtll.

190 2904 244 2933 ⁴¹·
265 2905 311 2927 ιι.
330 2899 414 2937 quod
434 2903 610 2937 peteretur,
632 2909 689 2938 pro
707 2901 792 2940 quod
810 2911 863 2940 pe-

958 1585 1057 1636 Quo
1093 1602 1227 1643 quum
1262 1588 1371 1630 nihil
1405 1589 1590 1646 ineptius

909 1758 1043 1791 teretur,
1052 1755 1171 1792 suerat
1187 1755 1324 1793 legatur,
1339 1759 1437 1796 atque
1453 1756 1485 1787 in
1504 1756 1586 1788 Dra-

909 1796 1096 1826 kenborcbii
1151 1798 1361 1829 annotatione
1415 1799 1458 1830 ad
1513 1799 1584 1830 Lib.

910 1837 1091 1870 XXXIV.
1123 1849 1174 1878 4²·
1207 1849 1233 1871 2.
1265 1841 1382 1871 verba:
1419 1842 1585 1873 “consen-

909 1881 1064 1911 tientibus
1094 1882 1244 1913 omnibus
1274 1883 1400 1921 nostris,
1430 1886 1487 1924 qui
1514 1890 1586 1924 post

900 1924 1032 1962 sum-⁹2⁵⁸
1063 1928 1095 1954 ct
1119 1925 1158 1954 ad
1192 1925 1263 1956 Lib.
1291 1926 1449 1957 XXXV.
1480 1936 1528 1965 23.
1555 1927 1584 1958 8.

910 1967 1027 1996 verba:
1052 1967 1073 1982 “
1088 1967 1168 1997 Mox
1192 1978 1275 2008 quae
1299 1973 1443 2008 veryewt
1468 1969 1587 2001 V‹›ss.''

908 2008 971 2038 sint
1011 2008 1137 2040 omissa.
1194 2010 1258 2041 Alii
1296 2010 1371 2048 alia,
1405 2011 1429 2041 si
1466 2012 1585 2051 placet,

908 2051 1067 2081 eiusmodi
1093 2051 1171 2082 vitia
1197 2052 1399 2091 investigent.
1447 2055 1583 2085 Utinam

911 2093 1087 2124 Klaiberus
1103 2104 1169 2124 rem
1186 2094 1373 2134 diligentius
1390 2096 1536 2135 gessisset
1553 2102 1585 2128 et

908 2135 1169 2167 Dr‘ikenborcliii
1193 2137 1398 2178 aliorumque
1425 2139 1583 2170 editorum

908 2182 940 2209 et
968 2178 1180 2219 interpretum
1209 2180 1368 2211 erroribus
1392 2181 1586 2221 corrigendis

906 2221 1077 2258 effecisset,
1115 2225 1151 2252 ut
1195 2222 1337 2254 editione
1376 2223 1584 2264 Lugdunensi

906 2263 971 2295 ab
964 2274 1033 2304 ipso
1052 2264 1321 2296 Dr-ikcnborchio
1343 2271 1456 2306 parata
1477 2277 1585 2298 curere

907 2316 1083 2346 possemus.

954 2349 990 2379 18
1015 2349 1128 2380 Nam'
1120 2360 1152 2380 m
1170 2350 1370 2390 praefatione
1386 2355 1475 2383 tomo
1491 2353 1585 2384 tertio

909 2392 1074 2432 praefixa:
1101 2393 1121 2408 “
1136 2392 1317 2431 Quantam,
1340 2394 1456 2434 inquit,
1479 2395 1582 2426 lucem

911 2434 1128 2474 Kreyssigius‚
1153 2435 1200 2465 vir
1223 2436 1436 2474 doctissimus,
1465 2442 1585 2477 postre-

909 2477 970 2507 mis
985 2477 1128 2517 quinque
1151 2477 1239 2509 libris
1259 2490 1277 2509 e
1299 2479 1409 2510 codice
1430 2481 1583 2511 Bnmber-

908 2519 997 2559 gensi
1023 2522 1121 2559 atque
1151 2520 1395 2552 Vindobonensi
1423 2523 1584 2553 afl'usurus

909 2562 961 2599 sit,
984 2571 1024 2592 ex
1050 2562 1110 2600 his,
1131 2573 1214 2602 quue
1238 2563 1302 2594 inm
1330 2565 1475 2604 protulit,
1500 2566 1584 2596 laete

906 2604 1066 2644 auspicari
1121 2605 1230 2637 licet.·'
1288 2606 1436 2638 Tufelius
1488 2607 1584 2646 igitur

908 2646 1077 2685 ignoravit,
1100 2652 1277 2688 postremos
1294 2649 1376 2680 Livii
1401 2651 1497 2680 libros
1520 2661 1582 2680 non

911 2689 1154 2728 Bnmbergensi,
1180 2692 1234 2722 sed
1266 2691 1508 2724 Vindobonenni
1533 2704 1583 2722 co-

909 2731 980 2762 dice
1007 2733 1174 2765 contineri.
1221 2735 1318 2770 Quae
1349 2735 1379 2764 in
1412 2736 1514 2775 lupist.
1542 2736 1582 2765 ud

910 2774 1053 2806 Goeller.
1083 2786 1113 2815 p.
1139 2784 1211 2815 477.
1239 2776 1361 2816 scripsi,
1394 2782 1428 2807 ut
1458 2782 1581 2808 tiu-eum

909 2817 1002 2855 ulios,
1018 2817 1071 2857 qui
1093 2819 1134 2849 de
1159 2819 1271 2849 eudem
1299 2830 1331 2849 re
1355 2824 1584 2859 exposuerunt,

909 2860 1043 2891 meliora
1058 2871 1132 2891 eum
1150 2862 1284 2892 edocere
1300 2863 1487 2900 potuiwnt.
