1888 3194
700 205 995 244 INDEX.

191 277 222 311 8.
250 278 371 311 invisus
384 280 584 320 infestusque
598 280 742 319 collegae
757 280 826 310 Ser-

189 321 254 361 gio,
265 322 295 353 ei
310 332 375 353 non
391 323 453 353 fert
467 321 638 358 auxilium,
648 321 728 351 ibid.
750 324 827 351 ante

191 363 278 394 diem
302 364 372 404 ipse
394 368 428 394 et
454 364 578 402 collega
600 361 750 392 abdicare
775 371 826 392 co-

187 409 308 445 guntur
321 415 351 446 9.
374 408 546 435 accusatur
563 414 584 434 a
604 403 740 434 tribunis
755 404 822 443 ple-

188 446 238 478 bis
256 455 303 478 11.
333 447 446 476 decem
465 445 611 477 millibus
624 446 706 477 aeris
719 445 824 485 gravis

189 488 426 519 condemnatur
443 497 491 519 12.

146 531 186 562 L.
201 529 378 570 Virginius,
399 530 473 562 trib.
496 529 590 562 milit.
613 539 678 561 cos.
699 533 766 570 pot.
790 528 822 568 6,

145 581 376 654 LIVirginius,
390 615 462 646 trib.
478 614 574 645 milit.
592 622 643 654 27,
659 622 710 654 43.

144 655 262 697 Opiter
291 656 468 697 Virginius,
498 667 561 688 cos.
592 666 667 687 cum
697 657 823 696 collega

189 698 368 730 Pometiam
391 699 496 738 primo
517 699 560 737 vi,
580 699 698 730 deinde
718 699 821 738 operi-

186 741 248 789 bus
281 745 450 782 oppugnat
480 751 510 780 2,
540 749 587 782 17.
629 741 822 781 triumphat,

143 783 263 864 Οὲξέἒι·
272 825 450 865 Virginius,
466 836 529 857 cos.
548 835 577 864 2,
593 834 643 865 54.

144 867 233 898 Proc.
248 867 425 907 Virginius,
445 878 509 899 cos.
528 877 558 905 2,
573 877 624 907 41.
658 867 727 898 eius
747 877 820 898 cum

186 909 309 958 collega
319 910 361 940 dc
372 911 443 950 lege
454 910 577 951 agraria
589 909 822 948 contentiones,

143 951 389 1034 Splbissliiginiuffi
405 1004 467 1026 cos.
486 1003 517 1034 3,
533 1003 584 1033 31.

143 1035 184 1066 T.
198 1035 362 1076 Virginius
377 1047 441 1068 cos.
460 1046 488 1073 2,
506 1046 554 1067 21.

143 1077 183 1109 T.
198 1077 374 1118 Virginius,
391 1088 454 1110 cos.
473 1089 503 1117 2,
518 1080 569 1117 48.

143 1119 183 1151 T.
197 1119 364 1161 Virginius
385 1121 531 1159 Rutilus,
552 1131 665 1161 augur,
687 1119 821 1151 moritur

143 1169 369 1245 T.3Vii·ginius
393 1205 672 1243 Coelimontanus,
699 1214 762 1236 cos.
788 1213 819 1244 3,

143 1254 294 1329 Virgines
308 1292 358 1320 ter
372 1299 528 1327 novenae,
540 1299 599 1329 per
613 1290 725 1320 urbem
742 1299 818 1320 eun-

184 1334 245 1368 tes,
274 1341 404 1362 carmen
435 1336 557 1362 canunt
593 1331 626 1362 in
658 1332 818 1362 Iunonem

185 1373 347 1413 Reginam
372 1381 423 1413 27,
447 1382 498 1413 37.
526 1382 578 1413 31,
603 1383 649 1404 12.
684 1373 821 1414 virgines

184 1416 311 1453 decern,
322 1420 355 1446 et
370 1416 482 1446 decem
499 1415 628 1455 ingenui
646 1416 749 1456 pueri,
766 1426 819 1456 pa-

184 1457 271 1488 trimi
295 1468 407 1489 omnes
427 1458 644 1497 matrimique,
663 1459 705 1488 ad
726 1458 820 1488 sacri-

185 1500 295 1530 ficium
318 1500 454 1531 adhibiti
478 1509 530 1540 37,
546 1509 574 1539 3.
608 1501 649 1531 ob
666 1500 820 1540 virginem

184 1542 363 1573 excitatum
381 1543 509 1574 Ardeae
525 1543 647 1573 bellum
665 1552 735 1584 4,9.
761 1543 819 1573 vir-

183 1585 292 1624 ginem
317 1585 479 1625 captivam
505 1585 693 1625 parentibus
715 1584 820 1616 reddit

185 1626 296 1667 Scipio
313 1626 365 1665 26,
379 1636 428 1667 50.
455 1627 607 1668 virginem
624 1627 819 1659 Chalciden-

184 1679 252 1700 sem
282 1669 316 1700 in
346 1669 455 1700 medio
483 1670 597 1701 ardore
626 1669 703 1700 belli
730 1669 819 1700 ducit

184 1722 319 1742 uxorem
336 1712 517 1743 Antiochus
533 1711 585 1752 36,
601 1722 611 1742 1
622 1722 647 1743 1.

144 1753 284 1785 Virtutis
312 1758 345 1785 et
377 1754 521 1786 Honoris
549 1755 654 1791 aedes,
682 1758 775 1785 votae
800 1764 820 1785 a

185 1797 234 1828 M.
251 1796 422 1834 Marcello,
445 1801 477 1827 et
500 1801 684 1828 exstructae
702 1804 752 1835 27,
770 1805 818 1836 25.

183 1848 204 1869 a
227 1838 295 1869 filio
316 1838 384 1870 eius
403 1839 554 1870 dedicata
571 1839 710 1870 Virtutis
723 1839 821 1870 aedes

187 1889 203 1911 2
229 1904 238 1919 ,
258 1891 306 1912 11.

144 1890 325 1954 Visc9eratio
352 1924 476 1963 populo
499 1924 575 1955 data
597 1934 617 1954 a
637 1924 686 1955 M.
707 1923 820 1954 Flavio

184 1964 218 1996 in
234 1966 347 1997 funere
362 1965 474 1997 matris
489 1966 521 2003 8,
534 1975 583 1998 22.
600 1967 641 1998 cf.
654 1970 687 1997 et
704 1975 756 2007 39,
768 1965 819 2004 46.

185 2017 239 2045 41,
254 2017 304 2047 33·

143 2050 293 2088 Vitellia,
309 2051 466 2090 oppidum
484 2060 514 2088 2,
531 2059 581 2092 39.
606 2059 637 2090 5,
654 2061 704 2092 29.

145 2092 313 2123 Vitruvius
337 2093 477 2130 Vaccus,
503 2093 693 2130 Fundanus,
717 2097 820 2124 vastat

184 2135 333 2167 Setinum
366 2135 623 2175 Norbanumque
652 2146 764 2175 agrurn
789 2136 820 2174 8,

190 2186 235 2219 19.
267 2177 300 2208 in
325 2181 518 2217 potestatem
544 2178 631 2209 venit
658 2178 820 2209 Romano-

184 2229 256 2250 rum
274 2229 323 2252 20.
347 2225 529 2250 asservatur
543 2220 574 2250 in
593 2230 730 2256 carcere,
744 2220 820 2252 ibid.

185 2262 371 2293 verberatus
385 2267 531 2300 necatur,
540 2263 617 2294 ibid.
641 2263 738 2293 aedes
752 2263 822 2293 eius

185 2303 369 2341 diruuntur,
388 2309 421 2335 et
447 2305 532 2335 bona
557 2305 689 2336 Semoni
716 2305 821 2336 Sanco

186 2350 425 2384 consecrantur,
440 2347 519 2377 ibid.

145 2387 279 2418 Vitulus
302 2387 366 2418 iam
389 2387 473 2418 ictus
495 2398 513 2418 e
539 2389 688 2420 manibus
703 2389 819 2420 sacrifi—

186 2429 331 2460 cantium
356 2439 424 2460 sese
447 2431 617 2470 proripuit,
636 2432 821 2471 multosque

187 2471 431 2503 circumstantes
456 2482 568 2503 cruore
595 2472 744 2512 respersit
770 2483 821 2510 2ι,

145 2557 244 2589 Ultro
259 2557 379 2588 tributa
395 2566 448 2598 39,
464 2568 514 2595 44.
539 2567 591 2596 43,
612 2558 657 2588 18.

148 2599 282 2640 Ulynes
301 2609 327 2637 1,
348 2610 400 2640 ⁴9·
438 2601 479 2629 ab
506 2609 544 2630 eo
571 2606 603 2630 et
627 2599 722 2631 Circe
747 2599 821 2630 Dca

186 2641 341 2673 oriundus
356 2641 512 2672 Octavius
528 2642 706 2679 Mamilius,
722 2641 797 2672 ibid.

147 2683 350 2716 Umbilicum
368 2684 525 2715 Graeciae
546 2683 692 2715 incolunt
710 2684 818 2715 Aetoli

189 2735 241 2765 3⁵.
262 2726 307 2757 ¹8·

148 2768 259 2800 Umbo
275 2778 306 2809 9,
323 2777 372 2805 41.
397 2777 450 2816 30,
466 2778 516 2808 34.

149 2811 278 2847 Umbri,
295 2810 405 2858 populi
423 2818 453 2848 5,
466 2819 516 2849 35.
539 2821 571 2851 9,
584 2819 634 2850 37.
657 2821 732 2849 agro
750 2812 817 2850 pul-

188 2853 255 2883 sia
278 2852 366 2883 Boiis
387 2860 418 2891 5,
438 2861 488 2891 35.
525 2863 635 2884 comm
660 2853 820 2884 exercitus

188 2894 334 2926 funditur
346 2903 377 2935 9.
391 2903 441 2935 39.
467 2895 619 2926 deliciunt
638 2905 687 2933 41.
715 2905 747 2925 se
764 2905 816 2933 np-

913 284 1112 320 pugnaturos
1137 282 1279 313 Romam
1305 282 1439 322 iactant,
1465 283 1544 316 ibid.

912 323 1102 353 adoriuntur
1122 323 1301 362 Romanos,
1319 324 1491 356 vincuntur
1512 330 1545 356 et

912 363 1103 395 defectionis
1116 369 1264 396 auctores
1279 367 1451 405 deduntur,
1466 368 1545 399 ibid.

910 404 1090 436 instaurant
1116 407 1251 445 bellum,
1271 408 1373 438 iuncti
1399 419 1472 440 cum
1498 410 1543 440 E-

909 447 1034 518 tzuscti&
1057 448 1267 487 Samnitibus,
1290 450 1398 482 Gallis
1423 461 1472 490 10,
1494 460 1544 482 21.

910 497 927 517 c
941 511 950 518 .
967 497 985 518 e
1016 496 1065 527 27.

868 527 1009 560 Umbria
1034 539 1083 568 10,
1110 540 1136 561 1.
1165 541 1216 568 22,
1238 541 1268 572 9.
1296 540 1348 571 27,
1371 543 1422 573 43.
1463 534 1544 566 Um-

907 571 997 602 briae
1025 582 1110 612 pars,
1137 573 1233 613 plaga
1255 574 1419 606 Materina
1441 585 1472 616 9,
1493 585 1545 614 41.

908 613 1010 645 tribus
1026 614 1160 654 Sapinia
1175 624 1228 654 31,
1244 625 1273 646 2.

867 655 912 691 Q„
938 656 1105 687 Voconius
1133 657 1231 695 Saxa,
1260 657 1333 689 trib.
1364 658 1409 698 pl.
1439 658 1545 698 legem

908 699 970 729 fert
990 699 1031 730 de
1053 699 1286 730 hereditatibus
1300 700 1475 731 mulierum
1493 710 1545 739 41,

867 781 1033 820 Vocontii,
1050 783 1222 814 Gallorum
1239 784 1365 824 populi,
1383 793 1434 822 21,
1449 793 1501 824 31.

868 824 985 863 Volae,
1002 826 1077 856 urbs
1092 827 1280 865 Aequorum
1296 838 1328 865 4,
1344 836 1395 868 49.
1418 828 1545 866 eadem,

909 877 992 906 quae
1009 867 1112 898 Bolae
1128 867 1160 905 6,
1178 878 1205 899 2.

867 908 1000 947 Volani,
1016 915 1048 941 et
1065 920 1138 940 cum
1154 910 1193 941 iis
1207 911 1331 941 bellum
1348 922 1380 950 4,
1395 921 1446 953 49.

867 950 1016 982 Volanus
1031 962 1107 992 ager
1122 963 1153 991 4,
1170 960 1220 992 51.

867 992 1067 1025 Volaterrae.
1106 995 1158 1025 Ad
1187 995 1373 1026 Volaterras
1397 1005 1471 1026 cum
1499 995 1542 1026 E-

907 1036 1022 1067 truscis
1050 1036 1174 1068 incerta
1200 1037 1333 1068 victoria
1362 1041 1543 1078 pugnatum

913 1088 961 1116 1ο,
981 1088 1027 1110 12.

867 1120 1073 1151 Volaterrani
1102 1120 1317 1152 interamenta
1349 1122 1482 1152 navium
1510 1126 1542 1153 et

907 1163 1106 1194 frumentum
1122 1164 1319 1203 pollicentur
1333 1164 1477 1204 Scipioni
1492 1164 1544 1203 28,

866 1246 990 1277 Volcae
1008 1257 1059 1285 21,
1077 1246 1126 1279 26.

865 1288 1054 1327 Volcentes,
1066 1291 1107 1320 ab
1124 1290 1313 1321 Hannibale
1329 1290 1485 1321 deficiunt
1500 1291 1542 1321 ad

907 1331 1075 1362 Romanos
1092 1339 1143 1370 27,
1163 1340 1210 1371 15.

865 1372 1046 1404 Volerones
1057 1374 1098 1403 ab
1111 1374 1139 1404 A
1143 1384 1174 1413 p.
1182 1374 1324 1405 Claudio
1338 1374 1459 1405 tribuni
1474 1375 1542 1415 ple-

906 1415 956 1445 bis
972 1415 1075 1446 vocati
1093 1425 1124 1453 2,
1140 1415 1190 1455 58.

865 1457 1023 1494 Volones,
1041 1457 1062 1488 i.
1081 1468 1109 1489 e.
1133 1458 1213 1489 servi
1236 1457 1270 1488 in
1293 1457 1444 1489 militiam
1468 1468 1541 1490 con-

907 1499 1017 1539 scripti
1035 1509 1086 1537 22,
1103 1508 1152 1539 57.
1171 1509 1222 1539 23‚
1239 1509 1289 1539 32.
1310 1509 1362 1538 24,
1378 1510 1425 1532 11.
1448 1501 1542 1532 liber-

907 1544 1009 1572 tatem
1030 1542 1138 1573 tacitis
1158 1542 1241 1572 votis
1262 1543 1471 1582 expostulant
1491 1553 1543 1581 24,

911 1593 958 1622 14.
998 1583 1037 1614 iis
1075 1584 1257 1615 libertatem
1294 1585 1455 1624 promittit
1489 1585 1542 1616 Ti.

907 1625 1088 1663 Gracchus,
1106 1626 1317 1658 referentibus
1339 1626 1448 1666 capita
1470 1627 1542 1658 hos-

906 1668 1001 1706 tium,
1016 1668 1094 1699 ibid.
1127 1669 1235 1709 capita
1257 1669 1399 1699 hostium
1417 1669 1541 1700 abscin-

906 1711 999 1748 dunt,
1030 1721 1112 1750 quae
1140 1712 1278 1742 abiicere
1308 1711 1461 1742 iubentur
1494 1719 1541 1752 15.

905 1753 944 1783 iis
966 1754 1062 1784 datur
1085 1753 1215 1784 libertas
1237 1752 1283 1785 16.
1318 1754 1478 1793 segniores
1500 1765 1541 1786 ex

906 1795 945 1826 iis
981 1799 1145 1833 notantur,
1171 1795 1248 1827 ibid.
1291 1796 1470 1827 Beneventi
1506 1797 1541 1828 in

907 1837 1039 1877 publico
1070 1838 1183 1878 pileati
1215 1839 1391 1878 epulantur
1420 1848 1544 1877 omnes,

907 1880 985 1911 ibid.
1007 1880 1216 1911 simulacrum
1230 1880 1382 1911 celebrati
1395 1880 1464 1911 eius
1479 1881 1542 1912 diei

907 1923 1077 1953 Gracchus
1107 1923 1234 1953 Romae
1267 1922 1354 1962 pingi
1384 1923 1473 1954 iubet
1508 1924 1541 1954 in

906 1965 987 1996 aede
1004 1965 1189 2000 Libertatis,
1204 1964 1280 1996 ibid.
1304 1965 1366 1996 vid.
1383 1969 1415 1996 et
1433 1973 1485 2004 25,
1502 1975 1542 1997 20

907 2012 938 2038 et
954 2017 1003 2038 22.
1026 2008 1156 2038 volones
1173 2007 1205 2038 in
1222 2007 1496 2038 undevicesimum
1509 2012 1542 2039 et

909 2049 1093 2081 vicesimam
1118 2050 1259 2089 legiones
1283 2049 1394 2090 scripti
1419 2058 1470 2089 27,
1490 2051 1540 2089 38.

908 2093 947 2122 cf.
964 2098 997 2123 et
1016 2093 1066 2130 28,
1082 2091 1133 2131 46.

868 2134 977 2165 Volsci
1009 2139 1163 2174 petuntur
1198 2134 1284 2165 bello
1314 2144 1333 2165 a
1363 2134 1541 2174 Tarquinio

908 2177 1054 2216 Superbo
1086 2186 1112 2213 1,
1141 2186 1191 2216 53.
1230 2177 1262 2207 in
1292 2177 1429 2207 Volscos
1455 2177 1541 2207 missi

907 2220 948 2250 ad
970 2220 1168 2250 frumentum
1192 2219 1448 2259 comparandum
1466 2229 1495 2257 2,
1511 2229 1541 2260 9.

912 2262 1021 2292 Volsci
1059 2266 1248 2302 comparant
1288 2261 1421 2298 auxilia,
1458 2272 1542 2301 quae

909 2304 1040 2334 mittant
1069 2304 1193 2335 Latinis
1219 2313 1268 2335 22.
1307 2304 1433 2334 obsides
1462 2305 1542 2334 dant

908 2351 1069 2377 trecentos
1100 2347 1282 2386 principum
1314 2345 1441 2382 liberos,
1464 2346 1540 2377 ibid.

908 2389 1072 2419 occultum
1099 2394 1213 2428 parant
1236 2388 1371 2425 bellum,
1386 2387 1462 2419 ibid.
1491 2398 1541 2419 ve-

906 2431 1001 2461 niunt
1023 2432 1064 2462 ad
1087 2430 1339 2471 oppugnandam
1362 2431 1474 2461 urbem
1493 2440 1541 2468 24.

909 2473 1082 2504 vincuntur
1097 2481 1146 2512 25.
1175 2473 1284 2503 Volsci
1304 2473 1460 2503 Romanis
1476 2473 1541 2502 bel-

909 2516 975 2546 lum
1003 2515 1145 2546 inferunt
1172 2524 1222 2554 30.
1261 2514 1443 2549 vincuntur,
1465 2514 1540 2546 ibid.

908 2557 945 2587 iis
973 2557 1161 2588 Veliternus
1189 2567 1264 2596 ager
1292 2557 1466 2595 ademptus
1489 2565 1541 2595 3¹·

909 2599 1019 2630 Volsci
1043 2600 1191 2631 Antiates
1210 2598 1282 2628 victi
1300 2607 1350 2636 33.
1382 2598 1423 2628 ad
1449 2598 1540 2628 ludos

908 2641 1046 2682 Magnos
1068 2652 1185 2681 magna
1203 2641 1394 2671 Volscorum
1413 2639 1457 2670 vis
1475 2640 1538 2670 Ro-

907 2693 993 2714 mam
1023 2684 1108 2715 venit
1134 2692 1183 2723 37.
1216 2682 1322 2713 exacti
1350 2683 1440 2718 urbe,
1463 2682 1538 2713 ibid.

907 2726 1057 2757 concitati
1077 2727 1117 2756 ab
1136 2728 1202 2756 Att.
1216 2725 1327 2761 Tullo,
1343 2725 1496 2755 deficiunt
1520 2736 1539 2754 a

909 2769 1066 2799 Romanis
1082 2770 1121 2807 38
1137 2773 1169 2798 ct
1186 2776 1236 2808 39.
1270 2772 1352 2797 rctro
1374 2767 1538 2796 abducun-

906 2815 959 2840 tur
994 2821 1014 2841 a
1044 2810 1218 2841 Coriolano
1244 2819 1294 2847 4ο.
1334 2809 1468 2838 rcdcunt
1506 2808 1536 2838 in

906 2862 1016 2892 agrum
1036 2853 1131 2884 Rom.
1148 2852 1189 2882 ib.
1218 2851 1373 2882 rebellant
1390 2859 1441 2888 ⁴²·
1471 2860 1535 2880 cas-

907 2899 956 2926 tra
972 2899 1096 2935 ponunt
1114 2894 1145 2924 in
1165 2894 1281 2925 Latino
1296 2902 1382 2932 agro,
1397 2892 1451 2923 sed
1472 2892 1536 2922 vin-
