1888 3194
547 207 673 249 LIB.
707 207 872 249 XLIV.
914 207 1048 250 CAP.
1083 214 1120 250 2.
1454 215 1530 254 125

141 307 235 356 post
253 298 401 340 diebus
420 298 567 340 consul
593 299 841 340 concionem
862 298 975 355 apud
996 299 1151 340 milites
1179 298 1337 340 habuit.
1402 300 1534 343 Orsus
1550 311 1592 343 U.
1608 311 1647 343 C.
1670 311 1744 351 593·

109 369 166 401 sa
179 355 403 414 parricidio
424 355 567 398 Persei
587 365 827 413 perpetrato
849 356 892 397 in
913 356 1098 407 fratrem,
1115 356 1298 413 cogitato
1319 357 1364 397 in
1384 372 1533 413 paren·
1547 355 1586 386 A.
1609 356 1648 387 C·
1674 353 1744 395 ¹⁶9·

140 423 238 464 tem,
255 413 420 463 adiecit,
440 419 453 437 ‘
464 422 557 470 post
573 413 728 456 scelere
744 423 911 471 partum
926 429 1116 471 regumn,
1134 413 1351 464 veneficia,
1368 416 1531 466 caedes,

140 471 386 513 ‘latrocinio
402 471 586 513 nefando
602 472 782 528 petitum
805 471 1056 522 Eumenem,
1074 471 1247 513 iniurias
1263 471 1308 512 in
1327 472 1533 528 populum

138 534 152 553 ‘
165 528 421 579 Romanum,
443 529 700 586 direptiones
720 530 924 571 sociarum
947 529 1115 571 urbium
1135 538 1279 571 contra
1300 529 1460 580 foedus,
1484 546 1534 572 ea

139 586 306 628 ‘omnia
326 601 453 642 quam
475 586 554 628 diis
607 602 745 644 uoque
774 587 909 628 invisa
935 598 1086 637 essent,
1108 602 1326 629 sensurum
1349 587 1393 628 in
1415 588 1533 629 exitu

139 649 306 686 ‘rerum
338 659 518 686 suarum.
617 660 738 686 avere
775 645 889 686 enim
919 645 1066 701 pietati
1098 645 1281 701 fideique
1313 645 1427 695 deos,
1458 660 1534 702 per

139 706 152 726 ‘
167 717 274 759 quae
297 701 478 759 populus
499 703 718 744 Romanus
734 703 789 744 ad
809 709 972 744 tantum
994 702 1147 759 fastigii
1163 703 1351 744 venerit.’
1410 703 1533 745 Vires

137 759 293 801 deinde
314 760 460 825 populi
483 760 678 812 Romani,
701 761 784 802 iam
813 770 1015 802 terrarum
1036 762 1181 803 orbem
1202 761 1531 818 complectentis,

137 832 234 859 cum
255 818 411 859 virlbus
433 817 726 869 Macedoniae,
743 819 952 860 exercitus
972 833 1069 860 cum
1090 818 1344 861 exercitibus
1364 834 1533 876 compa-

137 875 255 917 ravit.
318 875 520 924 ‘Quanto
551 877 728 918 maiores
763 876 951 933 Philippi
984 876 1273 933 Antiochique
1310 892 1411 933 opes
1445 893 1532 919 non

139 939 151 958 ‘
163 933 388 975 maioribus
409 933 539 990 copiis
559 934 707 976 fractas
726 949 814 976 esse
827 934 863 975 ?’
895 933 1036 976 Huius
1055 935 1220 991 generis
1241 934 1531 977 adhortatione
1622 935 1660 973 2-

138 992 322 1033 accensis
341 991 522 1032 militum
543 992 705 1042 animis,
723 991 957 1034 consultare
979 992 1032 1034 de
1053 990 1216 1033 summa
1235 992 1411 1049 gerendi
1432 993 1531 1034 belli

136 1048 286 1105 coepit.
350 1048 414 1090 Eo
445 1062 488 1090 et
521 1049 570 1091 C.
589 1049 776 1091 Marcius
807 1059 973 1106 praetor
1003 1065 1028 1091 a
1060 1049 1277 1100 Chalcide,
1304 1050 1432 1092 classe
1463 1066 1531 1092 ac-

136 1115 270 1163 cepta,
292 1106 418 1147 venit.
472 1105 650 1157 Placuit,
667 1122 752 1148 non
775 1107 884 1148 ultra
903 1107 1105 1149 morando
1126 1108 1171 1148 in
1192 1108 1410 1150 Thessalia
1426 1117 1531 1150 tem·
1544 1115 1657 1165 Cos,i13
1669 1116 1741 1147 Ma-

134 1178 214 1229 pus
235 1173 383 1213 terere,
405 1163 480 1205 sed
501 1179 668 1206 movere
689 1164 904 1221 extemplo
923 1174 1068 1215 castra,
1087 1174 1213 1222 atque
1236 1180 1408 1222 pergere
1430 1166 1529 1208 inde
1543 1160 1711 1234 ced‘t'ssuffi}

134 1235 180 1262 m
220 1220 544 1271 Macedoniam3
588 1231 631 1263 et
661 1231 898 1279 praetorem
939 1221 1038 1264 dare
1079 1238 1263 1279 operam,
1298 1233 1346 1265 ut
1380 1223 1531 1266 eodem
1543 1212 1603 1233 ⁶⁰¹¹
1640 1213 1660 1234 ῃ
1684 1213 1694 1233 ¹
1711 1225 1720 1234 '

134 1287 323 1336 tempore
344 1279 483 1321 classis
504 1295 674 1336 quoque
692 1279 916 1322 invehatur
936 1280 1118 1322 hostium
1141 1280 1342 1323 litoribus.
1405 1281 1532 1323 Prae-

103 1344 225 1380 6tore
250 1336 433 1387 dimisso,
458 1337 617 1388 consul,
647 1348 910 1380 menstruum
935 1338 1046 1379 iusso
1075 1338 1206 1380 milite
1236 1353 1379 1380 secum
1407 1339 1530 1390 ferre,

134 1394 345 1452 profectus
384 1395 550 1438 decimo
598 1405 691 1452 post
732 1396 815 1446 die,
858 1411 985 1452 quam
1026 1396 1258 1438 exercitum
1299 1407 1530 1454 acceperat,

134 1461 269 1495 castra
294 1453 447 1495 movit:
481 1462 538 1504 et,
562 1454 686 1495 unius
713 1453 799 1496 diei
820 1469 1058 1511 progressus
1089 1454 1181 1504 iter,
1204 1455 1442 1497 convocatis
1462 1455 1529 1497 iti-

106 1523 284 1556 7nerum
305 1511 496 1562 ducibus,
514 1527 660 1568 quum,
683 1521 946 1569 exponerent
962 1512 1006 1553 in
1027 1512 1215 1563 consilio,
1233 1512 1429 1563 iussisset,
1448 1528 1533 1570 qua

103 1569 315 1626 squisque
347 1568 551 1611 ducturus
583 1580 713 1619 esset3
757 1570 975 1612 summotis
1008 1570 1070 1617 iis,
1105 1585 1232 1626 quam
1267 1570 1531 1627 potissimum

136 1635 312 1683 peteret,
333 1626 477 1668 retulit
500 1626 553 1668 ad
578 1627 810 1669 consilium.
874 1627 983 1669 Aliis
1008 1643 1085 1685 per
1111 1628 1315 1685 Pythium
1339 1628 1531 1685 placebat

136 1683 228 1725 via:
261 1684 351 1726 aliis
371 1699 447 1741 per
470 1684 731 1726 Cambunios
758 1695 934 1734 montes,
958 1701 1041 1742 qua
1091 1686 1198 1728 riore
1219 1701 1331 1728 anno
1352 1686 1531 1728 duxerat

41 1792 45 1793 ⁷
138 1740 345 1783 Hostilius
374 1742 543 1783 consul:
586 1742 676 1784 aliis
702 1752 869 1799 praeter
894 1743 1044 1784 Ascuri
1078 1758 1146 1784 em
1170 1743 1379 1800 paludem.
1444 1743 1531 1786 Re-

103 1811 124 1843 9
136 1799 271 1841 stabat
285 1799 547 1856 aliquantum
569 1800 660 1841 viae
677 1800 928 1841 communis:
963 1801 1105 1856 itaque
1122 1801 1165 1841 in
1187 1800 1231 1842 id
1247 1810 1332 1843 tem
1366 1816 1427 1851 uS,
1445 1817 1530 1858 quo

135 1872 266 1914 prope
287 1857 513 1899 divortium
542 1858 742 1899 itinerum
769 1867 902 1900 castra
926 1859 1101 1914 posituri
1130 1867 1262 1908 erant,
1284 1858 1337 1900 de
1356 1859 1530 1901 iberatio

136 1915 226 1956 eius
256 1915 316 1956 rei
353 1915 555 1956 differtur.
619 1914 670 1956 In
706 1915 1002 1957 Perrhaebiam
1039 1916 1137 1958 inde
1178 1916 1308 1966 ducit,
1343 1926 1385 1959 et
1420 1917 1531 1959 inter

138 1972 325 2015 Azorum
347 1982 389 2014 et
412 1972 622 2013 Dolichen
643 1973 792 2014 stativa
813 1973 958 2014 habuit
975 1973 1027 2014 ad
1049 1974 1353 2015 consulendum
1376 1990 1528 2025 rursus,

134 2045 259 2087 quam
283 2030 544 2087 potissimum
573 2040 807 2087 capesseret
827 2031 948 2072 viam.
1011 2031 1094 2072 Per
1118 2031 1287 2073 eosdem
1310 2032 1400 2073 dies
1428 2032 1530 2074 Per-

134 2103 241 2138 seus,
264 2103 390 2145 quam
413 2088 749 2145 appropinquare
776 2088 938 2130 hostem
967 2089 1102 2139 sciret,
1126 2089 1241 2145 quod
1269 2090 1348 2131 iter
1375 2091 1530 2147 petitu-

134 2161 204 2188 rus
233 2155 341 2188 esset
372 2146 552 2201 ignarus,
584 2162 730 2188 omnes
759 2146 888 2188 saltus
913 2146 1094 2188 insidere
1126 2147 1342 2203 praesidiis
1372 2149 1526 2190 statuit.

135 2203 187 2246 In
217 2204 362 2261 iugum
386 2200 721 2246 Cambuniorum
750 2205 958 2246 montium
980 2204 1238 2260 (Volustana
1259 2206 1338 2262 ipsi
1360 2208 1530 2262 vocant)

134 2380 216 2409 mn·
260 2378 323 2409 Sed
347 2379 418 2418 quis
441 2378 558 2409 dixerit
579 2389 653 2409 eum
681 2388 806 2409 summe
853 2378 884 2408 in
903 2389 1047 2409 mensem
1066 2378 1184 2418 cuique
1200 2379 1370 2410 sufficeret.

135 2421 247 2452 utilem
268 2421 342 2452 duci
364 2421 460 2452 fuisse
484 2421 514 2451 in
537 2422 631 2452 rebus
650 2421 807 2459 gerendis,
897 2430 912 2460 7
931 2423 1142 2461 Ezponercut
1158 2423 1193 2452 in
1209 2423 1350 2457 consilio,
1366 2424 1524 2460 iussisset}

133 2463 189 2503 qui
210 2464 437 2495 tantummodo
457 2464 603 2495 hortatus
623 2464 743 2495 milites
765 2464 807 2495 ad

134 2516 199 2537 rem
217 2506 340 2537 fortiter
354 2507 526 2547 gerendam
545 2506 652 2537 statim
669 2506 807 2538 abierit?

135 2549 326 2581 Omittimus
346 2549 574 2589 inelegantiam
597 2549 758 2587 dictionis,
774 2553 807 2580 et

132 2592 311 2632 geminatas
333 2592 442 2623 odiose
467 2603 569 2623 voces.
616 2592 719 2623 Nobis
742 2603 805 2623 non

134 2635 213 2666 libet
234 2635 382 2666 hariolari
405 2635 436 2666 in
459 2645 492 2666 re
513 2634 645 2666 omnino
661 2636 807 2666 obscura.

135 2677 232 2709 Mens
249 2678 329 2709 Livii
346 2689 385 2709 ex
407 2678 550 2717 reliquiis
567 2679 635 2709 cius
651 2689 714 2709 non
731 2678 808 2708 satis

133 2726 280 2761 apparet,
305 2726 339 2752 ut
365 2731 436 2751 eum
462 2721 620 2761 expiscari
649 2732 740 2761 posse
765 2721 806 2751 vi-

134 2763 292 2801 deumur;
315 2774 373 2794 nec
396 2763 449 2794 ulii
474 2769 621 2795 auctores
642 2764 806 2794 adiuvant.

136 2805 257 2837 Locum
294 2818 367 2847 ergo
399 2807 548 2837 mutilum
585 2807 804 2846 relinquimus.

135 2849 241 2880 Cum.

178 2899 196 2929 5
220 2893 362 2931 Coyitalo
382 2894 417 2923 ιἰι
438 2894 621 2933 pun-ntem]
654 2892 744 2922 Nihil
768 2903 805 2922 en

136 2932 177 2963 de
194 2943 225 2963 re
241 2940 335 2966 nnteu
352 2935 539 2966 memoravit
559 2935 678 2966 Livius.
698 2936 804 2965 (ἶιικν.

178 2974 198 3005 6
222 2977 446 3016 AIemtrrmm]
474 2979 697 3013 Frumentum,
719 2978 803 3016 quod

852 2465 1025 2504 lchmnere
1039 2464 1223 2495 Gronovius
1236 2465 1372 2503 mavult,
1384 2469 1525 2496 ceterum

851 2512 1048 2546 exponerent
1058 2506 1208 2538 familiari
1221 2507 1274 2538 elli
1280 2508 1340 2547 psi,
1353 2518 1410 2548 pro
1422 2513 1458 2539 ut
1473 2519 1525 2539 ex-

848 2555 1017 2589 ponerent,
1028 2549 1089 2581 hoc
1102 2550 1172 2581 loco
1186 2550 1324 2590 positum
1335 2561 1404 2582 esse
1415 2555 1525 2582 monet

853 2592 1056 2632 Doeringius.

895 2637 914 2665 8
938 2638 1041 2672 Quam
1064 2636 1264 2675 potissimum
1286 2637 1425 2676 peteret]
1458 2636 1522 2666 Vo-

853 2688 922 2708 cem
948 2679 1032 2708 viam
1058 2678 1213 2709 excidisse
1238 2679 1419 2719 suspicatur
1443 2678 1524 2709 Gro-

853 2720 977 2757 novius.
998 2721 1053 2751 sed
1074 2721 1255 2752 Crevierius
1277 2732 1347 2752 eum
1372 2732 1410 2752 ex
1438 2732 1524 2761 prae-

853 2764 1043 2794 cedentibus
1058 2765 1267 2804 repetendnm
1285 2770 1403 2795 censet.

892 2817 912 2847 9
944 2808 1019 2838 Viae
1048 2808 1238 2845 communie]
1281 2810 1377 2843 Quae
1409 2807 1525 2846 puriter

850 2850 890 2879 ud
919 2849 1086 2889 Pythium,
1102 2850 1141 2880 nd
1165 2850 1363 2881 Cambunios
1387 2855 1523 2883 montes,

850 2897 882 2922 et
912 2893 952 2923 ud
982 2892 1170 2923 Ascuridem
1204 2893 1355 2932 pnludem
1383 2893 1522 2922 ‹lucen-t.

850 2936 957 2966 Cum.
