1888 3194
604 200 732 243 LIB.
766 200 887 242 XLI.
934 200 1080 244 CAP.
1116 205 1153 246 7.
1527 211 1575 250 11

181 293 361 336 Albinus
392 307 447 334 ex
478 291 687 349 Hispania
717 291 898 333 Romam
929 306 1061 348 quum
1092 293 1373 345 revertissent,
1405 305 1574 339 senatus
1593 309 1638 341 U.
1655 310 1693 341 C.
1717 318 1790 351 574·

149 351 229 394 5iis
249 365 273 391 a
301 349 363 391 M.
383 350 546 391 Titinio
573 358 764 406 praetore
786 349 909 391 datus
935 349 979 391 in
1009 349 1112 392 aede
1143 349 1345 393 Bellonae
1374 353 1428 394 ad
1449 354 1578 396 disse·
1591 353 1630 385 A.
1654 353 1693 386 C·
1719 354 1789 394 178·

179 407 329 449 tendas
349 422 427 458 reS,
446 423 550 464 quas
570 407 805 464 gessissent,
819 407 1178 465 postulandosque
1195 408 1376 451 honores
1393 412 1575 463 meritos,

178 474 227 507 ut
247 465 327 506 diis
347 465 653 507 immortalibus
674 465 899 506 haberetur
920 465 1064 507 honos.

238 522 402 565 Eodem
430 531 619 580 tempore
641 532 684 564 et
711 523 756 564 in
785 522 977 564 Sardinia
998 538 1196 580 magnum
1220 524 1451 567 tumultum
1472 541 1575 577 esse,
1591 537 1758 570 Sardiniae

147 579 308 622 6literis
330 581 381 623 T.
401 581 577 622 Aebutii
598 580 800 637 praetoris
820 581 1037 636 cognitum
1059 591 1134 631 est,
1157 597 1261 638 quas
1281 582 1392 624 filius
1414 584 1504 625 eius
1524 585 1578 626 ad
1591 582 1761 614 tumultus.

150 648 371 684 'isenatum
399 639 605 680 attulerat.
669 638 855 688 Ilienses,
884 638 1094 681 adiunctis
1123 639 1368 682 Balarorum
1398 642 1576 693 auxiliis,

178 705 370 754 pacatam
397 697 655 753 provinciam
680 696 944 738 invaserant:
977 712 1057 739 nec
1083 697 1135 738 iis
1163 697 1347 740 invalido
1375 701 1578 751 exercitu,

179 763 223 796 et
247 769 399 811 magna
425 764 542 811 parte
567 754 808 811 pestilentia
835 755 1070 811 absumpto,
1097 755 1229 796 resisti
1257 765 1432 813 poterat.
1496 757 1580 799 Ea-

179 811 277 854 dem
307 822 350 854 et
386 812 613 854 Sardorum
642 812 770 869 legati
800 812 1077 862 nuntiabant3
1120 822 1298 864 orantes,
1329 823 1378 855 ut
1407 815 1580 857 urbibus

181 869 326 912 saltem
343 870 446 925 (iam
468 871 580 912 enim
599 885 718 927 agros
738 869 976 927 deploratos
992 870 1102 923 esse)
1116 886 1239 927 opem
1256 882 1424 914 senatus
1439 873 1577 915 ferret.

181 927 302 970 Haec
328 928 496 985 le'gatio,
519 937 738 985 totumque
761 928 877 985 quod
905 928 959 970 ad
990 928 1226 971 Sardiniam
1253 930 1503 987 pertinebat,
1526 931 1581 973 ad

181 1000 311 1028 novos
331 986 597 1043 magistratus
618 987 821 1028 reiectum
843 995 917 1028 est.
1073 1037 1076 1039 Α

239 1044 392 1100 Aeque
429 1044 675 1085 miserabilis
709 1043 864 1100 legatio
902 1044 1144 1100 Lyciorum,
1176 1045 1251 1101 qui
1287 1046 1578 1089 crudelitatem
1593 1055 1769 1097 Lyciorum

148 1109 169 1140 8
182 1100 461 1152 Rhodiorum,
484 1102 637 1158 quibus
657 1101 708 1142 ab
730 1101 779 1142 L.
800 1101 1001 1143 Cornelio
1025 1101 1222 1158 Scipione
1240 1104 1430 1145 attributi
1446 1114 1578 1156 erant,
1592 1100 1752 1139 querelae.

181 1160 487 1216 querebantur:
528 1159 700 1200 ‘Fuisse
731 1159 808 1200 sub
839 1159 999 1200 ditione
1032 1159 1258 1202 Antiochi:
1298 1176 1389 1202 eam
1421 1163 1580 1218 regiam

183 1222 195 1241 ‘
207 1217 464 1267 servitutem,
482 1217 675 1259 collatam
693 1232 789 1258 curn
810 1217 1021 1273 praesenti
1043 1227 1164 1268 statu,
1183 1218 1438 1275 praeclaram
1455 1219 1581 1262 liber-

183 1280 196 1299 ‘
211 1283 340 1317 tatem
360 1275 501 1317 visam.
565 1274 607 1316 N
612 1290 666 1317 on
687 1274 857 1332 publico
886 1284 1050 1316 tantum
1072 1291 1115 1317 se
1137 1277 1270 1332 premi
1292 1277 1482 1333 imperio,
1505 1278 1580 1320 sed

150 1326 393 1390 &singulos
409 1333 564 1375 iustum
582 1334 669 1390 pati
686 1333 914 1374 servitium.
977 1332 1103 1375 quta
1123 1349 1166 1376 se
1188 1335 1389 1392 coniuges
1409 1335 1581 1378 liberos-

184 1396 292 1448 ‘que
319 1391 488 1433 vexari:
523 1392 566 1432 in
596 1406 759 1448 corpus,
789 1392 833 1432 in
862 1400 1026 1448 tergum
1058 1392 1230 1434 saeviri:
1268 1393 1436 1443 famam,
1464 1393 1581 1450 quod

185 1449 433 1506 ‘indignum
474 1450 538 1499 sit,
581 1449 781 1490 maculari
822 1449 1202 1506 dehonestarique:
1255 1460 1298 1492 et
1337 1451 1475 1508 palam
1515 1467 1581 1494 res

152 1507 374 1549 2‘odi0sas
402 1508 506 1557 fieri,
533 1508 634 1549 iuris
662 1507 790 1549 etiam
819 1507 1049 1564 usurpandi
1079 1523 1228 1558 causa3
1260 1524 1315 1550 ne
1342 1524 1419 1566 pro
1450 1509 1581 1552 dubio

185 1571 198 1590 ‘
213 1565 407 1615 habeant,
437 1565 542 1607 nihil
568 1566 678 1607 inter
701 1581 744 1607 se
774 1575 817 1607 et
844 1575 1018 1622 argento
1045 1576 1189 1623 parata
1216 1567 1425 1624 mancipia
1452 1567 1582 1610 inter-

186 1628 199 1647 ‘
211 1623 325 1664 esse.'
386 1623 532 1665 Motus
552 1624 618 1665 his
639 1633 819 1674 senatus,
836 1624 975 1665 literas
993 1624 1136 1682 Lyciis
1153 1624 1206 1666 ad
1228 1625 1420 1667 Rhodios
1441 1625 1578 1668 dedit:

154 1695 172 1726 3
187 1687 198 1704 ‘
213 1680 307 1722 Nec
328 1681 484 1738 Lycios
505 1681 699 1731 Rhodiis,
717 1697 796 1723 nec
817 1681 924 1723 ullos
940 1682 1009 1723 alii
1027 1683 1238 1739 cuiquam,
1255 1683 1328 1740 qui
1349 1684 1436 1725 nati
1458 1683 1581 1726 liberi

188 1739 308 1787 ‘sint‚
332 1739 373 1779 in
395 1739 637 1780 servitutem
666 1739 755 1780 dari
778 1739 953 1795 placere.
1016 1739 1172 1796 Lycios
1197 1741 1256 1782 ita
1282 1742 1359 1782 sub
1390 1741 1583 1783 Rhodio-

188 1803 305 1838 ‘rum
326 1796 450 1838 simul
472 1797 647 1853 imperio
668 1806 710 1838 et
731 1796 863 1838 tutela
883 1811 984 1847 csse,
1007 1807 1054 1838 ut
1075 1797 1120 1838 in
1141 1798 1301 1840 ditione
1323 1799 1469 1856 populi
1492 1799 1581 1841 Ro-

188 1860 201 1879 ‘
216 1854 328 1896 mani
350 1854 537 1896 civitates
557 1855 691 1895 sociae
714 1855 822 1895 sint.’

243 1911 470 1968 Triumphi
491 1911 645 1953 deinde
668 1927 721 1953 ex
751 1911 960 1968 Hispania
979 1912 1064 1954 duo
1092 1914 1284 1955 continui
1304 1914 1399 1956 acti.

1460 1914 1582 1957 Prior
1673 1917 1711 1959 7.

228 2081 246 2113 5
269 2074 326 2104 Ad
333 2074 533 2105 disserendas
543 2073 610 2114 res]
628 2075 862 2106 fidis-serendas

954 2083 966 2104 1
993 2076 1093 2105 Iuoela
1114 2086 1147 2106 se
1169 2077 1336 2115 cmziuyes]
1368 2076 1444 2107 Sese
1465 2077 1584 2117 pariter

187 2116 371 2148 Gronovius
386 2117 584 2155 emendavit,
600 2118 757 2158 probante
773 2117 862 2148 Dou-

908 2117 1123 2157 coniugesque
1139 2128 1177 2148 ac
1194 2118 1309 2149 liberos
1326 2120 1443 2151 vexari.
1490 2120 1583 2151 Simi-

185 2159 264 2191 iatio
280 2164 313 2190 et
328 2160 502 2191 Crevierio.

228 2201 249 2234 6
270 2204 390 2234 Literis
405 2204 578 2234 [Aebutii
589 2205 767 2244 praetoris]
796 2203 863 2234 Hic

185 2245 344 2277 habemus
372 2250 405 2276 et
441 2257 558 2276 nomen
594 2251 625 2277 et
662 2247 861 2286 provinciam

186 2289 284 2320 unius
303 2299 321 2320 e
343 2289 542 2329 praetoribus
558 2289 653 2320 huius
669 2289 756 2327 anni,
773 2290 863 2321 cuius

186 2332 308 2363 mentio
332 2332 535 2363 interciderat
558 2343 631 2363 cum
656 2333 704 2370 iis,
720 2343 803 2372 quae
822 2343 861 2364 ex

186 2375 279 2406 initio
290 2375 385 2405 huius
397 2375 465 2405 libri
478 2375 646 2415 deperdita
657 2381 739 2406 sunt.
754 2378 860 2408 Clrfiv.

232 2425 248 2458 7
272 2419 423 2457 Ilienses]
451 2419 519 2454 Qui
544 2429 629 2458 supr.
652 2419 695 2450 xl.
723 2429 768 2461 19.
796 2430 860 2450 me-

186 2465 363 2492 morantur.
411 2461 533 2492 Verum
552 2462 738 2498 sardorum,
755 2462 807 2502 qui
826 2462 859 2492 in

187 2504 288 2535 deviis
308 2504 472 2535 montibus
492 2505 682 2535 habitabant
705 2510 737 2535 et
759 2505 864 2535 incur-

188 2547 293 2578 aiones
315 2547 347 2577 in
371 2553 583 2587 campestrem
609 2548 768 2585 regionem
795 2559 864 2588 pro—

189 2590 313 2621 vinciae
338 2596 471 2630 pacatae
495 2590 670 2621 identidem
692 2591 865 2628 faciebant,

188 2637 252 2664 tres
271 2638 488 2664 memorantur
509 2633 621 2669 trihus,
642 2634 775 2664 Ilienses
798 2634 864 2665 sive

191 2676 286 2713 Iolai,
299 2676 420 2713 Balari,
433 2681 465 2706 et
482 2676 658 2708 Corsicani.
676 2678 715 2707 cf.
729 2677 863 2708 Niebhr.

189 2719 210 2751 i.
227 2730 256 2750 n.
276 2728 346 2757 5¹3.

232 2763 251 2791 8
275 2763 400 2799 Quibus
422 2786 428 2792 .
451 2786 458 2793 .
479 2763 628 2792 attributi
658 2762 770 2802 erunt]
815 2763 865 2793 Ex

189 2810 319 2836 senatus
335 2806 463 2835 decreto
480 2816 564 2844 supr.
583 2805 701 2836 xxxvii.
722 2815 771 2844 55.

233 2858 253 2890 9
275 2850 399 2879 Iustum
410 2849 480 2888 pali
492 2848 673 2887 svn-ilium]
698 2849 816 2879 Veram
831 2860 868 2879 ac

192 2891 322 2931 plenam
334 2892 530 2922 servitutem.
555 2891 607 2921 Sic
620 2892 696 2922 alibi
710 2893 795 2931 apud
812 2903 865 2922 no-

192 2938 291 2964 strum
317 2935 400 2965 iusto
423 2936 578 2972 exercitu,
601 2936 684 2966 iusto
708 2937 865 2976 equitatu.

193 2976 300 3007 Cam.

908 2160 980 2191 liter
996 2162 1088 2191 iusta
1105 2171 1162 2201 pro
1179 2171 1293 2201 aeque,
1307 2162 1436 2202 pariter,
1450 2174 1582 2203 usurpa—

907 2208 960 2234 tur
989 2214 1074 2244 supr.
1106 2204 1207 2235 xxxii.
1241 2214 1287 2242 14.
1313 2206 1448 2237 xxxviii.
1477 2216 1526 2247 ²9·
1551 2210 1583 2237 et

906 2247 995 2278 alibi.

952 2299 967 2320 2
985 2291 1076 2321 Iuris
1085 2292 1179 2322 etlam
1192 2292 1392 2331 usurpandi]
1413 2291 1490 2322 Non
1501 2292 1584 2322 fruc-

907 2331 959 2363 tiis
980 2333 1118 2364 alicuius
1141 2338 1198 2364 aut
1215 2334 1427 2365 emolumenti
1443 2345 1512 2374 spe,
1529 2335 1584 2366 sed

908 2376 1005 2415 plane
1022 2381 1057 2406 ut
1074 2377 1221 2407 dominos
1237 2387 1304 2407 sese
1321 2378 1503 2417 probarent.

951 2429 968 2458 3
993 2422 1062 2451 Nec
1094 2421 1205 2460 Lycios
1234 2421 1384 2458 Rhodiis]
1428 2421 1584 2461 Polybius

906 2461 987 2493 Exc.
998 2463 1072 2503 Leg.
1082 2462 1132 2494 60.
1147 2463 1241 2493 tradit
1253 2463 1314 2493 hoc
1325 2464 1490 2494 decretum
1502 2464 1583 2494 mul-

909 2505 949 2535 tis
969 2516 1173 2545 nequaquam
1200 2506 1376 2545 placuisse:
1414 2512 1584 2546 propterca

910 2549 995 2587 quod
1015 2549 1154 2579 Romani
1179 2550 1362 2580 viderentur
1378 2549 1409 2579 id
1427 2560 1532 2587 agere,
1550 2554 1583 2579 ut

910 2592 1148 2622 committerent
1171 2592 1253 2622 inter
1269 2603 1301 2622 se
1326 2592 1471 2622 Rhodios
1492 2593 1583 2632 Lyci-

910 2645 1020 2674 osque,
1037 2635 1076 2664 ad
1099 2635 1334 2665 exhauriendos
1356 2640 1532 2675 apparatus
1553 2640 1583 2666 et

909 2677 1075 2707 thesauros
1104 2678 1317 2714 Rhodiorum,
1343 2688 1477 2717 quorum
1511 2689 1583 2708 curn

912 2720 1028 2750 l'ersco
1044 2720 1187 2751 amicitia
1208 2726 1356 2761 suspecta
1373 2721 1435 2750 iam
1454 2721 1491 2750 iis
1507 2726 1582 2751 erat.

914 2763 955 2793 Et
981 2774 1012 2793 re
1036 2764 1164 2803 quidem
1193 2775 1263 2794 vera
1286 2764 1369 2794 idem
1392 2770 1504 2794 auctor
1527 2768 1584 2796 est,

913 2807 988 2845 Leg.
1003 2806 1053 2837 (η.
1074 2806 1200 2845 Lycios,
1217 2802 1269 2847 qui
1289 2807 1351 2837 inm
1371 2807 1443 2837 victi
1458 2807 1583 2846 acquie-

914 2855 1023 2879 verunt
1058 2849 1257 2880 Rhodiorum
1296 2850 1448 2889 imperiis,
1474 2849 1584 2879 audito

913 2893 1132 2922 Romanorum
1149 2903 1298 2933 responso
1312 2903 1419 2923 rursus
1429 2893 1584 2922 tumultu-

909 2936 955 2966 ari
973 2935 1125 2976 coepisse.
1149 2936 1256 2968 Cam.
