1888 3194
689 216 708 253 1
735 215 774 253 1<
802 215 902 253 Ι).Ε
931 215 976 254 §L

186 293 318 333 foederi,
330 302 403 326 cum
420 291 576 331 Philippo
591 290 672 321 inito
690 299 741 332 29,
758 300 804 321 12.

145 337 328 374 Pleuratus,
356 333 554 367 Scerdilaedi
591 333 689 371 filius,
719 332 812 372 polli-

186 384 277 411 cetur
295 378 450 410 auxilium
468 375 626 408 Romanis
642 384 693 414 31,
711 375 761 406 28.
784 375 814 406 ei

186 421 375 462 Lychnidus
395 424 427 450 et
443 418 590 450 Parthini
609 417 676 448 dati
695 426 747 456 33,
763 427 813 457 34.

185 463 347 495 maritima
375 462 523 494 Aetoliae
561 464 664 492 vastat
699 461 750 500 38,
785 469 812 500 7.

187 506 298 538 Gentii
314 509 406 546 pater
421 516 473 543 44,
490 513 540 543 30.

145 549 329 586 Pleuratus,
345 548 457 579 Gentii
477 546 574 585 filius,
590 546 736 588 captivus
756 546 814 577 du-

187 591 270 622 citur
285 591 425 623 Romam
443 602 494 629 44,
511 599 561 629 32.

145 634 328 671 Pleuratus,
356 633 488 674 IllyTius
514 633 617 671 exsul,
643 633 767 673 legatus
795 642 815 663 a

189 677 306 708 Perseo
321 676 435 707 missus
449 676 491 706 ad
508 675 664 706 Gentium
682 683 734 713 43,
751 684 800 706 21.

146 719 273 758 Plistia,
293 719 403 760 oppid.
425 722 630 759 oppugnatur
651 728 672 749 a
691 717 815 749 Samni-

187 762 274 793 tibus
289 772 320 803 9,
338 771 386 793 21.
411 762 537 801 capitur
554 770 602 792 22.

146 805 348 843 Plitendum,
363 805 520 845 oppidum
538 804 588 844 38,
609 803 656 835 18.

147 847 257 879 Plutei
278 848 311 878 in
333 847 557 888 oppugnandis
576 846 708 878 urbibus
727 845 816 876 adhi-

190 890 248 921 biti
267 900 316 929 21,
333 889 384 921 61.
408 899 459 929 34,
480 898 526 929 17.

147 933 300 971 Pluvina,
315 934 389 964 urbs
405 931 618 964 Macedoniae
635 941 686 971 31,
703 941 752 973 39.

148 975 280 1007 Poenae
310 976 397 1016 apud
429 976 595 1006 Romanos
630 974 817 1006 mitissimae

194 1027 222 1056 1,
239 1019 289 1049 28.

149 1060 251 1092 Poeni
284 1060 406 1101 proelio
439 1060 546 1091 navali
577 1060 748 1091 vincuntur
776 1060 818 1090 ad

191 1104 384 1144 Lilybaeum
417 1113 467 1141 21,
498 1112 547 1143 5ο.
583 1113 633 1141 22,
668 1112 714 1144 19.
753 1102 818 1133 Ro-

190 1156 304 1177 manos
315 1146 456 1185 undique
466 1146 591 1176 clausos
603 1150 634 1176 et
647 1145 820 1185 imparatos

190 1189 347 1220 invadunt
370 1197 419 1226 22,
442 1200 470 1227 4.
496 1189 560 1219 duo
582 1188 685 1219 millia
706 1192 738 1218 et
759 1191 820 1218 tre-

191 1231 276 1264 centi
300 1231 395 1268 caesi,
418 1241 482 1261 uno
505 1234 631 1261 tantum
657 1231 819 1261 Romano-

191 1285 262 1306 rum
292 1274 408 1305 amisso
440 1282 491 1312 23,
523 1272 568 1305 16.
603 1277 758 1303 vocantur
787 1273 819 1304 in

192 1317 371 1349 Sardiniam
386 1325 436 1356 32.
460 1316 557 1357 legati
573 1316 614 1347 ad
628 1315 820 1355 Philippum

191 1359 279 1392 missi
304 1360 486 1400 capiuntur,
506 1363 538 1390 et
560 1359 699 1390 Romam
722 1359 820 1390 dedu-

193 1407 310 1434 cuntur
323 1412 372 1442 34.
395 1413 444 1433 res
459 1402 546 1442 apud
560 1401 703 1433 Bruttios
713 1406 821 1442 gestae

195 1455 247 1485 24,
280 1455 306 1477 1.
344 1449 447 1476 castra
483 1445 655 1485 capiuntur
689 1453 740 1483 25,
774 1453 820 1483 14.

194 1488 327 1519 vincunt
357 1488 536 1526 Romanos,
562 1497 736 1526 eorumque
766 1497 821 1526 po-

194 1531 320 1562 tiuntur
341 1530 451 1561 castris
475 1540 523 1561 21.
551 1529 710 1571 exercitus
734 1534 822 1570 peste

194 1573 373 1605 absumitur
404 1571 453 1604 26.
488 1573 569 1604 vires
600 1582 649 1612 32.
684 1573 822 1604 caedunt

196 1617 363 1649 Romanos
383 1625 431 1656 34.
460 1616 631 1646 vincuntur
653 1624 693 1657 39
716 1620 748 1646 et
771 1625 822 1653 41.

195 1659 330 1700 aggressi
346 1663 421 1690 ante
437 1659 584 1698 Capuam
604 1658 824 1689 Romanorum

197 1707 312 1740 castra,
328 1702 528 1742 repelluntur
545 1700 594 1739 26,
611 1710 639 1740 5.
663 1701 826 1741 equitatus

199 1755 307 1777 eorum
334 1755 443 1775 caesus
467 1744 627 1784 Salapiae,
648 1748 719 1784 post
745 1754 825 1774 sem-

198 1798 255 1829 per
274 1787 402 1818 inferior
420 1787 479 1818 fuit
498 1787 647 1818 Romano
664 1788 714 1825 38.
739 1787 825 1818 dese-

198 1834 271 1862 runt
285 1830 425 1862 Siciliam
439 1840 489 1869 40.
508 1834 632 1861 vastant
645 1829 825 1861 Sardiniam

199 1882 250 1914 27,
274 1872 304 1905 6.
335 1873 395 1904 tria
419 1884 491 1904 cum
515 1872 672 1904 Romanis
695 1872 826 1913 proelia,

198 1926 333 1956 quorum
359 1916 452 1946 tertio
477 1916 647 1946 vincuntur
674 1925 709 1953 14
733 1919 764 1946 ct
786 1925 824 1953 42

199 1964 231 1990 et
243 1969 310 1999 sqq.
326 1959 478 1999 fugantur
494 1960 544 1996 28,
562 1967 607 1997 15.
628 1958 703 1989 socii
717 1968 826 1989 eorum

199 2005 364 2033 transeunt
380 2002 420 2032 ad
440 2002 614 2039 Romanos,
630 2001 705 2032 ibid.
730 2011 826 2031 naves

199 2045 240 2076 ad
270 2044 432 2085 octoginta
461 2044 622 2075 onerariae
655 2044 827 2084 capiuntur

199 2086 251 2126 46.
276 2088 446 2118 vincuntur
467 2098 486 2118 a
511 2088 547 2118 P.
565 2087 753 2127 Sempronio
776 2096 826 2128 29,

200 2129 250 2169 36.
275 2135 377 2161 castra
397 2131 627 2161 comburuntur
642 2140 660 2160 a
677 2129 826 2169 Scipione

201 2182 253 2212 30,
269 2185 299 2212 4,
316 2182 346 2212 5,
361 2172 394 2204 6.
422 2173 600 2203 caeduntur
622 2177 654 2203 et
677 2173 828 2213 fugantur

201 2214 232 2254 6,
252 2217 284 2255 8,
310 2217 355 2247 18.
379 2226 481 2247 novae
505 2215 688 2246 molitiones
709 2225 760 2254 41,
778 2224 825 2254 27.

202 2264 347 2299 pugnant
383 2269 457 2290 cum
492 2258 663 2289 Masinissa
696 2259 747 2296 48,
777 2266 827 2298 33.

202 2305 428 2342 expugnantur
447 2302 533 2332 fame
554 2310 604 2341 34.
631 2311 741 2332 eorum
763 2311 827 2331 ma-

203 2344 292 2375 xima
315 2345 422 2376 clades
443 2352 492 2384 35.
522 2345 704 2375 Poenorum
726 2344 757 2374 in
783 2343 828 2374 iu-

203 2387 303 2418 rando
332 2397 401 2418 mos
432 2396 482 2424 21,
513 2397 538 2419 1.
569 2387 720 2418 transitus
747 2386 829 2417 nulli

203 2429 276 2470 iugo
293 2440 409 2460 nomen
426 2429 541 2460 indidit
557 2430 607 2469 38.
626 2430 688 2461 vid.
704 2434 736 2460 et
752 2429 829 2461 Car—

204 2472 426 2512 thaginienses.

162 2516 201 2548 C.
220 2515 392 2553 Poetelius,
411 2515 557 2546 tribunus
579 2515 621 2555 pl.
644 2515 704 2546 fert
728 2515 830 2554 legem

204 2559 245 2589 de
259 2559 383 2590 ambitu
403 2567 430 2597 7,
451 2567 496 2597 15.

162 2601 200 2634 C.
219 2601 383 2633 Poetelius
399 2612 461 2632 cos.
481 2610 509 2641 7,
527 2609 576 2641 27.

162 2644 202 2676 C.
215 2644 389 2682 Poetelius,
403 2655 464 2676 cos.
476 2646 506 2681 8,
522 2653 571 2683 23.
587 2644 724 2675 dictator
736 2654 768 2686 9,
783 2644 831 2675 28.

163 2687 201 2719 C.
220 2687 383 2718 Poetelius
411 2687 544 2724 Bulbus,
568 2697 631 2719 cos.
658 2696 686 2727 7,
716 2697 761 2718 11.
793 2687 832 2718 de

207 2729 314 2760 Gallis
343 2730 594 2770 Tiburtibusque
632 2730 831 2770 triumphum

207 2771 284 2811 agit,
299 2772 374 2804 ibid.

165 2814 214 2846 M.
234 2815 392 2846 Poetelius
412 2826 475 2847 eos.
492 2820 617 2847 creatur
637 2826 668 2858 9,
686 2825 734 2854 24.
759 2825 832 2846 cum

208 2857 331 2897 collega
351 2858 511 2889 Samnites
529 2858 624 2890 vincit
647 2858 767 2899 proelio
785 2867 834 2898 27.

209 2899 349 2940 legiones
373 2900 413 2931 ad
440 2902 691 2942 oppugnandum
719 2901 833 2933 Bovia-

209 2952 285 2974 num
299 2942 387 2974 ducit
406 2943 454 2975 28.

858 291 892 321 P.
911 291 1082 331 Poetelius,
1097 293 1139 324 ad
1157 302 1263 334 regem
1279 294 1462 335 Syphacem
1479 295 1523 327 le-

898 336 992 372 gatus
1009 342 1059 374 27,
1072 347 1100 374 4.

859 374 903 410 Q.
923 376 1084 408 Poetelius
1098 377 1259 408 decemvir
1275 383 1401 410 creatur
1417 390 1447 420 3,
1464 388 1514 420 35.

860 416 1072 457 Poetnaeum,
1109 421 1278 451 castellum
1312 422 1528 454 Athamaniae

900 469 953 501 39,
967 468 1015 499 ²5·

860 502 1059 542 Politorium,
1074 505 1149 535 urbs
1165 505 1366 544 Latinorum,
1377 507 1417 536 ab
1431 508 1524 538 Anco

899 545 1024 577 Marcio
1041 547 1070 577 vi
1087 551 1183 587 capta
1202 557 1229 585 1,
1246 557 1295 587 33.

858 587 1038 620 Pollentiae
1060 589 1152 621 Deae
1173 590 1297 630 signum
1319 589 1352 621 in
1371 590 1454 622 circo
1476 600 1528 633 39,

903 638 929 670 7.
955 632 1091 672 procidit
1112 632 1143 663 in
1164 633 1246 664 illud
1267 633 1372 664 malus
1391 633 1424 664 in
1446 633 1529 665 circo

902 673 1069 713 instabilis,
1085 675 1170 706 ludis
1187 676 1355 714 Romanis,
1370 676 1447 707 ibid.

861 716 964 748 Pollia
993 718 1094 748 tribus
1123 718 1155 756 8,
1182 726 1231 758 37.
1268 728 1319 760 29,
1348 726 1396 759 37.
1434 729 1530 750 nemo

901 759 1002 791 ferme
1032 771 1070 792 ex
1099 761 1201 792 Pollia
1224 762 1309 792 tribu
1339 762 1532 793 candidatus

904 802 1064 843 Papiriam
1080 804 1161 835 ferre
1177 804 1288 835 solitus
1303 804 1334 842 8,
1351 813 1401 844 37.

861 845 974 877 Pollio.
992 846 1054 877 vid.
1071 846 1212 884 Asinius,
1227 850 1260 878 et
1278 847 1412 878 Vedius.

862 888 1008 926 Polusca,
1030 890 1140 929 oppid.
1163 900 1191 928 2,
1208 899 1257 929 33.
1283 889 1441 921 Romanis
1463 889 1531 921 adi-

904 931 1001 962 mitur
1017 942 1038 962 a
1053 932 1227 964 Coriolano
1243 942 1293 974 39.

863 974 1054 1014 Polyaenus,
1071 975 1299 1015 Syracusanus,
1311 985 1368 1015 pro
1381 985 1436 1006 ara
1448 975 1532 1007 Con-

905 1017 1031 1048 cordiae
1043 1017 1219 1048 orationem
1232 1018 1341 1056 habet,
1353 1022 1385 1048 et
1398 1018 1533 1050 liberam

905 1063 937 1090 et
952 1060 1151 1091 moderatam
1170 1070 1220 1100 24,
1238 1071 1286 1092 22.

865 1102 1062 1142 Polyaratus,
1084 1103 1233 1143 princeps
1255 1103 1456 1134 Rhodiorum
1482 1115 1535 1143 44,

908 1154 945 1184 23
963 1149 995 1176 et
1013 1155 1061 1187 29.
1092 1145 1248 1176 Romanis
1262 1146 1399 1177 traditur
1414 1153 1466 1186 45,
1484 1156 1533 1178 22.

866 1187 1028 1227 Polybius,
1066 1188 1245 1226 historicus,
1282 1189 1534 1229 haudquaquam

907 1232 1106 1270 spernendus
1125 1236 1237 1262 auctor
1257 1241 1308 1270 30,
1328 1240 1378 1270 45.
1402 1242 1465 1262 non
1488 1232 1534 1262 in-

907 1277 1012 1304 certus
1037 1278 1158 1311 auctor,
1188 1284 1262 1304 cum
1293 1274 1436 1305 omnium
1468 1275 1534 1306 Ro-

907 1325 1074 1346 manarum
1090 1327 1206 1354 rerum,
1223 1321 1292 1347 tum
1314 1317 1486 1357 praecipue
1501 1317 1535 1348 in

908 1358 1046 1390 Graecia
1070 1363 1229 1399 gestarum
1256 1368 1307 1398 33,
1332 1369 1378 1390 10.
1411 1368 1463 1398 34,
1485 1369 1535 1399 5ο.

909 1399 961 1440 36,
982 1411 1027 1450 39·
1051 1411 1103 1443 39,
1120 1410 1169 1441 52-
1193 1410 1246 1442 45.
1262 1412 1311 1440 44·
1348 1444 1354 1450 ,
1423 1444 1429 1450 ,
1491 1445 1498 1451 ‚

866 1444 1056 1484 Polyclitus,
1083 1445 1264 1484 praefectus
1290 1444 1458 1485 Eplcydis,
1490 1455 1536 1476 m-

908 1487 1063 1518 terficitur
1079 1487 1243 1528 Syracusis
1259 1495 1310 1527 25,
1328 1488 1376 1519 28.

867 1530 1058 1570 Polycratia,
1085 1540 1167 1561 uxor
1196 1531 1299 1568 Arati,
1330 1530 1534 1561 Achaeorum

911 1573 1075 1613 principis,
1096 1583 1152 1613 spe
1172 1573 1327 1612 regiarum
1349 1573 1536 1613 nuptiarum

910 1626 929 1646 a
953 1616 1102 1656 Philippo
1126 1615 1157 1645 in
1179 1615 1407 1646 Macedoniam
1430 1626 1537 1656 aspor-

911 1662 997 1689 tatur
1014 1668 1063 1698 27,
1080 1667 1130 1697 31.

870 1701 1101 1741 Polyphantas,
1117 1701 1182 1731 dux
1202 1701 1342 1741 Philippi
1361 1708 1412 1741 27,
1428 1710 1479 1741 32.
1504 1701 1537 1733 in

915 1744 1082 1775 Boeotiam
1099 1744 1238 1774 mittitur
1255 1745 1304 1781 28,
1321 1752 1348 1782 5.

873 1787 1097 1827 Polyxenidas,
1131 1788 1220 1817 exsul
1256 1787 1416 1824 Rhodius,
1449 1797 1538 1827 prae-

911 1831 1014 1860 fectus
1029 1830 1137 1860 classis
1151 1829 1300 1860 Antiochi
1319 1828 1370 1868 36,
1386 1839 1422 1868 41
1442 1834 1474 1860 et
1487 1839 1538 1869 43.

912 1873 1053 1912 confligit
1070 1883 1142 1903 cum
1162 1872 1318 1903 Romanis
1334 1884 1384 1911 44.
1407 1873 1488 1913 fugit
1504 1873 1537 1904 in

913 1920 1039 1956 portum
1068 1915 1188 1955 Ephesi
1214 1923 1264 1954 45.
1292 1915 1457 1946 incautum
1483 1926 1538 1956 op-

914 1958 1021 1998 primit
1046 1958 1273 1989 Pausistratum
1299 1966 1350 1998 37,
1375 1968 1412 1989 10
1432 1962 1464 1989 et
1491 1968 1538 1990 11.

913 2001 1080 2032 insidiatur
1100 2001 1190 2031 classi
1214 2002 1383 2032 Romanae
1403 2011 1448 2041 13.
1473 2001 1539 2032 vin-

914 2045 995 2075 citur
1010 2055 1028 2074 a
1046 2044 1202 2075 Romanis
1217 2049 1249 2074 et
1266 2044 1403 2075 Rhodiis
1418 2053 1467 2083 30.

871 2087 1017 2118 Pometia
1043 2097 1071 2124 2,
1095 2097 1143 2118 22.
1173 2087 1281 2117 deficit
1305 2087 1346 2117 ad
1372 2088 1541 2118 Auruncos

918 2129 964 2160 16.
988 2130 1113 2170 capitur
1134 2139 1178 2169 17.
1195 2130 1234 2160 cf.
1252 2130 1376 2160 Suessa.

874 2173 1073 2204 l‘omoerium
1097 2182 1122 2211 1,
1139 2184 1188 2211 44.

874 2215 1030 2255 Pompeii,
1045 2216 1200 2255 oppidum
1217 2215 1418 2255 Campaniae
1433 2225 1464 2257 9,
1480 2215 1532 2255 38.

873 2260 911 2291 L.
931 2259 1112 2298 Pompeius,
1127 2258 1198 2288 trib.
1216 2258 1308 2289 milit.
1327 2268 1378 2296 42,
1394 2257 1445 2297 65.

873 2303 947 2334 Sex.
968 2301 1155 2342 Pompilius,
1171 2301 1242 2332 trib.
1261 2301 1304 2341 pl.
1321 2302 1434 2332 absens
1456 2311 1542 2333 crea-

916 2349 968 2374 tur
983 2355 1013 2382 4,
1030 2354 1067 2382 42
1086 2348 1117 2374 et
1134 2355 1183 2382 44.

875 2388 912 2420 L.
930 2387 1124 2427 Pomponius
1138 2386 1348 2425 Veientanus,
1362 2387 1543 2427 praefectus

916 2429 1051 2467 socium,
1076 2429 1233 2470 prosperis
1259 2429 1382 2469 aliquot
1410 2431 1543 2470 popula-

916 2473 1057 2504 tionibus
1077 2472 1108 2503 in
1129 2483 1204 2512 agro
1223 2472 1350 2503 Bruttio
1365 2473 1437 2503 iusti
1454 2473 1545 2503 (lucis

916 2516 1056 2556 speciem
1078 2520 1202 2552 nactus,
1219 2515 1354 2545 vincitur
1372 2520 1403 2546 ct
1420 2515 1545 2555 capitur

919 2567 970 2597 25,
998 2568 1020 2589 1.
1049 2558 1133 2589 idem
1159 2558 1360 2598 publicanus,
1384 2558 1477 2588 malis
1498 2568 1546 2589 ar-

918 2602 1003 2633 tibus
1018 2602 1170 2638 famosus,
1186 2600 1260 2631 ibid.
1277 2605 1309 2630 ct
1327 2610 1354 2640 3.

877 2645 926 2676 M.
946 2644 1152 2684 Pomponius,
1167 2643 1238 2674 trib.
1257 2643 1300 2682 pl.
1318 2652 1348 2681 3,
1365 2651 1414 2682 54.

878 2688 925 2719 Μ.
941 2687 1149 2728 Pomponius,
1161 2686 1233 2716 trib.
1246 2685 1338 2716 milit.
1356 2696 1419 2717 cos.
1437 2690 1502 2726 pot.
1515 2694 1547 2726 5,

925 2738 971 2768 ¹&

878 2774 926 2805 M.
946 2772 1151 2813 Pomponius,
1163 2771 1234 2802 trib.
1252 2772 1296 2812 pl.
1309 2771 1393 2801 dium
1412 2770 1489 2801 dicit
1507 2770 1544 2801 L.

920 2815 1046 2847 Manlio
1065 2824 1094 2855 7,
1110 2827 1138 2854 4.
1162 2826 1181 2845 u.
1203 2814 1268 2844 filio
1291 2813 1405 2844 Manlii
1425 2812 1546 2852 cogitur

920 2858 1034 2895 iurare,
1070 2868 1104 2888 se
1141 2867 1236 2888 causa
1272 2856 1340 2887 cius
1375 2854 1545 2886 accusandi

920 2907 1085 2940 nunquam
1117 2898 1288 2931 concilium
1325 2897 1426 2938 plebis
1458 2897 1546 2928 hubi·

922 2949 1029 2975 turum
1047 2951 1076 2983 5.
