1888 3194
638 221 927 261 INDEX.

137 299 241 331 tendit
275 300 308 339 8,
340 309 390 340 33.
431 299 579 340 magister
614 298 759 339 equitum

94 383 142 416 Μ.
161 385 227 416 sive
254 385 357 417 Caeso
385 384 516 424 Fabius,
542 383 635 416 Fabii
665 383 758 415 Rulli

134 427 232 458 frater
245 437 276 468 9,
293 425 343 466 36.

92 469 141 502 Μ.
157 469 276 502 Fabius
291 470 408 508 Buteo,
422 469 489 502 sine
504 469 652 510 magistro
667 469 754 509 equi-

133 516 203 543 tum
229 512 365 543 dictator
392 513 434 544 ad
462 512 678 552 supplendum
708 523 754 543 se-

131 558 244 586 natum
260 555 363 586 dictus
385 564 436 594 23,
452 565 501 586 22.
524 559 636 586 senatu
658 555 753 593 lecto,

131 607 199 629 sese
224 598 388 638 extemplo
414 597 599 638 magistratu
624 598 753 629 abdicat

133 649 183 680 23.
209 640 322 672 aedilis
341 640 459 672 curulis
480 650 530 680 30,
551 639 601 672 26.
630 645 754 672 creatus

131 686 269 723 praetor,
283 683 410 715 sortitur
425 683 603 715 Sardiniam
619 693 669 723 40.

88 725 138 757 M.
153 725 272 758 Fabius
288 726 404 765 Dorso,
420 737 482 758 cos.
498 730 623 757 creatur
639 735 668 765 7,
685 727 734 758 28.

89 767 137 801 M.
150 768 270 800 Fabius
285 769 478 808 Vibulanus,
499 779 561 800 cos.
582 779 613 807 4,
637 778 683 801 11.
706 770 750 801 le-

128 815 222 852 gatus
239 820 288 852 17,
306 821 343 854 19
358 815 390 844 et
406 820 455 852 27.
478 812 549 843 trib.
571 811 664 843 milit.
687 823 749 844 cos.

130 858 197 894 pot.
214 862 264 894 25.

89 896 190 929 Num.
203 896 322 929 Fabius
346 898 533 937 Ambustus,
558 897 629 930 trib.
655 897 748 930 milit.

130 950 193 971 cos.
209 944 275 980 pot.
292 951 323 978 4,
340 941 390 981 58.

88 982 132 1014 N.
145 982 265 1014 Fabius
285 983 391 1014 Buteo
411 987 535 1015 creatur
554 987 680 1024 praetor
697 994 749 1022 41,

128 1034 179 1066 33.
206 1025 335 1056 sortitur
355 1026 548 1066 Hispaniam
572 1027 747 1058 citeriorem

128 1077 180 1106 42,
199 1077 224 1100 1.
248 1068 411 1100 Massiliae
425 1069 558 1100 moritur
571 1081 601 1108 4.

86 1111 130 1142 N.
144 1110 261 1142 Fabius
274 1110 466 1149 Vibulanus,
481 1122 543 1143 cos.
559 1124 590 1151 4,
606 1121 656 1151 43.
675 1111 746 1144 trib.

126 1153 219 1185 milit.
230 1153 387 1184 consulari
399 1158 556 1193 potestate
567 1164 616 1195 49.
630 1154 747 1185 iterum

85 1238 128 1275 Q.
145 1238 274 1277 Fabius,
295 1248 357 1269 cos.
380 1248 410 1276 2,
424 1249 475 1278 41.
498 1238 613 1270 iterum
634 1248 684 1279 43.
712 1239 745 1270 in

125 1281 247 1322 proelio
261 1281 416 1313 occiditur
431 1280 481 1320 46.

84 1323 127 1361 Q.
141 1323 270 1363 Fabius,
285 1324 322 1362 is,
337 1324 392 1364 qui
412 1335 494 1356 unus
513 1324 688 1356 exstinctae
703 1325 744 1356 ad

124 1367 308 1400 Cremeram
334 1367 420 1408 genti
446 1369 657 1408 superfuerat,
681 1378 743 1399 cos.

124 1414 250 1442 creatur
272 1419 303 1449 3,
327 1419 352 1441 1.
380 1410 496 1441 iterum
518 1421 546 1442 2.
574 1421 640 1442 rem
663 1411 744 1442 bene

123 1452 204 1493 gerit
222 1453 372 1484 adversus
386 1453 525 1493 Aequos,
540 1453 616 1485 ibid.
644 1464 744 1494 popu-

125 1495 210 1527 latur
239 1505 349 1527 eomm
381 1506 471 1536 agros
501 1505 529 1536 3.
566 1497 746 1536 praefectus

123 1537 221 1576 urbis,
248 1538 365 1570 resistit
400 1538 538 1577 tribuno,
569 1539 671 1580 legem
704 1539 744 1570 de

123 1581 298 1612 minuendo
311 1581 465 1612 consulari
482 1581 616 1622 imperio
630 1581 744 1613 ferenti

123 1633 154 1665 9.
182 1633 245 1655 cos.
265 1624 406 1662 tertium,
424 1624 522 1655 vincit
540 1624 674 1656 Volscos
696 1634 744 1656 22.

124 1666 317 1698 Tusculanis
336 1667 396 1698 fert
415 1667 571 1698 auxilium
589 1676 637 1706 23.
662 1668 744 1707 lega-

123 1713 176 1741 tus
193 1710 236 1741 ad
258 1711 387 1749 Aequos
411 1719 459 1749 25.
487 1710 647 1741 decemvir
671 1710 744 1750 legi-

123 1753 182 1784 bus
210 1753 383 1784 scribendis
408 1752 456 1791 36.
491 1753 558 1784 eius
582 1753 744 1793 ingenium

123 1805 187 1826 non
202 1801 270 1826 tam
287 1806 423 1836 gnavum
446 1796 477 1826 in
499 1795 632 1833 malitia,
648 1806 743 1836 quam

122 1838 157 1869 in
182 1839 266 1869 bono
291 1848 403 1878 parum
427 1843 574 1869 constans
595 1848 644 1877 41.
672 1839 743 1869 mit-

123 1880 200 1912 titur
224 1881 265 1912 ad
293 1882 411 1912 bellum
439 1881 470 1911 in
498 1881 641 1920 Sabinos,
667 1881 742 1913 ibid.

123 1933 196 1954 cum
227 1924 356 1965 collegis
385 1924 487 1955 exsilii
518 1934 614 1956 causa
639 1925 742 1955 solum

123 1966 216 1997 vertit
232 1967 281 2005 58.

81 2009 125 2046 Q.
141 2009 272 2047 Fabius,
286 2010 409 2050 legatus
428 2010 468 2040 ad
488 2010 612 2047 Gallos,
627 2010 741 2041 ducem

121 2062 230 2083 eorum
257 2052 373 2084 occidit
400 2052 491 2083 hasta
517 2060 547 2091 5,
571 2060 609 2091 35
635 2057 667 2083 et
691 2051 741 2091 36.

121 2105 195 2126 cum
219 2095 343 2126 duobus
368 2095 516 2126 fratribus
541 2099 665 2126 creatur
690 2095 741 2126 tri—

121 2138 225 2169 bunus
247 2138 398 2176 militum,
417 2138 493 2170 ibid.
519 2138 547 2169 ei
567 2138 635 2169 dies
657 2138 743 2169 dicta

121 2179 153 2218 6,
172 2191 197 2212 1.
220 2180 363 2220 moritur,
379 2181 454 2212 ibid.

81 2223 124 2260 Q.
142 2223 270 2262 Fabius,
296 2224 402 2255 uxoris
427 2223 467 2255 T.
491 2223 637 2260 Quinctii
668 2224 694 2255 F
698 2224 741 2254 la-

121 2265 234 2297 minini
259 2267 372 2298 sororis
396 2266 492 2306 filius,
515 2266 652 2297 mittitur
676 2267 741 2298 Ro-

122 2318 209 2340 mam
226 2318 277 2348 32,
293 2308 343 2349 36.

80 2351 124 2387 Q.
142 2351 261 2382 Fabius
276 2352 462 2390 Ambustus,
477 2363 538 2384 cos.
555 2364 586 2391 4,
602 2361 651 2391 52.

80 2393 123 2430 Q.
141 2393 260 2426 Fabius
276 2395 462 2433 Ambustus,
476 2394 625 2436 magister
643 2395 740 2435 equit.

125 2444 153 2476 7,
170 2437 219 2468 28.

80 2478 124 2516 Q,
139 2479 260 2511 Fabius
275 2480 461 2517 Ambustus,
475 2479 611 2511 dictator
625 2488 656 2522 9,
674 2488 700 2520 7.

79 2522 124 2559 Q,
147 2521 267 2554 Fabius
298 2523 414 2560 Buteo,
449 2527 584 2563 praetor,
617 2523 744 2554 sortitur

121 2565 315 2639 Igispaniam
348 2565 529 2597 ulteriorem
562 2575 612 2606 33,
644 2576 682 2605 24
712 2569 744 2597 et

122 2617 139 2639 2
164 2632 172 2640 .

81 2649 125 2687 Q.
144 2650 264 2683 Fabius
297 2651 414 2689 Buteo,
448 2655 585 2692 praetor,
617 2651 746 2682 sortitur

122 2692 266 2726 Galliam
283 2695 477 2734 proxinciam
492 2696 607 2733 4o,18.
630 2694 657 2725 ci
675 2705 744 2735 pro-

121 2740 248 2776 rogatur
268 2737 436 2778 imperium
460 2736 510 2776 36.
545 2741 669 2769 creatur
693 2737 744 2767 tri-

121 2778 224 2810 umvir
259 2780 402 2812 coloniae
445 2781 665 2818 deducendae}
696 2791 745 2820 43.

121 2820 321 2861 quinquevir,
343 2828 378 2854 ut
393 2824 433 2854 de
449 2823 564 2854 tinibus
581 2827 747 2862 statueret,

122 2869 323 2902 ΟΟΠΠΟΜΕΜ
339 2874 390 2905 ⁴52
410 2875 455 2905 ¹3·

81 2906 126 2943 Q.
160 2905 278 2937 Fabius
314 2907 452 2939 Maximi
497 2907 581 2940 iilius
625 2908 750 2949 Gurges

124 2949 241 2981 multat
278 2948 401 2989 aliquot
441 2954 612 2988 matronas.
648 2951 748 2992 stupri

768 962 772 966 -
834 940 951 972 curulis
979 941 1010 979 8,

844 298 1023 338 damnatas,
1045 299 1183 340 pecunia
1208 309 1256 338 10,
1275 309 1324 340 31.
1350 303 1463 334 aedem

846 340 980 372 Veneris
995 346 1085 374 curat
1099 342 1290 381 faciendam,
1302 343 1377 376 ibid.
1400 355 1463 378 cos.

802 425 844 462 Q„
861 425 980 458 Fabius
1004 427 1124 466 Labeo,
1147 430 1295 468 quaestor
1323 429 1462 461 urbanus

840 477 892 508 33,
907 479 957 508 42.
980 469 1009 500 ei
1031 480 1180 510 magnum
1204 474 1363 502 certamen
1386 481 1461 503 cum

839 512 1054 543 sacerdotibus
1076 517 1206 552 propter
1223 513 1379 544 tributum
1398 515 1458 545 sol-

839 555 989 593 vendum,
1011 555 1086 586 ibid.
1113 559 1237 586 creatur
1259 560 1386 596 praetor
1408 564 1460 596 37,

838 605 889 637 47.
923 602 1048 638 praeest
1077 598 1169 629 classi
1198 607 1247 638 52.
1280 599 1397 630 traiicit
1425 599 1459 631 in

837 640 967 672 Cretam
983 639 1033 672 60.
1055 641 1124 672 eius
1142 651 1191 672 res
1209 641 1242 672 in
1258 641 1334 673 Asia
1351 645 1458 682 gestae

837 684 888 723 38,
912 693 961 725 39.
988 683 1166 724 triumphat
1189 692 1240 723 47.
1269 685 1457 717 candidatus

836 727 1030 765 consulatus,
1065 737 1123 758 nec
1159 727 1258 758 semel
1294 728 1455 768 repulsam

835 779 947 809 passus
966 779 1018 811 39,
1033 778 1083 809 32.
1106 769 1250 801 triumvir
1264 769 1387 802 duabus
1405 781 1455 802 co-

835 812 929 844 loniis
943 812 1137 844 deducendis
1152 823 1203 851 44.
1227 823 1288 844 cos.
1304 820 1355 853 45.
1377 823 1455 854 pon-

834 855 913 886 tifex
929 865 980 894 40,
996 865 1046 893 42.

794 897 836 934 Q.
848 898 967 929 Fabius
977 898 1140 929 Maximus
1150 897 1334 937 Rullianus,
1342 898 1455 931 aedilis

1041 941 1086 972 18.
1122 941 1249 979 iterum,
1277 942 1454 973 secundum

833 984 986 1022 quosdam
1005 988 1150 1023 auctores
1168 993 1216 1021 10,
1231 993 1250 1025 9
1267 988 1299 1015 et
1318 993 1363 1016 11.
1386 994 1452 1016 ma-

831 1025 928 1065 gister
947 1026 1089 1066 equitum
1112 1027 1142 1064 8,
1160 1035 1208 1068 29.
1230 1027 1381 1058 adversus
1394 1027 1452 1058 im-

833 1068 956 1108 perium
970 1069 1006 1100 L.
1019 1069 1138 1109 Papirii
1154 1069 1316 1100 dictatoris
1331 1074 1452 1110 pugnat

833 1121 906 1142 cum
930 1111 1136 1150 Samnitibus,
1155 1115 1187 1142 et
1211 1122 1361 1152 prospere
1383 1123 1450 1144 rem

830 1153 910 1193 gerit
931 1163 981 1193 30.
1004 1159 1186 1185 concremat
1206 1164 1294 1185 arma
1313 1155 1452 1194 hostilia,

831 1195 906 1228 ibid.
938 1197 1053 1228 citatur
1078 1208 1098 1228 a
1124 1197 1278 1228 dictatore
1304 1207 1354 1237 32.
1385 1208 1452 1229 sese

829 1239 944 1278 recipit
954 1240 996 1270 ad
1007 1239 1140 1277 triarios,
1152 1240 1205 1279 qui
1217 1250 1290 1270 eum
1303 1240 1451 1272 dictatori

829 1281 980 1321 eripiunt,
1008 1282 1083 1313 ibid.
1120 1263 1201 1322 f'ugit
1231 1282 1370 1313 Romam
1401 1292 1451 1323 33.

829 1335 933 1355 noxae
958 1325 1138 1363 damnatus,
1163 1325 1300 1355 donatur
1327 1326 1449 1365 populo

830 1375 880 1407 35.
914 1371 1039 1398 vetatur
1063 1368 1233 1408 quicquam
1265 1377 1322 1407 pro
1349 1368 1447 1409 magi-

829 1414 929 1442 stratu
957 1420 1049 1451 agere
1075 1409 1124 1450 36.
1158 1413 1282 1441 creatur
1307 1420 1369 1442 cos.
1397 1411 1450 1451 38.

829 1452 967 1484 interrex
993 1464 1025 1496 9,
1053 1461 1080 1494 7.
1113 1453 1249 1484 dictator
1275 1462 1324 1485 22.
1362 1453 1449 1494 capit

829 1496 1017 1534 Saticulam,
1044 1496 1121 1528 ibid.
1162 1495 1260 1526 vincit
1291 1495 1450 1528 Samnites

830 1548 879 1578 23.
903 1539 1017 1570 iterum
1030 1549 1090 1571 cos.
1105 1547 1154 1578 33.
1177 1539 1326 1570 adversus
1339 1539 1450 1571 Etrus-

830 1592 883 1612 cos
906 1581 1124 1622 proficiscitur,
1144 1591 1260 1621 eosque
1282 1581 1388 1612 fundit
1408 1590 1447 1622 35

829 1628 862 1655 et
885 1635 952 1665 sqq.
981 1624 1082 1656 iussus
1106 1635 1126 1655 a
1151 1628 1274 1662 senatu,
1298 1625 1335 1656 L.
1353 1624 1449 1673 Papi-

830 1667 910 1698 rium
927 1668 1107 1705 Cursorem,
1123 1667 1174 1698 cui
1194 1666 1327 1698 infestus
1346 1667 1448 1707 priva-

829 1709 886 1740 tim
912 1714 989 1748 erat,
1013 1710 1199 1741 dictatorem
1223 1709 1301 1740 dicit
1326 1710 1375 1749 38.
1407 1711 1448 1741 ob

829 1753 950 1793 egregie
980 1752 1191 1792 perdomitam
1223 1751 1384 1784 Etruriam
1418 1753 1448 1784 ei

829 1796 1032 1826 continuatur
1057 1796 1241 1827 consulatus
1265 1805 1315 1833 41.
1350 1796 1447 1827 vincit

828 1838 987 1870 Samnites
1007 1842 1038 1869 et
1056 1839 1208 1876 Umbros,
1227 1837 1303 1869 ibid.
1326 1837 1354 1869 ei
1376 1849 1446 1879 pro-

828 1886 954 1921 rogatur
977 1881 1143 1922 imperium
1169 1890 1218 1920 4²·
1249 1891 1358 1912 censor
1381 1891 1447 1912 om-

828 1934 901 1955 nem
922 1925 1077 1955 forensem
1100 1924 1224 1955 turbam
1244 1923 1277 1954 in
1298 1928 1448 1963 quattuor

827 1968 962 1998 urbanas
978 1967 1078 1997 tribus
1093 1966 1220 1997 coniicit
1235 1965 1285 2004 46.
1309 1966 1446 1998 Maximi

827 2020 1001 2050 cognomen
1023 2009 1050 2040 ei
1070 2010 1173 2046 datur,
1188 2009 1264 2040 ibid.
1286 2010 1326 2040 ab
1342 2020 1380 2041 eo
1400 2010 1446 2041 in-

826 2053 985 2090 stitutum,
1001 2057 1036 2083 ut
1055 2052 1178 2092 equites
1196 2051 1306 2083 Idibus
1322 2052 1445 2088 Quinc-

827 2095 937 2126 tilibus
969 2095 1255 2133 transveherentur,
1288 2094 1363 2128 ibid.
1399 2095 1445 2127 in-

830 2138 910 2168 vitus
931 2148 992 2169 cos.
1013 2142 1161 2178 quartum
1181 2141 1305 2168 creatur
1328 2148 1376 2177 10,
1398 2148 1445 2179 13.

828 2181 923 2212 vincit
940 2181 1098 2212 Samnites
1116 2191 1162 2219 14.
1185 2181 1384 2212 consulatum
1400 2192 1446 2214 re-

827 2227 916 2255 cusat
947 2232 993 2263 15.
1027 2235 1088 2255 cos.
1118 2223 1264 2264 quintum
1297 2233 1344 2255 22.
1379 2224 1447 2256 eius

827 2271 986 2298 certamen
1003 2277 1074 2298 cum
1094 2267 1130 2298 P.
1145 2266 1247 2297 Decio
1267 2267 1390 2307 collega
1405 2268 1446 2299 de

827 2309 996 2349 provinciis
1017 2320 1065 2348 24.
1088 2309 1211 2349 egregia
1231 2308 1299 2340 eius
1319 2310 1350 2340 in
1371 2320 1446 2351 agro

827 2352 984 2384 Sentinati
1002 2352 1131 2384 victoria
1153 2361 1191 2392 27
1210 2356 1242 2383 et
1263 2361 1311 2394 29.
1335 2353 1445 2384 trium-

827 2395 906 2436 phat
924 2405 972 2435 30.

787 2439 831 2475 Q.
849 2438 967 2469 Fabius
991 2437 1154 2469 Maximus
1175 2437 1382 2476 Verrucosus,
1404 2439 1447 2470 le-

827 2485 920 2521 gatus
934 2480 1161 2521 Carthaginem
1178 2480 1315 2512 mittitur
1330 2491 1381 2519 21,
1400 2482 1445 2513 18.

828 2523 1024 2564 prodictator
1053 2527 1178 2554 creatur
1208 2533 1258 2560 22,
1287 2524 1317 2556 8.
1351 2505 1448 2555 li'bros

828 2566 1002 2615 Sibyllinos
1030 2566 1141 2616 inspici
1172 2568 1324 2607 postulat,
1350 2567 1447 2607 idque

830 2609 985 2649 pervincit
1004 2619 1034 2650 9.
1062 2609 1130 2641 eius
1149 2609 1280 2640 consilia
1300 2610 1340 2640 de
1362 2610 1448 2641 bello

828 2652 965 2700 gerendo
989 2661 1035 2684 11.
1059 2662 1196 2692 pugnam
1220 2652 1376 2683 detrectat
1401 2662 1448 2685 1⁴2.

829 2695 897 2726 eius
907 2698 1000 2733 artes,
1011 2694 1086 2727 ibid.
1109 2694 1293 2735 magistrum
1305 2695 1448 2735 equitum

831 2737 979 2768 infestum
1000 2738 1083 2769 sanis
1098 2737 1236 2769 consiliis
1251 2738 1358 2776 habet,
1374 2738 1449 2770 ibid.

831 2785 864 2812 et
890 2790 934 2819 ¹4-
958 2780 1024 2812 eius
1046 2781 1206 2812 cunctatio
1230 2785 1262 2812 et
1287 2781 1317 2811 in
1343 2781 1451 2811 castris

831 2828 863 2855 et
886 2823 917 2854 in
943 2825 1018 2854 urbe
1041 2823 1167 2854 infamis
1187 2831 1231 2862 15.
1259 2824 1300 2854 nb
1325 2822 1448 2854 Hanni-

835 2866 906 2897 bale
926 2866 1088 2898 deluditur
1112 2864 1148 2897 16
1167 2869 1198 2896 et
1222 2874 1268 2904 17.
1291 2874 1449 2896 sacrorum

833 2919 929 2940 causa
954 2909 1092 2941 Romam
1121 2911 1250 2938 vocatur
1280 2908 1324 2938 18.
1353 2906 1450 2938 invio-

836 2952 937 2983 latum
959 2952 1000 2982 ab
1021 2949 1206 2982 Hannibale
1228 2959 1338 2990 agrum
1357 2958 1449 2981 suum

1107 2991 1224 3031 ⁸02
