1888 3194
499 195 754 240 FRANC.
802 195 1181 240 GOELLERI.
1463 206 1546 244 333

207 287 317 331 CAP.
339 290 410 330 45.
474 286 582 328 cod.
607 286 783 328 traiecit
798 300 852 328 ex
873 294 1050 328 correct.
1101 285 1212 327 Mox
1235 285 1335 327 Ern.
1360 289 1403 329 in
1425 304 1549 331 aera-

145 347 255 388 rium
268 346 417 402 pondo
438 351 600 386 centum
624 344 762 385 millia
784 345 954 400 viginta
977 344 1078 385 tria.
1134 342 1243 384 Cod.
1267 345 1309 385 in
1331 348 1549 388 aerarium

142 418 363 514 {XXHL
390 437 488 494 (sic).
506 461 563 468 —
581 436 682 478 Ern.
711 437 831 478 haud
858 438 923 479 ita
953 437 1093 478 multo.
1171 436 1280 478 Cod.
1308 438 1428 479 haud
1456 439 1548 479 (lita

144 527 290 570 multo.
313 541 440 568 mox:
474 531 637 566 acutor.
703 522 770 564 Ex
791 539 894 565 corr.
919 530 1069 566 auctor
1089 555 1098 564 .
1123 555 1132 564 .
1157 555 1166 564 .
1183 525 1319 580 pilleo
1344 555 1353 564 .
1379 554 1388 564 .
1413 555 1422 565 .
1447 524 1548 580 Aff—

143 585 285 627 ricani
307 597 537 640 cognomen
559 613 569 623 .
589 613 599 622 .
620 613 630 622 .
644 582 880 637 popularis
900 596 1036 622 aurae
1058 612 1068 622 .
1087 613 1096 622 .
1119 613 1128 622 .
1151 582 1292 637 syllae
1313 612 1322 620 .
1344 611 1354 621 .
1374 611 1383 620 .
1408 581 1549 622 victae

144 657 173 684 a
192 657 239 684 se
253 642 414 698 gentis.
476 638 723 680 Postremo:
759 639 966 694 claraque
992 638 1162 679 nomina
1177 639 1391 694 familiae
1413 639 1548 694 lique-

143 705 254 741 runt.

205 755 292 797 Sed
309 754 415 796 haec
436 753 481 794 in
501 767 698 810 praesens
719 751 893 808 quidem
921 751 1140 793 sufficiant.
1158 777 1216 783 —
1235 751 1415 793 Constat
1436 751 1548 793 inter

143 812 350 862 homines,
386 811 602 852 literarum
637 825 905 851 romanarum
941 809 1161 859 studiosos,
1199 824 1253 851 ex
1293 818 1412 866 parte
1453 808 1548 850 libri

145 870 276 912 nostri
337 869 445 910 riore
478 867 578 924 (A.)
606 867 789 924 primurn
828 868 978 909 XVII.
1011 867 1151 923 priora
1185 866 1279 908 libri
1316 866 1543 909 XXXIII.

144 928 283 984 capita
304 885 466 968 Itomae
492 925 606 966 edita
633 939 721 966 esse
738 940 749 974 3
781 924 942 980 reliqua
976 924 1065 966 eius
1094 924 1190 965 libri
1221 924 1303 965 iam
1335 932 1460 964 antea
1490 938 1545 964 ex

145 984 290 1026 codice
328 983 557 1025 admodum
590 990 754 1023 vetusto
788 981 1055 1036 Moguntiaci
1088 980 1248 1037 publici
1284 981 1386 1022 iuris
1421 980 1543 1021 facta.

145 1041 291 1084 Editio
309 1041 567 1097 Moguntina
582 1054 694 1080 anno
712 1039 992 1080 MDXVIII.
1010 1039 1119 1079 facta
1135 1047 1207 1079 est.
1253 1044 1279 1062 “
1293 1037 1543 1079 Admodum

143 1098 427 1141 memorabilis
454 1097 600 1152 (verba
625 1095 965 1137 Drakenborehii
995 1105 1094 1136 sunt
1121 1096 1165 1136 in
1188 1095 1364 1136 Elench.
1396 1095 1547 1136 editio-

143 1170 248 1197 num
269 1155 382 1196 Livii
410 1154 464 1195 ad
492 1154 591 1195 dict.
619 1153 740 1208 ann.)
760 1161 823 1193 est
854 1152 959 1193 haec
992 1153 1136 1202 editio,
1160 1153 1259 1208 quia
1290 1153 1426 1208 prima
1457 1166 1546 1193 om-

142 1213 262 1254 nium
303 1211 497 1254 exhibuit
537 1211 763 1251 maximam
799 1218 961 1265 partem
998 1209 1093 1251 libri
1131 1210 1356 1251 XXXIII.
1396 1224 1420 1250 a
1454 1224 1545 1265 cap.

144 1270 297 1312 XVII.
322 1271 354 1323 §.
379 1271 417 1310 6.
441 1283 574 1324 usque
607 1267 661 1308 ad
689 1267 784 1308 libri
816 1267 935 1308 istius
957 1266 1099 1316 finem,
1122 1267 1195 1323 qui
1227 1266 1393 1322 integer
1423 1275 1547 1307 antea

142 1341 220 1384 pro
245 1326 467 1383 deperdito
494 1325 663 1367 habitus
691 1333 766 1374 est,
790 1333 833 1365 et
863 1324 1056 1365 ultimam
1087 1333 1249 1380 partem
1280 1323 1376 1364 libri
1399 1324 1499 1365 XL.
1523 1338 1548 1364 a

143 1399 232 1441 cap.
264 1387 331 1427 37.
363 1388 397 1438 ξ.
427 1387 466 1425 3.
497 1398 630 1439 usque
664 1381 717 1423 ad
750 1381 906 1423 finem:
941 1396 1049 1438 quae
1083 1381 1220 1438 operis
1251 1380 1420 1422 Liviani
1452 1395 1548 1437 par-

145 1441 297 1483 ticulae
319 1441 362 1482 in
383 1441 522 1482 lucem
543 1448 778 1497 protractae
799 1447 898 1480 sunt
918 1454 971 1480 ex
992 1438 1090 1480 bibl.
1115 1438 1413 1494 Moguntinae,
1437 1453 1546 1493 quae

144 1498 191 1539 in
226 1498 329 1540 aede
365 1498 550 1539 maxima
589 1506 631 1538 et
667 1496 991 1553 metropolitana
1026 1505 1102 1546 est,
1138 1510 1344 1553 perquam
1380 1504 1547 1536 vetusto

145 1555 307 1606 codice,
336 1555 646 1597 characteribus
668 1554 1001 1610 Longobardicis
1029 1554 1074 1594 in
1102 1554 1347 1595 membrana
1376 1553 1545 1609 scripto.

149 1612 296 1661 Quum
333 1622 472 1654 autem
510 1611 645 1653 codex
676 1611 758 1660 ille,
791 1611 980 1652 omnium
1014 1611 1140 1652 huius
1171 1610 1301 1667 partis
1332 1620 1547 1666 praestan-

145 1670 342 1720 tissimus,
365 1670 438 1726 qui
463 1677 625 1726 partem
656 1668 751 1709 libri
781 1669 1004 1710 XXXIII.
1028 1668 1221 1709 ultimam
1252 1677 1295 1709 et
1324 1667 1451 1708 libros
1482 1682 1546 1708 se-

146 1736 325 1784 quentes
361 1742 493 1783 usque
530 1726 584 1767 ad
619 1725 748 1766 finem
784 1725 879 1766 libri
917 1726 1017 1767 XL.
1051 1725 1306 1774 continebat,
1338 1724 1491 1780 passim
1524 1739 1549 1766 a

145 1784 314 1840 vulgata
343 1785 532 1850 priorum
565 1783 800 1824 editionum
834 1781 1015 1823 lectione
1046 1782 1235 1824 diversus
1268 1782 1413 1831 abiret,
1447 1780 1544 1822 Nic.

146 1842 405 1884 Carbachms
425 1856 522 1883 eum
544 1841 721 1905 dignum
743 1855 830 1881 esse
853 1840 1028 1889 censuit,
1052 1855 1178 1896 quem
1202 1839 1427 1904 diligenter
1447 1853 1544 1880 cum

145 1898 245 1940 olim
267 1899 432 1941 excusis
452 1906 748 1946 committeret,
771 1897 945 1953 eiusque
974 1906 1192 1953 excerptas
1213 1906 1420 1938 varlantes
1447 1896 1547 1937 huic

145 1955 259 1998 Livii
289 1956 467 1998 editioni
498 1956 735 2004 subiiceret‚
768 1954 995 2004 praemissa
1039 1954 1297 2003 ›raefatione‚
1328 1969 1412 2010 qua
1445 1969 1547 1995 con-

144 2013 226 2055 silii
256 2014 462 2055 rationem
493 2012 690 2054 reddidit.
755 2011 819 2053 Eo
850 2020 990 2052 autem
1034 2020 1127 2053 acto
1158 2012 1316 2067 optime
1346 2011 1399 2052 de
1422 2010 1546 2052 Livio

145 2071 318 2113 meritus
338 2079 413 2121 est,
437 2079 565 2127 atque
593 2069 708 2110 hunc
737 2068 994 2118 thesaurum,
1018 2078 1090 2110 aut
1121 2078 1233 2110 certe
1259 2069 1349 2109 eius
1369 2078 1546 2124 partem,

144 2128 266 2170 nobis
295 2129 499 2177 servavit3
533 2127 607 2184 qui
639 2135 782 2168 utrum
812 2126 940 2168 hodie
973 2126 1113 2168 adhuc
1146 2126 1338 2183 supersit,
1371 2134 1444 2167 aut
1474 2126 1547 2166 ubi

143 2185 285 2236 lateat,
307 2186 516 2228 incertum
539 2184 638 2226 est.'’

207 2242 330 2291 Quae
352 2258 448 2284 cum
470 2243 528 2284 ita
548 2243 644 2292 sint,
667 2242 817 2283 unicus
838 2240 954 2298 quod
981 2240 1110 2282 sciam
1138 2240 1266 2282 huius
1293 2240 1388 2282 libri
1410 2239 1546 2281 codex

147 2299 244 2342 MS.
277 2310 418 2342 noster
447 2310 563 2342 extat
594 2300 675 2341 hoc
707 2299 879 2341 nomine
913 2314 964 2340 eo
996 2299 1153 2340 maiore
1186 2313 1284 2340 cum
1317 2313 1418 2340 cura
1449 2312 1547 2339 cum

146 2357 271 2400 editis
291 2357 406 2399 libris
426 2357 718 2400 conferendus.

203 2415 395 2458 Primum
424 2424 472 2457 ut
501 2415 604 2464 dixi,
632 2415 795 2471 integer
826 2413 932 2455 liber
962 2413 1188 2456 XXXIII.
1214 2412 1376 2454 Romae
1408 2412 1547 2454 editus

146 2481 210 2514 est
244 2473 357 2530 apud
396 2472 766 2514 Bartholomaeum
805 2472 1050 2520 Zanettum‚
1088 2471 1132 2511 in
1168 2470 1303 2512 forma
1337 2480 1435 2512 octu
1452 2469 1547 2511 ›lice

147 2544 258 2572 anno
292 2531 562 2573 MDCXVI.
634 2529 783 2570 ‘Haec
816 2529 962 2578 editio,
1000 2528 1319 2570 Drakenborch.
1353 2528 1408 2569 ad
1469 2557 1479 2568 .
1511 2543 1545 2568 a.

149 2587 248 2638 ‘ait,
279 2588 471 2630 continet
512 2596 676 2629 tantum
718 2587 871 2629 librum
915 2587 1142 2628 XXXIII.
1184 2586 1309 2636 Livii,
1347 2594 1390 2627 et
1423 2586 1467 2626 in
1501 2600 1550 2626 ca

148 2648 163 2669 ‘
175 2645 358 2701 primum
381 2660 495 2687 nunc
512 2660 566 2687 ex
588 2645 735 2687 codice
756 2644 1037 2686 bibliothecae
1058 2643 1327 2685 Cathedralis
1345 2642 1549 2684 Bamber-

150 2705 164 2726 ‘
177 2703 317 2759 gensis
336 2702 498 2759 Caspar
515 2702 785 2760 Lusignanus
801 2701 1012 2758 evulgavit
1031 2701 1285 2758 principium
1309 2700 1433 2741 huius
1455 2699 1549 2741 libri

151 2759 263 2800 ‘sive
286 2760 435 2801 XVII.
459 2760 598 2816 priora
624 2776 672 2802 ca
706 2761 775 2809 ita,
829 2775 906 2801 uae
935 2769 1060 2801 antea
1086 2758 1446 2806 desiderabantur,
1476 2757 1550 2797 ad-

152 2819 165 2839 ‘
179 2814 278 2857 ditis
294 2816 503 2858 Francisci
522 2776 758 2859 Barthol‘ini
783 2776 1016 2866 {irbinmisb
1031 2817 1104 2873 qui
1122 2832 1175 2858 cx
1197 2816 1342 2857 codice
1365 2815 1549 2869 descrip-

152 2877 165 2896 ‘
181 2880 269 2913 tum
281 2872 461 2915 Romam
470 2874 679 2924 attulerat,
689 2884 732 2916 et
742 2875 921 2916 Antonii
935 2874 1177 2930 Quaercngi
1192 2872 1545 2929 castigationibus

153 2934 164 2953 ‘
183 2928 390 2972 Observat
418 2939 558 2973 autem
581 2931 795 2973 Fabricius
831 2932 874 2973 in
908 2931 1017 2973 Bibl.
1049 2931 1159 2981 Lat„
1191 2930 1299 2972 male
1332 2930 1376 2970 iu
1410 2929 1546 2969 fronte
