1888 3194
170 1193 214 1224 U.
232 1194 269 1224 C.
292 1193 311 1225 6

167 1236 208 1268 A.
232 1238 270 1268 C.
294 1245 310 1276 7

313 1203 332 1268 ἑ

335 1194 353 1223 8

388 234 471 273 276
649 233 798 276 ΤΙΤΙ
839 234 1019 277 LIVII
1064 237 1526 279 FRAGMENTA.

387 321 613 373 subiturus,
636 324 716 365 nisi
737 340 800 374 ea,
822 341 929 381 quae
956 326 1000 367 in
1021 327 1161 368 animo
1186 326 1302 368 Sulla
1322 327 1508 376 haberet,
1531 326 1611 368 diis
1631 326 1779 369 iuvan-

387 378 497 420 tibus
537 380 802 437 implevisset.
880 383 1112 440 Augus-tin.
1150 386 1201 425 de
1237 385 1328 426 Cio.
1358 387 1449 427 Dei
1480 385 1547 426 II.
1582 388 1648 425 24.
1707 386 1776 440 C's.

388 437 614 479 Plutarch.
639 440 744 481 Sall.
768 456 864 495 cap.
891 443 927 481 9.

822 634 844 655 '³‘
859 636 935 676 Ea·
958 635 1031 675 lib.
1055 635 1334 676 LXXXIII.

442 721 607 763 Eversis
629 722 785 777 quippe
813 731 854 762 et
882 721 1062 762 incensis
1087 722 1281 762 omnibus
1306 737 1400 762 cum
1427 722 1584 778 oppido
1605 722 1775 764 simula-

383 779 474 827 cris,
505 778 635 819 solum
670 779 889 819 Minervae
923 777 1189 818 simulacrum
1223 778 1300 818 sub
1331 787 1448 819 tanta
1476 780 1599 820 ruina
1629 780 1775 836 templi

381 835 504 884 illius,
529 844 575 875 ut
606 835 748 876 scribit
769 835 928 883 Livius,
952 835 1160 889 integrum
1184 835 1345 875 stetisse
1366 835 1622 890 perhibetur.
1686 839 1776 878 Aze-

376 894 538 947 gustz'n.
578 894 629 933 cle
671 893 762 933 Cic.
797 893 889 933 Dei
924 892 1017 932 III.
1051 894 1090 934 7.
1149 893 1218 947 (f.
1257 893 1517 933 Freinshem.
1556 894 1772 948 Supplem.

380 964 475 1004 cap.
501 950 536 990 7.

896 1095 918 1115 *
933 1096 1009 1137 Ex
1031 1096 1104 1137 lib.
1132 1096 1258 1136 XCI.

439 1185 803 1242 [Contrebienses,
823 1200 967 1241 quum,
985 1200 1110 1241 super
1125 1195 1276 1235 cetera,
1294 1193 1482 1226 extrema
1495 1185 1626 1227 fames
1642 1186 1769 1227 etiam

377 1243 562 1293 instaret,
585 1243 726 1284 multis
747 1258 869 1298 saepe
890 1242 1039 1283 frustra
1065 1242 1282 1283 conatibus
1303 1242 1446 1298 captiS,
1470 1251 1516 1283 ut
1537 1242 1693 1283 bellum
1716 1243 1768 1284 ab

375 1301 477 1341 urbe
506 1315 553 1341 ac
581 1300 801 1341 moenibus
829 1299 1135 1355 propulsarent,
1157 1299 1357 1340 coniectis
1378 1299 1430 1339 de
1453 1314 1573 1340 muro
1600 1299 1768 1356 ignibus

377 1357 550 1399 Sertorii
590 1372 717 1413 opera
759 1357 1034 1405 infestarunt,
1087 1367 1130 1397 et
1171 1357 1294 1397 turris
1336 1356 1616 1406 contabulata,
1658 1372 1766 1413 quae

374 1415 515 1456 omnia
535 1415 798 1455 munimenta
819 1414 932 1455 urbis
953 1414 1175 1470 superabat
1202 1412 1436 1462 altitudine,
1459 1414 1600 1455 effusis
1620 1413 1768 1456 hausta

372 1472 551 1513 flammis
572 1487 668 1513 cum
690 1471 852 1527 ingenti
872 1471 1033 1527 fragore
1054 1470 1245 1526 procidit.
1309 1470 1468 1525 Nocte]
1493 1479 1634 1512 tamen
1655 1471 1766 1513 inse-

374 1529 536 1585 quenti,
559 1529 649 1585 ipso
670 1528 961 1584 pervigilante,
984 1527 1029 1568 in
1051 1527 1201 1568 eodem
1225 1526 1318 1568 loco
1340 1527 1420 1568 alia
1440 1527 1621 1568 excitata
1641 1529 1766 1569 turris

372 1587 507 1643 prima
526 1586 619 1627 luce
641 1585 842 1627 miraculo
863 1585 1051 1626 hostibus
1071 1584 1162 1625 fuit.
1228 1583 1362 1625 Simul
1389 1592 1433 1625 et
1460 1584 1605 1640 oppidi
1627 1585 1764 1636 turris,

372 1659 480 1700 quae
521 1643 752 1684 maximum
797 1641 1160 1698 propugnaculum
1200 1641 1349 1691 fuerat,
1391 1641 1575 1683 subrutis
1613 1642 1765 1684 funda-

372 1701 536 1750 mentis,
559 1700 774 1741 dehiscere
795 1699 1037 1755 ingentibus
1057 1699 1185 1748 rimis,
1208 1707 1250 1740 et
1272 1707 1363 1740 tum
1387 1698 1663 1755 [conflagrare
1684 1699 1764 1741 im-

371 1757 520 1814 miss]o
549 1757 747 1814 [faci]um
778 1757 879 1813 igni,
905 1757 1068 1813 coepit:
1103 1756 1373 1812 incendiique
1399 1755 1522 1797 simul
1548 1764 1592 1797 et
1615 1756 1762 1800 ruinae

371 1824 487 1856 metu
508 1815 640 1856 territi
665 1814 987 1855 Contrebienses
1008 1814 1061 1855 de
1081 1829 1202 1855 muro
1224 1813 1377 1870 trepidi
1400 1813 1672 1870 refugerunt3
1705 1823 1760 1866 et,

370 1881 418 1914 ut
452 1872 579 1929 legati
619 1871 886 1912 mitterentur
925 1871 979 1912 ad
1014 1870 1251 1912 dedendam
1288 1871 1448 1921 urbem,
1483 1872 1534 1912 ab
1569 1871 1769 1914 universa*

370 1929 641 1971 multitudine
677 1928 983 1970 conclamatum
1019 1937 1093 1969 est.
1157 1927 1319 1969 Eadem
1354 1928 1498 1978 virtus,
1530 1944 1638 1984 quae
1668 1929 1761 1970 irri-

369 1996 504 2028 tantes
537 1994 864 2042 oppugnaverat,
885 1985 1087 2026 victorem
1117 1984 1427 2041 placabiliorem
1459 1985 1569 2026 fecit.
1635 1985 1760 2027 Obsi-

367 2044 490 2085 dibus
506 2044 699 2098 acceptis,
716 2042 920 2098 pecuniae
942 2042 1149 2082 modicam
1166 2041 1308 2096 exegit
1323 2056 1542 2091 summam,
1558 2056 1758 2099 armaque

367 2101 509 2142 omnia
541 2099 708 2140 ademit.
772 2098 1079 2154 Trans[f]ugas
1112 2098 1263 2139 liberos
1295 2098 1410 2139 vivos
1442 2098 1496 2139 ad
1528 2114 1570 2140 se
1603 2099 1757 2141 adduci

366 2157 509 2198 iussit:
543 2156 750 2212 fugitivos,
780 2171 958 2211 quorum
991 2155 1123 2196 maior
1155 2154 1383 2196 multitudo
1416 2165 1518 2205 erat,
1546 2157 1646 2212 ipsis
1678 2157 1757 2198 im-

366 2214 538 2271 peravit,
561 2224 608 2254 ut
629 2213 924 2254 interficerent.
986 2211 1202 2268 Iugulatos
1223 2211 1275 2253 de
1298 2227 1416 2254 muro
1438 2213 1695 2256 deiecerunt.

426 2273 534 2313 Cum
558 2285 709 2326 magna
730 2270 887 2311 iactura
903 2269 1082 2310 militum
1101 2278 1299 2325 quattuor
1315 2279 1356 2310 et
1373 2270 1651 2327 quadraginta
1666 2271 1756 2313 die-

366 2329 443 2369 bus
462 2328 689 2370 Contrebia
705 2336 957 2382 expugnata,
975 2326 1205 2382 relictoque
1224 2327 1282 2367 ibi
1304 2327 1353 2367 L.
1371 2326 1529 2369 Insteio
1549 2328 1666 2384 [cum
1681 2344 1753 2371 va-

366 2385 452 2426 lido
473 2384 718 2441 praesidio],
741 2385 828 2440 ipse
851 2384 904 2425 ad
926 2384 1096 2425 Iberum
1118 2384 1275 2425 flumen
1298 2384 1438 2440 copias
1454 2385 1642 2427 adduxit.
1686 2386 1753 2428 Ibi

365 2441 645 2483 hibernaculis
658 2441 888 2482 secundum
905 2441 1120 2497 oppidum,
1136 2441 1251 2497 quod
1267 2442 1413 2482 Castra
1429 2441 1554 2483 Aelia
1566 2451 1751 2491 vocatur,

364 2499 604 2548 aedificatis,
638 2498 726 2554 ipse
759 2498 803 2539 in
835 2499 979 2539 castris
1011 2498 1232 2540 manebat:
1278 2498 1462 2539 interdiu
1495 2508 1751 2541 conventum

363 2557 566 2598 sociarum
588 2555 819 2597 civitatium
841 2556 883 2596 in
907 2555 1062 2612 oppido
1082 2556 1241 2612 agebat.
1289 2555 1424 2597 Arma
1443 2565 1491 2598 ut
1507 2556 1657 2598 fierent
1675 2572 1752 2614 pro

362 2614 492 2669 copiis
531 2613 734 2668 cuiusque
769 2612 927 2669 populi,
964 2628 1039 2669 per
1074 2621 1203 2654 totam
1239 2612 1496 2668 provinciam
1531 2614 1748 2656 edixerat:

362 2670 514 2726 quibus
535 2670 744 2725 inspectiS‚
762 2670 914 2711 referre
937 2679 1074 2711 cetera
1093 2684 1207 2711 arma
1227 2669 1379 2710 milites
1399 2670 1531 2720 iussit,
1549 2686 1657 2727 quae
1678 2681 1752 2713 aut

360 2727 580 2768 itineribus
601 2727 766 2776 crebris,
785 2737 854 2768 aut
880 2726 1288 2783 oppu[gnationibus
1308 2735 1351 2767 et
1371 2726 1539 2782 proeliis
1559 2727 1746 2784 inutilia]

360 2785 470 2826 facta
500 2793 630 2832 erant,
654 2799 845 2839 novaque
874 2785 971 2824 viris
1001 2800 1076 2840 per
1107 2783 1372 2825 centuriones
1399 2783 1550 2826 divisit.
1615 2783 1749 2841 Equi-

360 2850 491 2883 tatum
515 2856 683 2898 quoque
709 2841 827 2882 novis
854 2841 1053 2882 instruxit
1080 2841 1228 2882 armis:
1262 2842 1608 2898 vestimentaque,
1629 2857 1749 2899 prae-

359 2907 503 2955 parata
535 2907 645 2948 ante,
680 2897 823 2948 divisa,
858 2907 899 2939 et
936 2898 1192 2954 stipendium
1226 2898 1382 2940 datum.
1446 2897 1479 2938 F
1480 2898 1612 2949 abros,
1649 2915 1750 2941 cura

360 2955 630 3012 conquisitos,
672 2955 859 3012 undique
902 2955 1124 3006 exciverat,
1166 2955 1330 3011 quibus,
1372 2955 1537 2997 officina
1580 2955 1748 3012 publica
