1888 3194
360 188 442 230 278
621 187 771 230 ΤΙΤΙ
807 188 988 231 LIVII
1031 189 1495 232 FRAGMENTA.

359 277 578 320 Profectus
607 279 707 321 inde
740 280 786 320 in
813 279 1077 322 Bursaonum
1107 289 1150 321 et
1176 280 1523 322 Cascantinorum
1553 287 1596 321 et
1619 279 1752 322 Grac-

360 335 677 378 churitanorum
697 337 815 388 fines,
838 338 1030 379 evastatis
1051 338 1258 388 omnibus,
1279 337 1613 394 proculcatisque
1635 353 1753 404 sege-

360 393 484 445 tibus,
526 393 580 435 ad
621 394 862 451 Calagurim
903 394 1114 461 Nasicam,
1156 395 1363 437 sociorum
1408 395 1567 445 urbem,
1608 395 1750 437 venit·

361 458 721 517 transgressusque
762 467 927 493 amnem
973 453 1260 509 propinquum
1305 453 1412 502 urbi,
1457 461 1587 509 ponte
1626 452 1751 518 facto,

359 517 493 550 castra
531 510 683 565 posuit.
764 509 938 551 Postero
978 510 1046 551 die
1089 511 1152 552 M.
1176 510 1363 551 Marium
1403 518 1668 566 quaestorem
1706 510 1753 551 in

360 565 574 608 Arevacos
614 575 657 608 et
695 566 959 608 Cerindones
999 567 1124 616 misit,
1161 567 1215 608 ad
1250 567 1573 609 conscribendos
1608 582 1662 609 ex
1701 567 1753 608 iis

358 624 556 678 gentibus
586 623 752 673 milites,
777 624 1121 679 frumentumque
1151 624 1250 666 inde
1285 624 1573 675 Contrebiam,
1599 623 1750 681 [quae]

360 680 559 722 Leucada
588 681 835 736 appellatur,
864 681 1230 746 comportandum,
1253 690 1418 737 praeter
1447 697 1575 746 quam
1605 681 1753 724 urbem

359 738 736 794 opportunissimus
763 752 818 778 ex
844 737 1080 778 Beronibus
1108 738 1304 779 transitus
1331 746 1432 788 erat,
1453 739 1499 779 in
1519 754 1753 794 quamcun-

359 810 442 851 que
464 795 679 850 regionem
700 793 854 835 ducere
876 794 1110 835 exercitum
1131 795 1364 836 statuisset:
1398 803 1440 836 et
1464 794 1515 836 C.
1530 795 1751 846 Insteium,

359 852 618 907 praefectum
643 851 848 907 equitum,
874 850 1095 907 Segoviam
1126 860 1169 892 et
1198 852 1243 892 in
1263 851 1552 893 vaccaeorum
1580 861 1754 908 gentem

359 909 414 950 ad
446 909 638 964 equitum
670 908 1024 964 conquisitionem
1056 908 1182 958 misit,
1211 908 1382 974 iussum,
1412 924 1509 950 cum
1541 909 1754 966 equitibus

361 965 614 1007 Contrebiae
638 980 727 1006 sese
749 966 943 1022 opperiri.
1006 940 1202 1007 Dimissis
1232 966 1282 1007 iis
1311 966 1400 1023 ipse
1431 966 1656 1032 profectus,
1677 981 1754 1023 per

358 1021 602 1064 Vasconum
638 1038 784 1079 agrum
824 1023 952 1064 ducto
992 1023 1193 1074 exercitu,
1230 1023 1275 1064 in
1315 1023 1499 1066 confinio
1534 1023 1753 1066 Beronum

358 1080 499 1145 posuit
529 1088 673 1122 castra.
736 1079 910 1122 Postero
938 1080 1007 1121 die
1038 1095 1136 1122 cum
1166 1081 1379 1137 equitibus
1405 1096 1670 1147 praegressus
1699 1081 1754 1123 ad

357 1138 510 1179 itinera
529 1137 833 1194 exploranda,
822 1153 933 1179 lusso
953 1137 1095 1203 pedite
1118 1138 1322 1194 quadrato
1352 1139 1519 1195 agmine
1543 1139 1677 1195 sequi,
1699 1138 1754 1180 ad

360 1195 569 1245 Vareiam,
591 1195 888 1236 validissimam
917 1195 1099 1251 regionis
1129 1196 1218 1237 eius
1249 1196 1409 1246 urbem,
1431 1196 1559 1238 venit.
1621 1195 1753 1237 Haud

357 1252 675 1308 inopinantibus
705 1252 755 1293 iis
783 1260 912 1294 noctu
939 1252 1175 1294 advenerat.
1240 1253 1444 1309 Undique
1473 1253 1685 1309 equitibus
1709 1261 1753 1295 et

359 1324 458 1350 suae
499 1310 636 1364 gentis
671 1318 713 1350 et
748 1309 1060 1366 Autrig[onum
1095 1310 1237 1351 accitis
1277 1310 1492 1366 oppidani,
1528 1311 1751 1366 eruptione

357 1366 479 1416 facta,
504 1366 687 1408 Sertorio
708 1367 873 1408 obviam
894 1368 1045 1417 ierunt,
1063 1375 1111 1408 ut
1131 1383 1229 1408 eum
1250 1368 1367 1408 aditu
1388 1367 1613 1424 arcerent.]
1675 1369 1753 1410 De

359 1426 438 1466 Ιιοσ
463 1425 737 1480 fragmento,
781 1426 897 1480 quod
925 1426 1111 1480 primum
1152 1441 1180 1466 a
1212 1426 1401 1466 Brunsz'o
1436 1432 1478 1466 et
1511 1425 1752 1474 Iuvenatio,

358 1482 514 1523 deinde
541 1497 569 1522 a
595 1482 838 1523 Niebuhrio
866 1497 921 1522 ex
950 1483 1098 1523 codice
1127 1481 1333 1523 Vaticano
1360 1482 1518 1523 editum
1542 1497 1635 1523 esse
1655 1497 1752 1523 con-

358 1544 460 1589 stat,
484 1539 566 1580 vicl.
590 1538 693 1594 infr.
711 1554 761 1593 p.
785 1540 883 1580 287.
906 1553 1000 1594 sqq.
1026 1539 1097 1579 ubi
1117 1545 1325 1593 eoecerpta
1348 1540 1560 1594 quaedam
1581 1553 1605 1580 e
1633 1538 1675 1579 T
1670 1553 1750 1580 om.

357 1596 386 1636 I
396 1596 440 1636 V.
466 1611 515 1650 p.
547 1598 644 1636 325.
674 1611 767 1651 sqq.
803 1595 1006 1636 editionis
1033 1595 1211 1636 maioris
1238 1596 1594 1652 Kreyssigianae
1622 1595 1754 1637 subii-

358 1653 540 1696 ciuntur.

416 1707 513 1750 Hoc
548 1708 729 1765 primum
765 1707 975 1764 proelium
1009 1708 1121 1750 inter
1158 1707 1390 1750 Sertorium
1426 1716 1469 1750 et
1499 1708 1753 1774 Pompeium

356 1766 448 1808 suit.
512 1766 674 1807 Decem
696 1765 827 1806 millia
846 1765 1066 1807 hominum
1089 1766 1141 1807 de
1163 1765 1358 1822 Pompeii
1379 1766 1568 1808 exercitu
1588 1765 1751 1816 amissa,

357 1832 400 1864 ct
415 1823 558 1864 omnia
572 1823 888 1879 impedimenta,
905 1823 1051 1864 Livius
1067 1832 1212 1864 auctor
1228 1832 1300 1864 est.
1342 1824 1539 1866 Frontin.
1556 1825 1750 1879 Strateg.

356 1882 423 1923 II.
448 1884 485 1922 5.
510 1884 579 1922 31.
618 1882 687 1936 Cf.
707 1882 970 1922 Freinslaem.
986 1882 1205 1937 Supplem.
1230 1897 1327 1937 cap.
1355 1883 1422 1922 19.
1759 1880 1765 1884 ’

852 2056 873 2077 ²*
890 2058 966 2098 Ex
989 2058 1063 2098 lib.
1089 2058 1257 2098 XCIV.

414 2167 591 2207 Livius
581 2181 625 2207 111
647 2166 751 2207 libro
772 2167 1043 2222 nonagesimo
1061 2182 1164 2222 qu‘n
1168 2175 1209 2208 to
1226 2166 1473 2207 Inarimen
1463 2181 1507 2206 111
1526 2166 1750 2208 Maeoniae

358 2224 545 2280 partibus
566 2239 654 2264 esse
676 2223 806 2271 dicit3
840 2224 911 2264 ubi
933 2239 1008 2288 pei
1028 2224 1338 2280 quinquaginta
1359 2223 1489 2264 millia
1510 2231 1640 2264 terrae
1662 2224 1751 2279 igni

358 2289 528 2322 exustae
569 2288 679 2322 sunt.
763 2280 858 2321 Hoc
904 2281 1030 2322 etiam
1076 2281 1311 2323 Homelum
1352 2280 1605 2336 significasse
1644 2280 1749 2323 vult.

359 2340 477 2380 Serv.
501 2340 561 2379 ad
588 2338 738 2393 Virgil.
759 2338 865 2380 Aen.
890 2339 976 2380 IX.
1001 2340 1099 2381 715.

843 2514 865 2535 ᾗ
878 2515 955 2556 Ex
977 2516 1049 2556 lib.
1076 2516 1272 2557 XCVII.

415 2625 610 2681 Triginta
625 2625 814 2680 quinque
838 2625 966 2666 millia
983 2633 1236 2666 armatorum
1252 2625 1543 2680 (fugitivorum
1559 2639 1584 2665 a
1600 2625 1750 2666 Crasso

358 2658 638 2735 devictouim)
659 2697 709 2722 co
731 2682 889 2737 pioelio
911 2682 1130 2723 interfecta
1153 2697 1247 2722 cum
1278 2682 1377 2745 ipsis
1398 2681 1575 2722 ducibus
1595 2680 1749 2735 (Casto

358 2748 401 2780 et
431 2739 646 2793 Gannico)
677 2738 822 2779 Livius
854 2739 993 2788 tradit,
1022 2748 1210 2795 lcceptas
1237 2753 1425 2802 qumque
1455 2739 1746 2779 Romanorum

358 2796 530 2852 aquilas,
553 2796 671 2851 signa
691 2811 763 2836 sex
789 2804 831 2836 et
852 2796 1013 2850 viginti,
1037 2796 1168 2836 multa
1191 2795 1335 2850 spolia,
1358 2796 1468 2835 inter
1489 2809 1595 2850 quae
1617 2793 1748 2836 fasces

357 2869 453 2895 cum
486 2853 710 2894 secuiibus.
774 2854 817 2893 Ι’
815 2854 967 2894 mulin.
999 2854 1191 2908 §haleg
1223 2854 1289 2894 II.
1318 2856 1355 2893 5.
1387 2855 1456 2894 34.
1506 2852 1576 2907 (s.
1596 2852 1747 2893 Frein

355 2913 481 2953 sltem.
502 2912 716 2966 Supplem.
742 2925 835 2964 cal).
859 2913 897 2951 4.
