1888 3194
369 149 454 191 474
575 144 941 188 SYLLABUS
985 144 1569 188 PRAECIPUARUM

486 237 645 279 tionem
682 251 808 292 opera
843 236 1019 278 Strothii
1054 250 1258 292 perquam
1294 235 1494 276 laudabili
1529 234 1768 276 inchoatam

486 294 745 350 Doeringius
790 294 1052 335 continuavit
1096 301 1140 334 et
1184 292 1370 334 absolvit.
1424 292 1524 333 Vid.
1567 291 1676 333 infra
1714 291 1770 332 ad

486 367 644 393 annum
670 352 791 393 1796.

375 411 611 453 1784—86.
647 408 833 464 Biponti,
860 422 955 448 cum
988 406 1047 448 Io.
1074 407 1349 448 Freinshemii
1384 405 1696 463 Supplementis
1726 411 1769 446 et

430 466 596 508 Notitia
625 465 819 514 literaria,
852 464 999 505 studiis
1033 464 1251 506 Societatis
1283 464 1552 520 Bipontinae,
1588 467 1639 504 13
1671 461 1766 503 voll.

430 528 521 565 8vo.

547 580 676 620 Anno
706 581 826 619 1806.
858 577 1036 633 repetita
1065 586 1127 618 est
1156 577 1261 618 haec
1292 578 1436 628 editio,
1466 592 1573 634 quae
1606 584 1768 618 textum

487 635 940 678 Drakenborchianum
976 649 1073 674 cum
1109 635 1478 689 praestantioribus
1513 634 1770 676 editionibus

488 693 685 735 collatum
708 692 894 732 exhibet.

376 752 499 794 1794.
534 749 721 797 Bassam,
756 763 853 788 cum
884 747 994 788 notis
1026 747 1182 788 Clerici
1213 757 1255 788 et
1289 747 1509 797 Crevierii,
1539 762 1593 788 ex
1624 761 1771 788 recen-

430 808 546 849 sione
570 807 676 846 Arn.
701 805 1053 846 Drakenborchii.
1089 808 1183 846 8vo.

546 863 664 904 Num
682 862 786 903 haec
804 862 916 902 Livii
933 861 1076 911 editio,
1095 876 1202 917 quae
1225 861 1268 901 in
1286 861 1367 903 Th.
1388 860 1489 902 Chr.
1506 861 1572 902 Fr.
1590 859 1769 910 Enslini,

486 920 738 976 bibliopolae
778 919 1075 969 Berolinensis,
1116 918 1379 960 Bibliotheca
1411 926 1629 960 auctorum
1667 917 1771 959 clas-

488 979 682 1027 sicorum,
717 985 760 1018 et
794 992 1039 1033 graecorum
1073 984 1115 1017 et
1146 976 1385 1025 latinorum,
1419 991 1459 1031 p.
1488 978 1557 1016 83.
1588 974 1641 1016 ed
1676 982 1768 1016 tert.

487 1043 852 1083 commemoratur,
876 1034 1039 1075 diversa
1065 1034 1119 1074 sit
1150 1034 1201 1074 ab
1230 1048 1291 1083 ea,
1319 1033 1388 1074 cui
1419 1032 1490 1075 lib.
1516 1031 1639 1073 XCI.
1661 1031 1772 1087 frag-

487 1101 678 1134 mentum
700 1107 811 1133 anno
837 1094 959 1134 1791.
984 1091 1195 1132 adiectum
1217 1099 1292 1139 est,
1314 1090 1385 1131 alii
1405 1089 1601 1132 viderint.

376 1152 500 1194 1794.
534 1149 674 1191 Lond.
719 1164 772 1190 ex
812 1149 1055 1189 recensione
1098 1147 1205 1189 Arn.
1245 1146 1582 1188 Drakenborchii
1627 1154 1670 1187 et
1711 1144 1769 1187 H.

431 1207 609 1256 Homer,
633 1210 656 1247 8
679 1206 774 1247 voll.
799 1209 892 1247 8vo.

547 1264 616 1304 De.
648 1263 773 1304 huius
800 1262 997 1303 editionis
1028 1261 1133 1303 mihi
1160 1276 1381 1317 nunquam
1407 1260 1518 1302 visae
1547 1260 1772 1302 virtutibus

488 1336 574 1362 non
599 1320 747 1369 habeo,
771 1319 887 1375 quod
914 1319 1065 1360 dicam.
1131 1318 1490 1360 Commemoravit
1511 1332 1602 1358 eam
1626 1317 1770 1359 Ebert.

488 1379 532 1419 in
555 1378 659 1418 Lex.
684 1377 960 1432 bibliograph.
994 1375 1091 1417 Vol.
1116 1375 1149 1417 Ι.
1172 1391 1212 1431 p.
1241 1379 1365 1417 1002.
1387 1390 1429 1416 n.
1458 1376 1611 1417 12117.

377 1438 672 1479 1796—1819.
710 1434 890 1482 Gothae,
906 1448 1002 1474 cum
1016 1432 1447 1473 animadversionibus
1464 1431 1510 1473 F.
1523 1430 1578 1473 A.
1597 1430 1773 1472 Strothii

431 1494 600 1548 suisque
619 1491 977 1532 observationibus
994 1490 1059 1530 ed.
1080 1489 1146 1530 Fr.
1167 1489 1282 1531 Guil.
1302 1489 1506 1544 Doering,
1526 1494 1548 1532 7
1564 1488 1661 1530 voll.
1678 1491 1770 1529 8vo.

549 1549 691 1590 Huius
720 1548 929 1596 editionis,
959 1547 1036 1588 etsi
1064 1546 1326 1588 circumactis
1351 1546 1524 1587 demum
1552 1545 1672 1587 annis
1700 1545 1774 1586 tri—

488 1608 567 1648 bus
595 1615 637 1647 et
666 1605 813 1661 viginti
843 1604 1069 1653 absolutae,
1100 1613 1242 1645 tamen
1270 1619 1357 1644 non
1385 1618 1446 1653 ea,
1470 1618 1554 1659 qua
1574 1617 1650 1658 par
1670 1611 1771 1652 erat,

489 1664 682 1705 doctrina
716 1671 758 1703 et
786 1662 1005 1717 diligentia
1037 1661 1276 1711 adornatae,
1314 1660 1410 1701 Vol.
1441 1659 1474 1701 I.
1505 1675 1616 1701 anno
1648 1662 1770 1701 1805.

490 1729 533 1762 et
569 1723 690 1761 1816.
725 1719 821 1761 Vol.
858 1719 917 1760 ΙΙ.
952 1734 1063 1760 anno
1098 1721 1220 1759 1805.
1257 1726 1383 1773 atque
1412 1717 1507 1758 Vol.
1542 1716 1626 1759 III.
1662 1731 1773 1758 anno

493 1781 616 1819 1822.
660 1777 886 1833 repetitum
927 1785 1001 1817 est.
1065 1775 1202 1816 Index
1243 1775 1476 1824 historicus,
1519 1775 1570 1816 ab
1611 1773 1773 1815 editore

490 1835 730 1892 promissuS,
753 1834 878 1875 etiam
903 1849 1016 1874 nunc
1038 1832 1310 1874 desideratur.

378 1897 502 1936 1800.
539 1892 710 1941 Oxonii,
741 1907 793 1932 ex
826 1891 1069 1932 recensione
1102 1891 1209 1931 Arn.
1241 1888 1590 1938 Drakenborchii,
1624 1890 1648 1929 6
1674 1886 1771 1928 voll.

435 1956 526 1992 8vo.

554 2007 835 2048 Accesserunt
860 2005 960 2046 huic
991 2004 1180 2053 editioni,
1203 2019 1311 2058 quae
1333 2002 1489 2044 ibidem
1512 2016 1623 2042 anno
1648 2004 1772 2043 1813.

492 2065 671 2120 repetita
701 2072 775 2112 est,
809 2070 956 2118 gentes
987 2070 1029 2103 et
1060 2061 1239 2101 familiae
1272 2060 1575 2108 Romanorum,
1605 2067 1774 2099 auctore

494 2122 550 2163 R.
585 2120 811 2168 Streinnio,
844 2119 960 2175 quod
990 2117 1237 2174 opusculum
1269 2117 1452 2172 primum
1484 2116 1613 2156 Paris.
1648 2118 1772 2157 1559.

493 2194 540 2219 ac
565 2177 719 2218 Venet.
749 2179 872 2219 1571.
894 2176 1056 2216 editum
1084 2183 1126 2215 et
1147 2174 1300 2214 deinde
1329 2173 1391 2215 Io.
1419 2172 1575 2228 Georg.
1603 2171 1775 2214 Graevii

494 2235 621 2275 Thes.
642 2233 916 2287 Antiquitatt.
943 2232 1066 2272 Rom.
1091 2240 1189 2272 tom.
1209 2230 1311 2272 VII.
1334 2246 1375 2286 p.
1398 2234 1433 2271 1.
1457 2245 1546 2286 sqq.
1570 2230 1774 2271 insertum

493 2300 568 2340 est,
591 2299 716 2345 atque
747 2289 916 2329 Ernesti
945 2288 1191 2343 glossarium
1218 2287 1456 2337 Livianum,
1479 2287 1641 2329 auctius
1667 2302 1774 2328 non-

493 2347 612 2397 nihil,
635 2347 668 2387 si
690 2346 811 2387 titulo
833 2345 937 2386 fides
958 2345 1165 2395 habenda,
1184 2354 1226 2386 et
1247 2345 1291 2385 in
1312 2345 1414 2386 locis
1436 2360 1562 2401 quam
1583 2344 1774 2401 plurimis

494 2404 781 2446 emendatum.

383 2463 503 2505 1807.
528 2466 568 2503 8.
596 2461 790 2515 Gotting.
828 2475 925 2500 cum
961 2460 1261 2501 commentario
1296 2467 1502 2516 perpetuo
1532 2458 1598 2500 ed.
1637 2457 1695 2500 G.
1716 2461 1771 2501 A.

438 2519 631 2576 Ruperti,
656 2520 677 2560 7
703 2518 799 2559 voll.
824 2521 914 2558 8vo.

553 2576 621 2616 De
665 2574 846 2630 Ruperti
883 2583 926 2615 et
966 2574 1190 2630 Docringii
1230 2573 1498 2621 editionibus,
1536 2572 1581 2612 in
1621 2573 1775 2628 quibus

497 2632 619 2674 multi
651 2631 783 2672 multa
809 2631 1182 2686 reprehenderunt,
1213 2630 1307 2671 vide
1336 2629 1518 2670 censoris
1546 2629 1776 2670 doctissimi

497 2689 700 2730 iudicium
722 2689 765 2729 in
789 2688 1060 2743 Ephemerid.
1087 2688 1239 2729 literar.
1263 2686 1429 2729 Ienens.
1453 2702 1487 2727 a.
1516 2690 1637 2728 1811.
1686 2686 1772 2729 No.

500 2750 679 2788 19—-22,
703 2761 745 2801 p.
771 2748 862 2786 145.
887 2761 976 2801 sqq.

385 2807 506 2847 1809.
544 2803 678 2859 Cupri
701 2802 879 2843 Fifanor.
901 2801 1012 2844 Livii
1031 2800 1313 2843 Historiarum
1334 2800 1429 2842 libri
1446 2800 1497 2842 V.
1517 2800 1688 2857 priores,
1707 2799 1772 2842 ed.

440 2861 473 2903 Ι.
498 2860 680 2902 Hunter.
716 2863 850 2901 l2mo.
