1888 3194
585 165 712 208 LIB.
745 165 887 208 XLV.
929 167 1074 210 CAP.
1108 172 1176 210 30.
1501 175 1584 215 205

180 257 420 300 ercentibus
453 256 678 298 dimidium
714 256 804 299 eius
840 257 1098 314 impositum,
1130 259 1247 315 quod
1282 262 1586 317 pependissent

180 315 282 372 regi.
344 315 402 356 Et
430 314 515 356 sale
546 315 715 357 invecto
748 315 811 356 uti
841 315 987 358 vetuit.
1050 315 1263 359 Dardanis
1294 321 1586 375 repetentibus

181 372 424 422 Paeoniam,
452 372 567 428 quod
599 381 641 414 et
670 388 744 414 sua
770 372 931 424 fuisset,
961 382 1005 415 et
1031 375 1257 416 continens
1288 385 1398 417 esset
1428 376 1586 419 finibus

180 429 277 479 suis,
311 429 553 472 ‘Omnibus
592 430 692 472 dare
733 430 991 472 libertatem'
1029 432 1337 488 pronuntiavit,
1377 434 1476 489 ‘qui
1508 436 1585 477 sub

181 492 337 543 ‘regno
358 487 503 529 Persei
529 487 734 529 fuissent.’
793 488 896 530 Post
923 504 1010 531 non
1039 489 1310 546 impetratam
1339 490 1584 542 Paeoniam,

149 544 276 586 5salis
296 545 593 586 commercium
617 545 758 587 dedit:
793 546 940 588 tertiae
966 547 1130 603 regioni
1158 547 1394 604 imperavit,
1417 558 1466 590 ut
1490 548 1586 591 Sto-

179 603 254 644 bos
288 602 498 645 Paeoniae
534 603 806 654 deveherent,
839 604 1109 661 pretiumque
1147 606 1305 647 statuit.
1376 605 1586 649 Navalem

179 660 397 702 materiam
430 669 473 702 et
502 661 613 717 ipsos
644 661 834 712 caedere,
857 671 901 703 et
925 662 1028 704 alios
1058 663 1146 719 pati
1168 663 1313 705 vetuit.

179 718 270 768 bus,
303 733 411 775 quae
446 719 590 760 affines
626 719 809 760 barbaris
845 728 997 770 essent,
1032 721 1234 777 (excepta
1268 729 1410 763 autem
1448 722 1584 772 tertia,

180 791 327 818 omnes
348 776 488 832 erant)
505 776 707 833 permisit,
725 786 773 819 ut
793 777 1002 834 praesidia
1022 788 1182 820 armata
1201 779 1246 820 in
1268 779 1423 821 finibus
1444 789 1586 822 extre-

181 833 260 875 mis
281 833 497 876 haberent.

241 891 375 942 Haec,
397 892 668 948 pronuntiata
698 892 834 949 primo
857 893 925 934 die
948 903 1194 944 conventus,
1217 894 1330 937 varie
1353 895 1586 938 affecerunt

181 949 354 990 animos.
418 949 611 991 Libertas
648 961 812 1007 praeter
846 966 965 1007 spem
998 951 1097 997 data
1127 953 1295 1002 arrexit,
1325 962 1368 994 et
1399 953 1585 995 levatum

181 1022 371 1048 annuum
401 1007 592 1063 vectigal.
658 1008 930 1063 Regionatim
963 1010 1216 1051 commercia
1248 1011 1495 1067 interruptis
1527 1012 1586 1053 ita

149 1064 314 1107 6videri
340 1064 532 1114 lacerata,
556 1074 758 1120 tanquam
781 1065 977 1107 animalia
999 1067 1042 1107 in
1065 1076 1191 1116 artus,
1215 1067 1392 1109 alterum
1415 1068 1585 1110 alterius

181 1121 433 1178 indigentes,
456 1121 675 1163 distracta:
709 1122 828 1173 adeo,
852 1132 1012 1178 quanta
1033 1123 1291 1166 Macedonia
1312 1135 1433 1175 esset,
1457 1142 1584 1182 quam

148 1167 332 1235 {divisui
360 1179 504 1229 facilis,
535 1188 578 1221 et
607 1188 653 1221 ut
682 1195 725 1221 se
756 1180 847 1236 ipsa
874 1196 1069 1237 quaeque
1099 1190 1300 1223 contenta
1334 1198 1430 1239 pars
1463 1192 1583 1234 esset,

181 1235 444 1278 Macedones
474 1252 645 1294 quoque
678 1237 941 1294 ignorabant.
1005 1239 1108 1280 Pars
1137 1239 1275 1296 prima
1303 1239 1482 1282 Bisaltas
1512 1242 1586 1283 ha-

148 1294 264 1346 9bet,
296 1294 544 1337 fortissimos
573 1295 695 1345 viros,
728 1296 862 1350 (trans
895 1295 1079 1338 Nessum
1114 1312 1284 1339 amnem
1318 1297 1512 1340 incolunt
1544 1308 1588 1341 et

151 1352 291 1394 icirca
321 1352 614 1410 Strymonem)
644 1363 687 1395 et
719 1353 872 1395 multas
902 1353 1072 1410 frugum
1101 1355 1391 1412 proprietateS,
1424 1364 1467 1398 et
1498 1372 1588 1398 me-

181 1409 292 1460 talla,
315 1419 358 1452 et
379 1411 739 1467 opportunitatem
763 1411 1058 1469 Amphipolis:
1093 1428 1202 1469 quae
1235 1414 1402 1455 obiecta
1428 1414 1588 1457 claudit

181 1483 328 1510 omnes
363 1469 414 1510 ab
446 1469 608 1511 oriente
643 1469 729 1510 sole
763 1469 808 1510 in
837 1469 1138 1512 Macedoniam
1173 1470 1322 1512 aditus.
1389 1471 1587 1514 Secunda.

212 1541 277 1568 ars
317 1526 608 1568 celeberrimas
644 1528 780 1577 urbes,
819 1527 1151 1570 Thessalonicen
1188 1538 1231 1570 et
1263 1528 1585 1580 Cassandream,

180 1541 335 1632 liabet3
373 1584 426 1625 ad
462 1583 542 1626 hoc
579 1584 797 1634 Pallenen,
831 1585 1013 1626 fertilem
1048 1601 1095 1627 ac
1126 1586 1368 1643 frugiferam
1405 1596 1583 1629 terram:

182 1641 411 1683 maritimas
447 1657 617 1699 quoque
652 1643 988 1699 opportunitates
1025 1643 1064 1684 ci
1106 1645 1311 1700 praebent
1346 1654 1492 1701 portus
1533 1646 1587 1687 ad

152 1699 383 1742 2Toronen
416 1715 463 1740 ac
495 1709 682 1741 montem
712 1700 841 1750 Atho,
864 1700 1061 1751 (Aeneae
1083 1711 1234 1743 vocant
1265 1702 1401 1757 hunc)
1432 1702 1501 1744 alii
1533 1703 1587 1744 ad

182 1757 361 1798 insulam
390 1757 621 1807 Euboeam,
645 1757 714 1798 alii
746 1758 800 1799 ad
833 1757 1161 1815 Hellespontum
1193 1768 1430 1815 opportune
1462 1761 1583 1802 versi.

183 1815 331 1856 Tertia
352 1815 467 1871 regio
489 1815 651 1856 nobiles
674 1816 809 1865 urbes,
827 1815 1029 1857 Edessam
1052 1826 1094 1858 et
1117 1816 1322 1858 Beroeam
1345 1826 1387 1859 et
1408 1817 1585 1868 Pellam,

181 1872 321 1923 habet,
359 1882 402 1914 et
436 1872 675 1914 Vettiorum
714 1872 954 1914 bellicosam
991 1884 1188 1930 gentem:
1229 1874 1385 1916 incolas
1416 1891 1585 1932 quoque

180 1930 412 1987 permultos
437 1930 582 1971 Gallos
611 1939 654 1972 ct
681 1930 857 1988 Illyrios,
891 1932 1091 1988 impigros
1123 1932 1313 1974 cultores.
1380 1934 1585 1981 Quartam

180 1988 397 2045 regionem
437 1987 617 2029 Eordaei
655 1998 696 2029 ct
735 1988 972 2044 Lyncestae
1011 1999 1052 2030 et
1087 1989 1325 2045 Pelagones
1366 1991 1582 2032 incolunt:

1378 664 1594 721 Regioni-

148 2062 166 2094 3
182 2046 324 2088 iuncta
352 2045 416 2087 his
439 2046 676 2096 Atintania,
699 2055 741 2087 et
766 2046 1036 2103 Stymphalis,
1061 2056 1103 2088 et
1126 2047 1350 2089 Elimiotis.

229 2173 247 2204 5
275 2166 361 2196 Sulis
390 2166 609 2197 commercium
640 2166 742 2204 dedit]
785 2165 860 2196 Per-

180 2207 268 2239 misit
291 2208 453 2239 Dardanis
476 2209 575 2239 salem
601 2218 640 2239 cx
667 2208 862 2239 Macedonia

180 2251 335 2282 mercari:
368 2261 464 2291 quem
494 2256 529 2281 ut
559 2251 686 2281 fat-ilius
715 2251 860 2281 Dardani

181 2293 299 2325 habere
324 2298 464 2334 possent,
482 2293 652 2334 imperavit
677 2294 790 2324 tertiae
815 2305 860 2324 rc-

179 2336 278 2377 gioni,
294 2337 347 2367 ubi
372 2336 522 2367 nimirum
548 2337 691 2367 maxima
713 2337 788 2367 salis
809 2347 858 2367 co-

182 2379 237 2420 pia
259 2384 339 2417 erat,
354 2384 389 2410 ut
406 2380 523 2411 Stobos
544 2380 752 2416 deveherent,
773 2380 859 2418 quod

181 2422 337 2462 oppidum
363 2422 449 2453 haud
475 2423 586 2462 procul
611 2423 722 2453 aberat
742 2434 760 2453 a
781 2423 859 2453 Dar-

181 2465 338 2496 danorum
358 2465 484 2496 finibus.
508 2466 614 2497 Cum.

224 2507 244 2538 6
266 2509 443 2547 Lucerum]
481 2519 524 2540 sc.
545 2510 753 2544 Macedonia,
774 2509 859 2548 quod

185 2551 375 2581 vocabulum
404 2561 443 2581 ex
472 2552 617 2591 sequenti
643 2552 788 2582 membro
810 2551 860 2582 hic

182 2593 489 2631 subintelligendum
509 2599 617 2624 monet
635 2594 829 2624 Gronovius.

229 2644 244 2675 7
270 2637 540 2676 Diriauifiwilix]
573 2637 720 2667 Fortasse
736 2637 860 2677 scripsit

186 2678 296 2709 Livius
310 2681 426 2710 divim.
473 2680 534 2710 Sed
556 2685 664 2710 tamen
689 2684 754 2710 tam
776 2679 859 2710 vide-

184 2724 237 2752 tur
265 2722 327 2752 dici
360 2732 451 2762 posse
482 2723 567 2760 regio
593 2724 713 2753 divisui
734 2724 861 2762 saetce'lix,

184 2773 282 2803 quam
298 2766 387 2795 cibus
401 2766 583 2803 facillimus
605 2766 648 2795 ml
668 2776 860 2806 concoquen-

184 2806 272 2843 dum,
287 2808 450 2846 quomodo
474 2808 600 2838 locutus
615 2812 662 2838 est
679 2807 806 2846 Cicero,
822 2809 862 2839 de

187 2847 258 2879 rin.
276 2848 308 2880 ii.
325 2858 374 2881 20.
397 2851 504 2882 (ἷκεν.

231 2890 250 2920 8
277 2892 320 2922 ΠΙ
333 2903 366 2923 u·
379 2892 450 2931 ipim
466 2903 612 2940 quaeque
623 2897 771 2924 contenta
783 2904 862 2933 pars

187 2934 283 2971 esset]
316 2934 426 2969 Quam
449 2934 507 2964 :ubi
531 2934 601 2974 ipsa
620 2945 767 2975 «piaeque
791 2945 863 2975 pura

1418 2048 1587 2105 Frigida

907 2166 1076 2197 sufficeret.

949 2219 968 2250 9
988 2211 1093 2239 Trans
1104 2208 1261 2249 Nessum]
1283 2209 1484 2249 Pracpositio
1495 2214 1587 2240 trans

907 2251 967 2282 hoc
997 2252 1068 2282 loco
1091 2252 1317 2283 difficultatem
1345 2252 1490 2292 pluribus
1514 2253 1587 2283 viris

906 2294 1010 2325 doctis
1039 2299 1160 2332 movet,
1188 2295 1341 2334 quoniam
1369 2297 1452 2326 cilra
1481 2296 1587 2335 potius

905 2337 1110 2376 requirimus,
1133 2348 1234 2377 quum
1260 2338 1291 2368 in
1317 2348 1389 2378 cap.
1409 2348 1513 2377 praec.
1534 2339 1585 2368 Bi<

905 2380 1019 2410 saltica
1033 2381 1118 2420 regio
1133 2381 1216 2411 inter
1234 2381 1376 2411 Noas-um
1393 2386 1425 2411 et
1443 2381 1585 2421 Strymo-

905 2433 978 2453 nem
1005 2423 1101 2454 fuisse
1117 2423 1205 2454 dicta
1220 2423 1270 2454 sit.
1318 2424 1586 2454 Drakenborchio

905 2470 1014 2496 autem
1048 2466 1184 2503 videtur,
1215 2466 1355 2497 Bisaltas
1385 2466 1482 2497 fuisse
1511 2478 1585 2504 gen-

906 2514 970 2539 tem
998 2510 1090 2547 longe
1106 2520 1144 2539 ae
1162 2510 1226 2539 late
1248 2513 1425 2549 patentem,
1441 2514 1473 2540 ct
1498 2509 1585 2539 habi—

905 2557 990 2581 tasse
1005 2552 1046 2582 ad
1063 2553 1209 2582 dextram
1229 2552 1329 2591 ripam
1348 2552 1529 2592 Strymonis
1554 2552 1583 2581 in

908 2594 1115 2632 Macedonia,
1131 2595 1248 2625 deinde
1270 2599 1357 2625 trans
1379 2596 1583 2635 Strymonem

907 2637 990 2667 iuter
1027 2648 1100 2668 cum
1141 2638 1273 2668 flurium
1306 2642 1338 2668 ct
1371 2638 1524 2674 Nessum,
1554 2642 1583 2666 ct

906 2680 1046 2720 denique
1070 2680 1260 2720 pertinuisse
1278 2681 1361 2711 ultra
1380 2681 1518 2711 Nessum
1544 2681 1584 2710 ad

907 2722 1008 2762 ripam
1027 2723 1095 2753 cius
1112 2723 1270 2754 sinistram
1290 2723 1320 2753 in
1339 2723 1488 2753 'rarat-in.

956 2775 964 2795 Ι
993 2767 1150 2804 stletallal
1170 2767 1209 2797 cf.
1225 2766 1368 2796 Boot-kh.
1384 2766 1584 2796 Stant-*liaus-

908 2808 1044 2847 haltung
1061 2809 1117 2839 der
1135 2809 1279 2840 Athenor
1296 2809 1325 2839 ii.
1345 2811 1361 2845 ς’
1380 2819 1409 2847 5.

952 2861 967 2881 ²
993 2853 1140 2889 Aeneae]
1167 2863 1209 2882 sc.
1227 2851 1371 2882 Portum.

952 2902 969 2931 3
994 2895 1039 2925 Et
1054 2895 1267 2933 .s'1ymplmlis]
1293 2893 1493 2933 Stymphtrris
1515 2892 1584 2922 l‘ul-

909 2946 987 2966 mer.
1005 2936 1035 2966 in
1055 2936 1172 2967 Graec.
1192 2938 1267 2967 Ant.
1285 2936 1314 2966 ii.
1330 2946 1359 2976 9.
1377 2940 1407 2965 et
1425 2934 1585 2966 cellarius

1602 278 1646 311 U.
1663 279 1702 311 C.
1725 281 1798 321 585.

1600 322 1641 354 A.
1664 324 1704 355 C.
1729 322 1801 363 167.

1663 908 1731 946 30.

1599 1140 1710 1170 Partes
1726 1141 1799 1172 Ma-

1599 1183 1754 1214 cedom'ae

1599 1229 1762 1266 quattuor.
