1888 3194
949 217 1239 256 INDEX.

445 290 575 323 habitus
592 298 620 332 7,
634 292 682 324 28.
707 291 957 324 voluntariorum
972 303 1004 336 9,
1023 303 1069 324 10.

446 335 550 365 omnis
583 335 707 375 generis
741 336 908 367 hominum
941 346 989 373 10,
1021 345 1069 367 21.

445 387 606 408 servorum
625 388 675 416 22,
696 386 746 418 57.
771 388 822 418 23,
846 388 893 417 14.
916 359 1070 409 facinoro-

445 430 552 451 sorum
569 424 600 451 et
620 421 832 452 iudicatorum
848 421 1002 461 pecuniae
1020 430 1070 460 23,

449 472 496 502 14.
529 463 699 495 difficulter
722 464 849 495 habitus
876 472 925 504 25,
952 472 980 502 5.
1018 472 1070 501 42,

445 514 497 544 32.
526 515 578 545 43,
609 506 654 538 16.
686 507 724 537 de
748 507 876 537 delectu
905 516 1070 537 censorum

444 547 551 579 edicta
579 558 631 588 43,
665 548 711 580 16.
749 550 787 580 de
822 549 998 580 delet-tibus
1031 548 1069 578 cf.

445 601 538 630 porro
561 601 611 629 22,
629 599 668 631 37
688 595 720 622 et
736 592 786 631 38.
811 601 862 630 24,
881 601 927 622 11.
953 589 1003 629 26,
1020 597 1068 630 35.

447 642 497 672 27,
513 634 564 673 38.

404 674 551 713 Delium,
580 677 654 706 urbs
685 674 839 706 Boeotiae
869 684 920 714 31,
950 682 1001 714 45.
1038 678 1070 705 et

446 718 607 758 Apollinis
622 718 792 757 templum,
804 718 975 748 imminens
989 717 1070 747 mari

447 770 497 799 35,
514 769 565 799 51.
589 760 656 790 eius
671 760 784 799 templi
800 760 921 799 relicuo
937 759 1012 790 ibid.

403 801 539 842 Delphi,
554 802 726 832 umbilicus
741 807 895 832 terrarum
911 801 993 832 orbis
1018 801 1069 840 38,

445 845 494 882 48.
518 844 644 875 medius
658 844 830 875 umbilicus
846 844 1002 875 Graeciae
1018 853 1068 882 41,

445 888 493 918 28.
512 887 661 926 Delphos
672 886 753 927 petit
763 887 921 917 Aemilius
934 887 1069 918 Paullus

443 938 495 967 45,
524 937 572 969 27.
604 929 753 969 Delphos
776 929 862 960 missi
886 929 966 969 regis
991 929 1067 959 Tar-

443 972 543 1011 quinii
568 972 660 1002 liberi
682 972 821 1011 portenti
846 983 942 1003 causa
967 982 994 1009 1,
1018 971 1066 1011 56.

441 1014 528 1045 idem
549 1025 655 1045 rursus
669 1015 802 1051 factum,
818 1016 954 1046 durante
971 1015 1067 1045 Veio-

442 1067 513 1087 11111]
538 1057 701 1088 obsidione
725 1066 754 1096 5,
782 1066 816 1096 15
839 1061 871 1088 et
894 1056 940 1089 16.
965 1057 1003 1089 cf.
1037 1060 1069 1088 et

443 1109 494 1138 22,
511 1108 560 1139 57.
585 1109 635 1139 23,
656 1109 702 1132 11.
726 1100 822 1140 legati
837 1101 877 1130 ad
893 1101 1012 1131 donum
1030 1110 1069 1130 ex

442 1143 562 1182 praeda
581 1143 774 1182 portandum
790 1142 877 1174 missi
898 1152 928 1182 5,
946 1144 995 1173 28.
1019 1143 1069 1181 28,

444 1192 493 1223 45·

400 1227 547 1259 Delubra
563 1227 707 1258 Deorum
718 1228 747 1266 8,
758 1237 808 1267 33.
831 1232 905 1258 sunt
917 1227 1067 1268 religione

443 1271 510 1301 sola
521 1274 591 1301 tuta
609 1280 658 1310 31,
671 1279 721 1309 30.

399 1313 516 1351 Delus,
531 1313 636 1343 insula
657 1322 707 1352 33,
725 1322 772 1352 30.
797 1312 849 1352 36,
870 1322 919 1351 42.
944 1324 995 1352 44,
1017 1314 1065 1344 28.

441 1364 494 1394 45,
526 1365 572 1386 10.
608 1356 716 1386 Delon
742 1355 803 1386 aris
831 1355 1006 1395 insignibus
1035 1360 1066 1387 et

440 1402 617 1428 statuarum
633 1399 727 1438 copia
741 1402 873 1428 exornat
889 1398 1067 1429 Antiochus

442 1440 630 1480 Epiphanes
665 1451 716 1479 41,
754 1448 802 1479 25.
847 1441 915 1471 eius
944 1441 1066 1471 insulae

441 1483 619 1522 templique
632 1483 782 1513 sanctitas
797 1483 967 1514 inviolatos
977 1494 1065 1523 prae-

441 1530 504 1556 stat
520 1536 630 1556 omnes
645 1536 697 1563 44,
714 1535 762 1566 29.

397 1568 587 1605 Demarata,
612 1568 678 1598 filia
705 1567 868 1605 Hieronis,
893 1579 975 1598 uxor
1000 1569 1066 1599 An-

440 1610 620 1648 dranodori,
635 1611 780 1640 stimulat
798 1611 947 1641 maritum
964 1611 1005 1641 ad
1020 1621 1066 1641 re—

439 1654 605 1684 tinendam
621 1654 823 1694 tyrannidem
842 1663 891 1691 24,
909 1663 957 1684 22.
984 1653 1065 1684 oeci-

441 1696 527 1726 ditur
544 1705 592 1735 25.

399 1738 604 1777 Demaratus,
637 1738 832 1777 Corinthius,
871 1738 1067 1770 Lucumonis

441 1786 532 1821 pater
552 1791 578 1819 1,
595 1790 643 1820 34.

399 1824 592 1861 Demetrias,
611 1825 684 1855 urbs
707 1824 893 1855 Thessaliae
915 1825 957 1855 ad
980 1834 1067 1855 mare

442 1875 493 1906 27,
507 1877 556 1906 32.
577 1867 627 1905 28,
640 1876 670 1906 5,
685 1874 701 1907 7
718 1871 749 1897 et
766 1868 793 1898 8.
815 1877 866 1906 31,
884 1877 932 1906 24.
952 1866 1004 1906 36,
1018 1877 1065 1898 20.

440 1919 492 1947 42,
505 1909 554 1949 67.
579 1920 630 1947 44,
645 1919 693 1948 12,
707 1919 742 1948 13
756 1914 787 1940 et
802 1920 849 1949 24.
873 1920 936 1940 una
953 1920 970 1940 e
982 1920 1067 1940 com-

439 1952 574 1992 pedibus
598 1952 753 1983 Graeciae
777 1962 828 1991 32,
851 1960 901 1992 37.
932 1963 1067 1992 occupa-

439 2000 492 2025 tur
506 1996 546 2025 ab
563 1995 688 2025 Aetolis
701 2003 751 2034 35,
763 2004 813 2034 34.
838 2005 871 2025 se
887 1995 975 2026 dedit
992 1995 1067 2026 Phi-

440 2037 530 2077 lippo
547 2036 598 2076 36,
614 2046 664 2076 33.
688 2039 727 2068 cf.
744 2042 776 2068 et
792 2048 843 2076 40,
861 2047 908 2076 24.

398 2080 623 2110 Demetriacus
639 2080 724 2110 sinus
741 2081 791 2117 28,
809 2088 835 2119 5.

398 2122 601 2153 Demetrium
619 2123 814 2153 Phthiotidis
831 2124 880 2159 28,
897 2122 927 2155 6.

398 2165 615 2203 Demetrium,
635 2169 745 2205 portus
760 2164 999 2196 Samothraciae
1014 2174 1065 2205 45,

398 2249 584 2280 Demetrius
608 2250 768 2287 Pharius;
803 2251 844 2280 ad
869 2260 943 2280 eum
970 2251 1064 2290 depo-

441 2292 593 2322 scendum
610 2292 705 2331 legati
721 2292 807 2322 missi
823 2302 873 2329 22,
889 2301 938 2330 33.

398 2333 596 2371 Demetrius,
618 2333 763 2373 Philippi
786 2334 998 2365 Macedoniae
1019 2344 1065 2365 re-

441 2376 488 2416 gis
506 2380 596 2415 pater
611 2385 662 2413 31,
681 2377 728 2406 28.

399 2418 595 2455 Demetrius,
611 2418 696 2447 filius
714 2418 859 2458 Philippi
876 2427 926 2457 33,
944 2428 989 2457 13.
1013 2420 1065 2449 ob-

441 2471 489 2492 ses
504 2472 523 2491 a
539 2465 628 2500 patre
644 2461 737 2490 datur
750 2462 906 2491 Romanis
921 2470 969 2500 30.
991 2466 1066 2491 aute

441 2514 568 2534 currum
597 2503 826 2542 triumphalem
856 2504 894 2534 T.
919 2504 1065 2539 Quinctii

441 2546 569 2576 ducitur
591 2555 642 2584 34,
662 2554 710 2583 52.
746 2546 827 2585 patri
850 2546 992 2576 redditur
1014 2546 1065 2586 36,

442 2597 492 2627 35.
517 2588 688 2618 remittitur
709 2598 727 2617 a
752 2592 841 2627 patre
862 2589 1001 2619 Romam
1024 2590 1066 2619 ad

441 2632 605 2671 purganda
628 2630 760 2661 crimina
780 2640 831 2671 39,
847 2639 896 2669 35.
923 2632 1065 2662 defendit

441 2677 564 2713 patrem
581 2680 630 2712 47.
658 2673 689 2703 in
714 2673 780 2703 eius
803 2674 954 2704 honorem
977 2684 1064 2704 senae

440 2721 492 2747 tus
513 2716 617 2746 multa
632 2716 792 2746 condonat
810 2716 973 2756 Philippo,
989 2716 1064 2748 ibid.

440 2758 523 2789 redit
543 2758 575 2788 in
592 2758 817 2789 Macedoniam
836 2767 883 2797 53.
910 2759 977 2789 eius
993 2769 1065 2790 cum

442 2802 557 2832 Perseo
586 2800 682 2831 fratre
710 2801 830 2831 maiore
858 2802 1065 2841 comparatio,

440 2844 516 2875 ibid.
547 2853 619 2874 cum
644 2843 756 2874 eodem
781 2843 965 2881 discordiae,
988 2843 1063 2874 ibid.

441 2896 539 2926 prava
551 2886 658 2917 Persei
671 2885 703 2915 in
715 2886 917 2916 Demetrium
933 2886 1065 2917 consilia

441 2939 492 2968 40,
505 2937 532 2968 5.
557 2928 743 2960 Demetrius
758 2929 793 2959 fit
809 2933 974 2969 suspectus
990 2928 1063 2959 Phi-

1155 294 1257 334 lippo,
1266 292 1344 324 ibid.
1362 292 1475 324 ludicri
1489 292 1670 325 certaminis
1681 292 1782 325 vietor

1155 335 1185 367 6.
1212 346 1287 367 eum
1310 337 1397 376 apud
1419 340 1544 376 patrem
1561 340 1691 367 accusat
1706 337 1781 368 Per-

1155 389 1227 410 seus
1248 379 1277 410 8.
1322 378 1508 410 Demetrius
1538 389 1606 410 sese
1639 379 1782 410 oratione

1155 421 1298 452 defendit
1321 431 1368 453 12.
1398 422 1572 452 meditatur
1596 422 1704 462 fugam
1730 431 1781 462 23.

1155 464 1249 494 fictae
1265 465 1339 494 dolo
1356 464 1463 495 Persei
1486 465 1527 494 ad
1549 474 1622 495 eum
1648 465 1781 504 perden-

1156 506 1232 536 dum
1249 507 1287 538 T.
1300 506 1447 542 Quinctii
1462 506 1584 544 literae,
1596 506 1672 538 ibid.
1685 510 1718 538 et
1731 516 1780 546 24.

1155 548 1271 579 iterum
1290 553 1457 580 accusatus
1471 559 1490 579 a
1504 550 1611 587 fratre,
1622 549 1710 580 iussu
1724 560 1780 590 pa-

1155 591 1211 621 tn's
1225 590 1426 629 interficitur,
1440 591 1516 622 ibid.
1548 591 1615 622 eius
1629 592 1780 623 innocen-

1155 632 1234 662 tiam
1258 633 1431 672 Philippus
1453 633 1595 673 agnoscit
1618 641 1658 672 54
1676 638 1708 665 et
1729 642 1779 674 55.

1157 679 1188 704 et
1204 675 1359 705 desiderio
1373 676 1512 705 multum
1527 676 1653 716 angitur
1668 676 1717 716 56.

1114 716 1334 755 Democrates,
1350 717 1528 757 praefectus
1542 718 1649 749 classis
1659 719 1780 750 Taren-

1155 759 1242 789 tinae
1265 758 1314 797 26,
1336 768 1385 800 39.
1408 760 1446 790 cf.
1464 763 1495 790 et
1512 767 1562 800 27,
1582 767 1628 799 15.
1657 761 1780 793 fortiter

1156 811 1300 841 pugnans
1316 802 1400 832 cadit
1420 801 1465 833 16.

1114 844 1275 874 Denarius
1290 855 1442 875 nummus
1457 845 1488 883 8,
1506 854 1518 874 1
1528 854 1554 876 1.

1113 887 1257 918 Deorum
1274 888 1379 918 cultus
1394 893 1426 918 et
1440 887 1617 918 reverentia
1631 887 1728 919 etiam
1745 889 1780 920 in

1153 929 1244 960 hoste
1265 941 1295 968 4,
1316 929 1365 968 46.
1403 930 1468 960 alio
1491 930 1780 963 transferendorum

1153 982 1222 1003 mos
1237 983 1274 1003 ac
1289 972 1398 1012 religio
1416 981 1445 1011 5,
1459 982 1507 1004 22.
1531 973 1676 1003 Deorum
1691 973 1780 1014 signa

1152 1025 1254 1046 aenea
1275 1016 1361 1046 facta
1384 1025 1424 1045 ex
1446 1018 1577 1055 argento
1599 1016 1780 1047 multaticio

1156 1066 1206 1097 27,
1222 1057 1251 1089 6.
1274 1058 1444 1088 simulacra
1466 1057 1618 1089 semiusta
1639 1062 1671 1089 et
1693 1062 1779 1090 trun-

1155 1105 1227 1130 cata
1242 1111 1261 1131 a
1277 1100 1431 1140 Philippo
1446 1111 1518 1140 rege
1534 1109 1586 1139 31,
1602 1110 1651 1140 30.
1676 1101 1779 1133 Pena-

1154 1143 1235 1173 tium
1251 1144 1346 1174 aedes
1360 1143 1393 1173 in
1410 1143 1507 1173 Velia
1522 1151 1573 1182 45,
1592 1143 1638 1175 16.

1111 1185 1296 1223 Desudaba,
1313 1187 1386 1216 urbs
1401 1185 1571 1216 Maedicae
1585 1197 1637 1225 44,
1654 1184 1704 1218 26.

1112 1228 1332 1267 Desultorum,
1347 1228 1437 1258 binos
1455 1228 1650 1259 trahentium
1669 1239 1778 1269 equos,

1153 1271 1325 1301 dexteritas
1343 1280 1393 1309 23,
1409 1280 1457 1312 29.

1111 1312 1279 1344 Devovere
1308 1313 1383 1344 licet
1411 1313 1545 1351 consuli,
1572 1312 1719 1345 dictatori
1745 1317 1777 1345 et

1152 1355 1301 1395 praetori,
1329 1366 1393 1386 non
1423 1366 1467 1393 se,
1496 1357 1551 1386 sed
1578 1366 1673 1396 quem
1699 1357 1778 1388 velit

1152 1399 1360 1437 legionarium
1373 1398 1509 1428 militem
1523 1399 1552 1436 8,
1567 1408 1613 1429 1ο.
1637 1399 1662 1428 si
1675 1398 1702 1429 is
1712 1409 1777 1430 non

1152 1441 1295 1479 moritur,
1311 1441 1387 1480 quid
1407 1440 1601 1478 faciendum,
1618 1440 1694 1472 ibid.
1725 1442 1778 1473 de-

1153 1486 1269 1514 vovent
1305 1493 1337 1513 se
1375 1482 1528 1522 primores
1556 1484 1779 1514 Romanorum

1152 1525 1399 1556 adventantibus
1422 1525 1528 1556 Gallis
1551 1532 1581 1564 5,
1603 1535 1654 1564 41.
1683 1526 1778 1558 devo-

1153 1568 1255 1598 ventis
1270 1569 1372 1598 forma
1387 1568 1418 1606 8,
1434 1577 1463 1609 9.
1491 1577 1538 1605 10,
1555 1568 1603 1599 28.

1111 1610 1307 1651 Deuriopus,
1324 1610 1485 1642 Paeoniae
1500 1610 1584 1651 regio
1601 1619 1652 1653 39,
1668 1618 1719 1651 53.

1110 1654 1341 1693 Dexagoridas,
1357 1653 1538 1693 proditurus
1554 1654 1711 1685 Romanis
1727 1664 1778 1685 ur-

1150 1697 1224 1727 bem
1248 1696 1419 1736 Gythium,
1445 1696 1634 1727 interficitur
1654 1707 1674 1728 a
1697 1697 1778 1728 Gor-

1151 1749 1234 1778 galffi
1250 1748 1303 1777 34-
1319 1749 1367 1780 29·

1111 1781 1216 1812 Dialis
1231 1782 1349 1812 flamen
1369 1791 1395 1820 1,
1413 1791 1461 1813 20.
1486 1780 1536 1820 26,
1553 1791 1602 1822 23.
1634 1781 1664 1813 ei
1678 1792 1778 1813 unam

1152 1828 1280 1855 noctem
1300 1827 1390 1854 extra
1411 1825 1524 1854 urbem
1545 1835 1674 1855 manere
1689 1825 1779 1856 nefas

1154 1875 1183 1906 5,
1201 1877 1250 1905 52.
1277 1867 1345 1897 iure
1361 1866 1527 1897 sacerdotii
1543 1866 1718 1907 ingreditur
1731 1877 1778 1898 se-

1153 1914 1265 1940 natum
1289 1917 1339 1949 27,
1359 1910 1388 1940 8.
1420 1909 1523 1940 iurare
1549 1909 1582 1940 in
1606 1910 1692 1949 leges
1713 1920 1778 1941 non

1154 1956 1257 1992 potest
1275 1961 1326 1991 31,
1343 1961 1392 1991 50.
1417 1952 1522 1983 Dialis
1537 1962 1621 1992 apex
1637 1952 1667 1990 6,
1684 1962 1733 1990 41.

1112 1994 1220 2025 Diana
1243 1995 1385 2034 Ephesia
1409 2004 1436 2032 1,
1456 2002 1505 2033 45.
1537 1994 1664 2026 Dianae
1683 1995 1778 2025 aedes

1154 2041 1228 2068 vota
1249 2047 1300 2079 39,
1318 2047 1344 2068 2.
1375 2037 1522 2067 dedicata
1537 2046 1588 2074 40,
1606 2044 1655 2075 52.
1686 2037 1778 2068 lucus

1154 2088 1205 2119 27,
1221 2091 1249 2118 4.
1279 2080 1437 2119 templum
1453 2079 1486 2109 in
1503 2079 1663 2109 Aventino
1682 2089 1710 2118 1,
1725 2087 1776 2118 45.

1153 2122 1260 2162 Abydi
1285 2131 1336 2161 31,
1365 2129 1411 2161 17.
1446 2121 1626 2152 Heracleae
1650 2120 1701 2160 36,
1728 2131 1776 2154 22.

1152 2165 1270 2195 Aulide
1281 2172 1331 2202 45,
1343 2172 1391 2203 27.
1411 2163 1538 2194 Dianae
1549 2163 1680 2204 insignis
1691 2174 1776 2204 mag-

1151 2207 1303 2237 nitudinis
1326 2208 1383 2236 bos
1405 2206 1590 2236 immolatur
1609 2216 1636 2244 1,
1652 2214 1702 2246 45.
1733 2207 1776 2238 le-

1151 2248 1348 2279 ctisternium
1373 2248 1502 2288 ponitur
1524 2256 1554 2287 5,
1580 2258 1626 2288 13.
1652 2259 1703 2287 22,
1729 2259 1776 2281 10.

1150 2291 1267 2321 festum
1289 2301 1346 2330 per
1365 2291 1507 2322 triduum
1523 2291 1627 2331 agitur
1643 2292 1776 2332 Syracu-

1151 2333 1192 2363 sis
1219 2343 1269 2372 25,
1295 2343 1342 2372 23.
1382 2334 1508 2364 Dianae
1535 2334 1778 2375 Amarynthidis

1151 2386 1274 2406 sacrum
1297 2376 1543 2406 anniversarium
1565 2376 1709 2408 Eretriae
1724 2384 1776 2416 35,

1152 2419 1203 2457 38.
1228 2418 1366 2456 Dianae,
1381 2428 1478 2458 quam
1495 2419 1702 2459 Tauropolon
1723 2429 1776 2450 vo-

1152 2464 1236 2499 cant,
1252 2462 1363 2492 fanum
1379 2460 1570 2501 Amphipoli
1585 2473 1637 2500 44,
1652 2472 1702 2500 44.

1110 2503 1267 2534 Dianium
1287 2514 1314 2542 1,
1330 2504 1380 2542 48.

1110 2546 1301 2577 Dicaearchi
1319 2545 1516 2577 Plataeensis
1530 2545 1650 2585 rogatio
1666 2555 1718 2585 33,
1735 2556 1764 2579 2.

1110 2589 1328 2619 Dicaearchus
1345 2589 1395 2628 38,
1413 2598 1461 2619 10.
1487 2589 1676 2619 Aetolorum
1691 2589 1775 2629 lega-

1150 2635 1213 2666 tus,
1246 2631 1384 2661 mittitur
1419 2631 1460 2661 ad
1495 2630 1703 2669 Antiochum,
1738 2636 1775 2663 ut

1151 2684 1224 2704 eum
1250 2673 1389 2703 concitet
1410 2673 1452 2703 ad
1471 2673 1594 2703 bellum
1611 2673 1706 2705 Rom.
1723 2683 1775 2713 35,

1155 2726 1200 2747 12.
1225 2726 1299 2746 eum
1315 2715 1374 2745 sibi
1386 2714 1460 2745 dedi
1476 2715 1618 2754 postulat
1630 2716 1690 2748 Μ’.
1701 2717 1775 2748 Aci-

1152 2758 1213 2788 lius
1229 2757 1374 2795 Glabrio,
1389 2767 1452 2788 cos.
1468 2756 1520 2796 36,
1538 2758 1586 2789 28.

1110 2800 1258 2832 Dictator
1280 2800 1402 2839 primus
1423 2800 1504 2840 quis,
1518 2810 1582 2830 non
1604 2800 1680 2832 satis
1701 2811 1773 2832 con-

1151 2847 1213 2874 stat
1229 2853 1258 2881 2,
1278 2843 1323 2873 18.
1352 2842 1420 2873 sine
1437 2843 1662 2882 provocatione
1679 2854 1708 2882 2,
1724 2853 1774 2885 29.

1152 2896 1181 2926 3,
1199 2895 1246 2916 20.
1277 2885 1352 2916 belli
1376 2896 1471 2916 causa
1493 2885 1597 2916 dictus
1615 2898 1646 2925 4,
1664 2885 1712 2918 26.
1745 2894 1774 2926 7,

1150 2939 1170 2969 9
1191 2932 1222 2959 ct
1248 2938 1294 2959 11.
1332 2927 1413 2958 clavi
1437 2927 1553 2968 figendi
1576 2939 1671 2960 causa
1695 2936 1723 2968 7,
1744 2937 1772 2967 3.
