1888 3194
404 155 492 193 460
613 151 986 194 SYLLABUS
1028 150 1614 193 PRAECIPUARUM

545 248 730 284 ‘annum
779 243 1095 285 MDXXXV?
1136 243 1328 299 praefert.
1411 241 1617 283 Continet
1666 250 1808 283 autem

544 300 690 341 eadem
741 300 883 349 ferme,
936 315 1042 356 quae
1092 300 1348 365 praecedens
1398 299 1660 340 Frobeniana
1707 298 1808 340 anni

546 357 826 398 MDXXXI.
851 357 930 397 nisi
953 357 1099 412 quod
1090 373 1133 397 1n
1161 357 1271 398 hac
1261 373 1341 398 lam
1371 356 1553 413 primum
1580 363 1809 412 appareant

545 413 743 454 Rhenani
771 422 814 455 et
838 414 1045 455 Gelenii
1037 430 1079 454 m
1108 414 1277 455 Livium
1306 423 1456 463 notae3
1489 422 1532 455 et
1563 412 1678 469 quod
1706 411 1809 454 Gla-

542 471 657 511 reani
682 471 969 526 Chronologia
993 471 1075 512 ab
1065 486 1155 527 1pso
1180 472 1406 527 recognita,
1430 470 1591 512 auctior
1616 469 1806 526 prodeat,

542 542 567 568 a
588 528 717 569 Troia
737 537 857 583 capta
879 543 1009 583 usque
1031 528 1085 568 ad
1105 528 1385 569 Iustinianum
1411 527 1646 569 Caesarem.
1702 527 1808 568 'Tes-

544 593 656 625 tatur
686 585 856 639 insuper
888 584 1032 624 titulus
1062 584 1188 625 huius
1217 585 1325 634 libri,
1349 585 1563 626 historiam
1586 583 1808 626 Livianam

544 641 682 696 longe,
725 656 851 696 quam
892 656 1040 696 nuper,
1083 641 1423 682 emaculatiorem
1468 641 1650 697 prodire,
1692 640 1808 697 quod

543 713 656 738 nunc
678 697 849 737 demum
872 697 925 737 ad
947 706 1089 737 vetera
1109 697 1363 753 exemplaria
1383 697 1533 739 collata
1553 699 1619 740 sit.

417 756 540 796 1537.
574 753 776 809 Lugduni
799 763 999 809 quattuor
1019 753 1314 803 voluminibus,
1337 755 1379 794 in
1402 755 1533 795 forma
1554 754 1775 810 octuplice.

602 810 814 851 Recenset
847 810 955 851 hanc
988 811 1218 851 editionem
1248 810 1463 851 Maittaire
1497 821 1598 852 tom.
1628 810 1685 853 V.
1715 812 1808 852 An-

542 867 624 909 nal.
661 868 849 924 Typogr.
886 877 992 923 part.
1032 867 1090 908 II.
1126 883 1167 923 p.
1202 871 1270 909 22.
1305 883 1352 908 ac
1388 876 1576 918 testatur,
1610 883 1808 910 excusam

543 940 631 965 esse
684 925 914 980 ‘Lugduni
955 925 1068 980 apud
1108 924 1309 966 haeredes
1353 924 1534 966 Simonis
1573 924 1805 968 Vincentii.

543 987 555 1005 ‘
572 981 972 1023 M.D.XXXV11.’
1022 982 1238 1023 continere
1294 990 1434 1023 autem
1495 982 1622 1023 etiam
1673 981 1808 1024 Notas

545 1038 757 1080 Glareani.
824 1038 955 1087 Quod
1004 1039 1037 1080 si
1082 1054 1226 1080 verum
1278 1048 1352 1089 est,
1396 1039 1500 1081 haec
1545 1039 1681 1095 prima
1729 1039 1808 1081 erit

544 1095 753 1137 Notarum
773 1095 972 1137 Glareani
994 1096 1136 1137 editio.
1200 1096 1288 1137 Alii
1309 1106 1450 1137 tamen
1471 1105 1689 1146 testantur,
1711 1112 1808 1153 pro-

542 1153 667 1194 diisse
690 1169 785 1194 eum
809 1153 1168 1194 Annotationibus
1191 1153 1389 1195 Rhenani
1410 1163 1452 1195 et
1477 1153 1660 1204 Gelenii,
1682 1164 1726 1195 et
1749 1154 1808 1195 ita

542 1210 647 1251 forte
670 1211 748 1251 erit
769 1210 930 1260 eadem,
954 1220 1079 1266 atque
1102 1211 1185 1260 illa,
1209 1226 1316 1266 quae
1339 1226 1438 1252 mox
1458 1210 1660 1266 sequitur.

417 1268 542 1310 1537.
577 1267 793 1323 Lugduni,
817 1267 860 1307 in
881 1268 1013 1308 forma
1033 1268 1254 1324 octuplice.

602 1324 726 1365 Hanc
748 1324 978 1365 editionem
1007 1325 1140 1366 refero
1163 1324 1244 1365 fide
1268 1324 1446 1366 Fabricii
1475 1325 1519 1365 in
1542 1324 1807 1367 Bibliotheca

543 1381 721 1430 Latina3
751 1381 821 1422 ubi
843 1390 1030 1431 testatur,
1054 1397 1145 1422 eam
1167 1382 1367 1437 prodiisse
1390 1397 1443 1422 ex
1465 1381 1807 1424 Trechseliorum

542 1439 719 1488 officina,
743 1447 784 1479 et
806 1439 1021 1480 continere
1046 1439 1244 1479 Rhenani
1266 1454 1313 1479 ac
1338 1438 1508 1480 Gelenii
1530 1438 1679 1482 Notas.

416 1499 539 1538 1537.
574 1495 849 1544 Francofurti,
872 1496 916 1535 in
937 1496 1070 1536 forma
1090 1495 1311 1551 octuplice.

601 1552 720 1593 Haec
748 1552 878 1593 editio
906 1562 1161 1594 memoratur
1191 1554 1235 1593 in
1265 1552 1542 1594 bibliothecae
1568 1552 1805 1594 Crenianae

546 1608 750 1664 Catalogo
771 1625 812 1665 p.
839 1613 906 1651 68.

416 1671 538 1709 1538.
571 1667 740 1707 Parisiis
762 1667 874 1722 apud
896 1666 1196 1716 Vaseosanum,
1220 1667 1265 1707 in
1285 1667 1417 1708 forma
1437 1666 1725 1723 quadruplice.

600 1723 652 1764 In
683 1739 768 1764 una
797 1724 1052 1765 bibliotheca
1081 1724 1288 1765 Hulsiana
1319 1733 1417 1766 tom.
1447 1723 1506 1765 II.
1537 1738 1652 1765 num.
1676 1726 1802 1768 5535.

540 1781 648 1822 hanc
685 1781 915 1822 editionem
956 1790 1228 1822 memoratam
1269 1781 1452 1831 invenio,
1490 1781 1562 1822 ubi
1602 1781 1804 1837 prodiisse

539 1838 694 1879 dicitur
733 1854 785 1879 ex
828 1838 1106 1895 typographia
1141 1838 1384 1888 Vascosani,
1422 1847 1465 1879 et
1504 1847 1587 1879 tres
1627 1837 1805 1880 decadas

540 1896 771 1937 continere.

418 1956 536 1994 1539.
572 1952 760 1995 Basileae
782 1968 836 1993 ex
858 1953 1023 1993 officina
1045 1952 1324 2008 Hervagiana,
1348 1952 1391 1992 in
1412 1952 1544 1993 forma
1564 1951 1724 1993 maiori.

599 2010 743 2051 Editio
769 2009 871 2050 haec
900 2009 1048 2050 eadem
1076 2009 1279 2058 continet,
1303 2024 1409 2064 quae
1433 2008 1683 2050 Basileensis
1704 2008 1803 2050 Fro-

539 2067 720 2108 beniana
740 2066 840 2107 anni
864 2067 961 2107 MD
971 2067 1167 2107 XXXV

413 2127 536 2165 1540.
570 2123 819 2178 Lugduni,
811 2139 854 2163 1n
875 2123 1011 2163 forma
1032 2122 1200 2163 maiore.

597 2180 862 2221 Memoratur
885 2180 988 2220 haec
1014 2179 1143 2219 editio
1169 2179 1213 2219 in
1235 2178 1382 2219 Indice
1404 2179 1639 2220 editionum
1662 2179 1803 2221 Livia-

537 2252 684 2277 narum
710 2236 887 2277 Hearnii
908 2244 951 2276 et
974 2235 1141 2277 Clerici.

412 2297 535 2335 1540.
570 2293 771 2342 Basileae,
795 2293 838 2333 in
858 2293 991 2333 forma
1011 2293 1182 2334 maiore,

597 2350 722 2390 Hanc
755 2350 986 2390 editionem
1018 2365 1114 2390 cum
1145 2348 1270 2390 Notis
1295 2348 1496 2391 Glareani
1529 2357 1801 2391 memoratam

539 2407 625 2448 vidi
656 2407 700 2447 in
731 2406 983 2448 bibliotheca
1013 2406 1394 2448 Mallinckrotiana.
1456 2406 1671 2448 Fabricius
1701 2422 1800 2448 vero

536 2464 581 2504 in
618 2463 818 2505 Biblioth.
855 2463 995 2505 Latin.
1031 2472 1220 2513 testatur,
1255 2463 1391 2505 Henr.
1425 2463 1561 2505 Loriti
1596 2463 1799 2505 Glareani

538 2521 674 2562 Notas
704 2521 747 2561 in
770 2520 939 2561 Livium
965 2519 1118 2562 Carolo
1139 2521 1289 2577 quinto
1311 2520 1558 2577 Imperatori
1582 2520 1800 2577 inscriptas

536 2593 638 2627 esse,
667 2593 764 2619 cum
789 2577 1075 2634 Chronologia
1104 2578 1300 2619 historiae
1323 2578 1541 2619 Romanae
1572 2579 1798 2633 recognita,

536 2651 647 2676 anno
676 2634 874 2676 MDXL.
898 2635 943 2675 in
971 2635 1103 2676 forma
1135 2636 1302 2676 maiore.
1367 2634 1522 2676 Utrum
1542 2649 1642 2676 vero
1673 2634 1799 2685 solae,

537 2708 591 2734 an
621 2692 745 2733 simul
776 2707 872 2733 cum
901 2692 1024 2733 Livio
1056 2692 1300 2757 prodierint,
1334 2706 1413 2733 nec
1446 2691 1531 2741 ubi,
1562 2691 1629 2733 vel
1660 2707 1685 2732 a
1714 2707 1800 2756 quo

537 2749 799 2806 typographo
839 2764 1017 2790 excusae
1058 2749 1153 2799 sint,
1195 2748 1351 2790 retulit.
1427 2747 1581 2805 Neque
1622 2748 1800 2790 certiora

536 2807 688 2848 referre
729 2821 911 2862 possum,
953 2821 1085 2862 quum
1126 2806 1357 2848 editionem
1398 2805 1523 2847 huius
1568 2806 1668 2847 anni
1711 2820 1799 2846 non

536 2864 725 2906 viderim.
788 2863 839 2905 Id
873 2879 924 2904 ex
957 2863 1158 2905 Glareani
1186 2863 1451 2905 Praefatione
1485 2863 1538 2905 ad
1570 2862 1798 2904 Caesarem
