1888 3194
372 188 454 226 508
655 183 1000 225 VARIETAS
1048 182 1481 224 LECTIONUM

369 273 748 315 sciebat.—Ibid.
784 273 900 329 vere]
938 273 1253 315 vera.—Ibid.
1288 288 1364 314 nec
1395 278 1682 327 provocantes
1711 273 1764 314 de

372 331 674 372 controversiis
708 331 768 371 ad
801 331 1154 386 disceptationem
1181 330 1338 385 populi
1374 330 1543 370 Roman
1578 327 1761 384 audivit]

370 403 446 428 nec
467 388 706 441 provinciis
726 388 779 428 de
800 388 1085 428 controversis
1106 388 1166 426 ad
1185 387 1540 442 disceptationem
1557 386 1765 441 populum

371 445 610 485 Romanum
659 445 811 485 adivit.
830 468 886 474 —-
907 445 1016 485 Ibid.
1069 443 1272 497 escendit]
1325 442 1763 484 adscendit.—-Ibid.

370 501 504 555 noxa]
546 502 693 542 noxia.
711 501 893 541 *Ibid.
933 500 1158 554 interfluit]
1202 501 1405 541 interluit.
1423 500 1611 541 -Ibid.
1651 499 1766 540 redi-

367 558 521 613 gatur]
552 559 787 612 dirigatur.
805 558 986 611 —Cap.
1016 558 1083 597 ¹²4.
1107 556 1273 610 Archo]
1307 556 1437 597 Arco.
1454 556 1639 597 —Ibid.
1656 556 1766 611 fac-

372 621 494 656 turus
528 615 639 670 fuer
642 614 693 668 it]
729 615 941 668 facturus
976 613 1147 667 ficerat.
1171 636 1225 642 -
1248 613 1360 653 Ibid.
1404 614 1585 662 Persea,
1630 627 1765 668 regno

373 678 565 726 accepto,
609 672 777 725 legatos
816 670 999 710 Romam
1039 669 1219 718 misisse,
1263 683 1315 710 ac
1355 684 1500 724 regem
1540 685 1567 710 a
1602 670 1765 725 populo

372 729 566 769 Romano
598 726 885 782 appellatum]
918 726 1098 775 Persea,
1130 740 1264 780 regno
1296 732 1489 780 accepto,
1512 727 1573 767 ad
1600 727 1766 780 legatos

372 785 591 825 Romanos
626 783 804 829 venisse,
840 797 894 823 ac
933 797 1077 837 regem
1113 782 1278 822 Persea
1314 797 1341 822 a
1368 782 1535 837 populo
1569 783 1765 823 Romano

373 841 651 895 adpellatum.
670 839 854 880 -Ibid.
890 839 977 880 Sed
1004 838 1148 892 simus]
1183 839 1271 880 Sed
1298 853 1451 879 sumus.
1469 837 1649 879 ——lbid.
1681 839 1767 880 dis-

371 896 523 951 sertio]
558 896 753 938 desertio.
773 895 956 937 -Ibid.
995 896 1179 937 triduum
1211 910 1286 936 nos
1319 896 1362 937 in
1394 895 1576 936 concilio
1597 895 1764 950 fuisse]

373 955 558 994 triduum
590 953 634 994 in
666 953 847 994 concilio
864 953 1050 1007 suimus.
1073 975 1129 982 -
1149 952 1261 993 Ibid.
1295 951 1440 1006 Nihil]
1474 952 1693 994 Nonnihil.
1712 975 1768 982 -—

374 1010 486 1050 Ibid.
508 1010 706 1065 faceret]
727 1010 919 1064 fecerat.
938 1033 993 1039 -—
1012 1009 1122 1051 Ibid.
1158 1015 1199 1050 et
1230 1009 1404 1063 invisos]
1437 1024 1491 1050 ac
1522 1009 1695 1050 invisos.
1711 1031 1768 1039 —

374 1067 484 1108 Ibid.
514 1068 556 1107 in
577 1081 707 1122 pace,
729 1067 900 1108 etiamsi
930 1081 1011 1107 non
1027 1067 1258 1119 finiuntur,
1284 1066 1384 1106 odia
1408 1066 1765 1120 intermittantur]

373 1125 417 1165 777
441 1138 559 1179 pace
590 1124 732 1173 etiam,
767 1123 806 1164 si
837 1138 916 1163 77077
950 1123 1052 1163 odia
1070 1124 1302 1178 finiuntur,
1340 1123 1688 1164 intermittantur.
1709 1147 1768 1153 -

373 1181 487 1222 Ibid.
524 1181 691 1222 assensi
723 1179 863 1233 erant]
906 1181 1216 1221 adsentierant.
1234 1180 1414 1232 —Cap.
1451 1181 1519 1222 2.5
1564 1178 1764 1235 benigna]

375 1239 566 1293 benigne.
583 1237 764 1278 -Ibid.
802 1237 994 1277 indutiae
1032 1236 1210 1289 tantum]
1247 1236 1445 1278 induciae
1478 1243 1520 1277 et
1551 1243 1693 1278 antea.
1710 1259 1767 1266 —-

375 1295 481 1348 Cap.
505 1296 572 1336 26.
598 1293 773 1349 paucis]
803 1308 856 1333 ac
880 1294 1050 1348 paucis.
1066 1318 1123 1321 ——
1141 1292 1253 1334 Ibid.
1277 1293 1504 1348 utrimque]
1533 1299 1764 1348 utrumque.

372 1351 553 1392 *Ibid.
585 1351 741 1404 sicubi]
773 1351 921 1391 secuti.
941 1350 1124 1391 ——Ibid.
1150 1349 1414 1405 irruperunt]
1448 1357 1692 1415 eruperunt.
1711 1374 1768 1381 —·

375 1409 483 1462 Cap.
507 1409 576 1449 27.
600 1407 726 1461 votis]
757 1408 867 1447 70773
888 1408 1031 1447 etiam.
1050 1406 1235 1447 —Ibid.
1259 1406 1465 1461 ipsorum]
1496 1413 1538 1447 et
1562 1407 1765 1462 ipsorum.

376 1489 430 1493 -—
447 1465 558 1506 Ibid.
580 1463 826 1517 Ρο767777776]
850 1463 1106 1505 Pollentiae.

433 1522 533 1562 Lm.
559 1521 708 1562 XLII.
743 1517 849 1574 Cap.
880 1521 913 1561 l.
937 1518 1244 1585 deverteretur]
1268 1520 1565 1561 diverteretur.
1581 1519 1764 1561 —Ibi<1.

375 1578 555 1632 deverti]
580 1578 818 1618 (1776777.-
835 1576 943 1630 Cap.
965 1579 1003 1618 2.
1028 1577 1100 1630 9777
1124 1576 1248 1630 editi]
1275 1591 1385 1631 quae
1412 1577 1567 1618 editae.
1585 1577 1764 1633 —Cap.

375 1652 415 1675 ).
440 1636 479 1675 67
498 1635 672 1691 templo]
695 1650 741 1675 se
762 1635 931 1688 templo.
948 1656 1005 1663 —-
1022 1633 1134 1674 Ibid.
1157 1648 1235 1674 eae
1257 1633 1447 1689 tegulae]
1476 1634 1558 1675 leae
1579 1635 1765 1689 tegulae.

374 1715 427 1721 --
445 1692 551 1746 Cap.
575 1694 614 1733 4.
647 1698 691 1732 ut
714 1691 765 1732 P.
785 1691 945 1732 Furius
972 1690 1101 1744 idem]
1127 1691 1176 1730 P.
1196 1691 1355 1731 Furius
1383 1690 1506 1731 idem.
1524 1690 1701 1745 -Cap.
1725 1693 1766 1733 5.

375 1764 559 1804 magnae
581 1747 749 1804 partis]
779 1763 937 1803 magna
962 1762 1016 1788 ex
1038 1753 1182 1804 parte.
1200 1747 1384 1788 *Ibid.
1408 1749 1469 1787 ad
1489 1749 1769 1802 spernendum

376 1806 603 1860 originem]
645 1806 705 1846 ad
740 1806 1022 1859 spernendam
1063 1805 1286 1860 originem.
1305 1804 1490 1845 —Ibid.
1527 1819 1583 1845 ex
1623 1811 1769 1846 conta-

369 1862 518 1917 gione]
559 1878 611 1903 ea
647 1862 911 1916 contagione.
929 1861 1112 1902 ——Ibid.
1149 1860 1273 1916 quos]
1312 1876 1434 1915 quas.
1457 1885 1514 1890 —-
1535 1860 1646 1903 Ibid.
1689 1862 1769 1904 Co-

374 1919 557 1974 7777717773]
587 1919 846 1960 Corinthum.
864 1918 1050 1959 ——Ibid.
1073 1917 1282 1971 6077067777]
1314 1918 1576 1959 convenitur.
1593 1918 1765 1973 —Cap.

375 1977 414 2016 6.
439 1991 564 2031 quam
589 1977 650 2017 ad
673 1975 800 2040 diem]
828 1976 974 2031 quoad
998 1975 1121 2016 diem.
1140 1975 1317 2028 —Cap.
1342 1975 1382 2015 8.
1391 1975 1533 2029 fieri,·
1564 1989 1640 2015 nec
1667 1982 1769 2017 ante

375 2033 603 2086 eonsulem]
635 2033 740 2088 fieri
780 2033 824 2072 777
864 2046 917 2072 ea
953 2037 1098 2086 gente.
1141 2032 1366 2072 consulem.
1388 2030 1577 2071 -Ibid.
1622 2031 1766 2086 quam]

375 2105 514 2144 97777777.
529 2089 704 2142 —Cap.
720 2090 760 2129 9.
786 2087 942 2141 tamen]
965 2089 1145 2129 tandem.
1164 2088 1356 2141 -Cap
1365 2088 1427 2128 10.
1451 2093 1492 2127 67
1513 2087 1670 2141 07777763]
1692 2090 1772 2129 sed

376 2162 528 2187 omnes.
545 2170 603 2175 —
618 2146 731 2187 Ibid.
754 2145 792 2186 37
814 2146 918 2200 quid
937 2144 1229 2197 decernerent]
1252 2144 1290 2184 37
1312 2144 1384 2198 9777
1406 2144 1693 2185 decernerent.
1711 2168 1769 2174 ——

375 2202 487 2243 Ibid.
525 2203 569 2243 in
608 2201 795 2256 incepto]
837 2202 882 2241 in-
923 2207 1086 2255 coepto.
1105 2200 1290 2241 ——Ibid.
1323 2200 1388 2241 rei
1419 2200 1646 2255 publicae]
1684 2203 1768 2243 rei-

367 2259 587 2313 publicae.
606 2258 786 2310 -Cap.
830 2259 893 2297 12.
937 2263 1066 2311 atque
1106 2255 1267 2310 oranti]
1315 2272 1368 2297 ac
1408 2258 1562 2297 07777777.
1580 2257 1765 2299 —Ibid.

371 2314 555 2369 petisse]
586 2315 780 2369 petiisse.
798 2313 976 2366 —Cap.
1011 2314 1072 2353 13.
1112 2313 1260 2353 bellum
1284 2313 1489 2367 pararet]
1529 2314 1693 2355 bellum.
1710 2339 1769 2344 —

374 2371 486 2412 Ibid.
520 2369 846 2422 Arthetaurum]
878 2368 1141 2410 Δι’-7670777777.
1164 2369 1352 2411 —Ibid.
1406 2370 1557 2411 bellum
1602 2371 1765 2436 intulit]

377 2429 488 2468 bella
510 2427 665 2467 intulit.
682 2449 737 2455 —
755 2426 861 2479 Cap.
893 2426 952 2465 14.
972 2426 1152 2480 ferocia
1182 2426 1332 2481 nimia]
1350 2426 1532 2480 ferocia
1552 2428 1694 2468 animi.

376 2484 489 2525 Ibid.
537 2498 618 2524 non
659 2481 931 2536 contigisset]
984 2483 1451 2537 contigisset.——Cap.
1498 2485 1562 2525 15.
1604 2491 1767 2539 quanta

375 2539 584 2591 maxima]
625 2545 784 2594 quanta
827 2539 998 2580 eximia.
1021 2564 1078 2568 —
1099 2540 1209 2580 lbid.
1251 2539 1548 2594 excensurum]
1592 2542 1767 2582 adscen-

373 2613 528 2638 surum.
551 2621 606 2625 —
629 2595 741 2636 lbid.
785 2595 1062 2650 Praegressi]
1106 2597 1352 2651 Progressi.
1377 2620 1435 2625 ---
1454 2596 1564 2637 Ibid.
1602 2597 1768 2639 Escen-

376 2652 587 2706 dentibus]
622 2652 1002 2693 Adscendentibus.
1021 2652 1206 2694 —Ibich
1238 2652 1471 2704 exstantis]
1503 2659 1692 2695 exstans.
1709 2678 1769 2685 —-

374 2711 484 2752 Ibid.
508 2708 708 2764 derupta]
732 2710 887 2749 clz‘mta.
905 2709 1089 2749 -Ibid.
1113 2709 1250 2750 altero
1271 2710 1493 2756 liumerus5
1517 2710 1768 2766 sopitusque

378 2783 434 2807 ex
455 2767 606 2808 semita
622 2766 809 2821 proclivi
829 2766 914 2806 77777
936 2766 978 2805 777
1000 2765 1177 2819 declive]
1204 2766 1341 2806 altem
1366 2767 1563 2807 humerus
1583 2768 1765 2822 sopitus.

376 2839 431 2865 ex·
460 2824 613 2865 semita
636 2821 827 2877 proclivi
860 2823 904 2863 in
939 2823 1113 2863 declize.
1131 2822 1310 2877 -—-Cap.
1350 2823 1414 2863 16.
1450 2823 1650 2878 circuitu]
1683 2825 1768 2866 cir-

376 2881 544 2924 cumitu.
560 2879 742 2920 —lbid.
786 2893 840 2920 ex
890 2879 1153 2934 comprenso]
1207 2893 1466 2935 comprenso.
1484 2880 1668 2922 —Ibid.
1711 2880 1767 2922 ab
