1888 3194
660 197 952 236 INDEX.

116 275 353 308 Suovetaurilia
378 283 406 314 1,
423 285 475 314 44.
501 273 540 304 iis
562 271 709 303 lustravit
730 282 784 302 ex-

158 319 293 350 ercitum
320 319 353 348 in
375 325 492 356 campo
514 315 635 347 Martio
658 313 786 345 Servius

158 362 299 399 Tullius,
309 360 386 391 ibid.
401 357 669 389 suovetaurilibus
684 356 785 388 Marti

157 404 323 444 piaculum
338 402 460 432 factum
475 400 508 438 8,
526 409 573 430 10.

116 445 306 487 Superstitio
322 448 455 474 externa
469 452 612 482 repressa
627 452 657 480 4,
674 450 723 480 30.

115 488 306 529 Supplicare
333 485 488 522 coronati,
517 489 550 515 et
581 485 722 515 lauream
750 483 784 514 in

157 541 256 562 manu
292 533 450 565 tenentes,
486 528 637 558 iubentur
673 537 785 557 ornnes

158 572 327 604 duodecim
343 571 435 602 annis
450 570 586 601 maiores
602 580 654 608 40,
671 577 720 609 37.

115 615 375 657 Supplicationes
398 614 440 645 ad
464 613 573 644 omnia
597 613 731 643 delubra
755 620 786 650 3,

159 666 187 698 7.
221 659 357 689 duorum
390 657 557 688 consulum
592 655 722 686 nomine
753 655 786 685 in

156 711 257 732 unum
283 701 369 732 diem
393 698 444 738 63.
471 699 503 730 in
525 699 730 738 quatriduum
756 705 786 736 5,

158 753 209 784 23.
237 744 277 774 ob
298 753 364 774 rem
387 743 470 773 bene
491 747 612 782 gestam
636 741 787 771 adversus

157 786 319 818 Samnites
346 795 395 823 10,
418 795 466 816 21.
490 785 524 815 in
548 785 695 822 biduum,
716 793 786 824 pro-

157 829 315 870 digiorum
345 827 657 859 averruncandorum
691 835 787 857 causa

160 881 210 911 23.
248 882 304 912 per
336 881 437 902 unum
472 870 558 901 diem
588 868 784 908 Aesculapio

157 914 270 946 habita
306 922 356 954 47.
400 913 478 944 belli
515 911 788 952 CarthaginIensis

158 967 255 988 causa
276 966 327 995 21,
347 964 393 996 17.
420 966 470 994 22,
490 965 536 987 10.
565 965 623 996 per
644 954 787 985 triduum

157 1000 200 1031 ad
229 1000 338 1031 omnia
364 998 546 1039 pulvinaria
574 1007 624 1035 22,
651 1007 677 1029 1.
710 997 786 1028 For-

157 1047 257 1074 tunae
278 1043 310 1073 iu
328 1042 445 1082 Algido
462 1051 513 1079 21,
529 1039 580 1072 62.
607 1040 649 1071 ad
671 1040 786 1071 aedem

159 1085 324 1123 Herculis,
345 1085 421 1116 ibid.
445 1083 698 1124 supplicationes
720 1092 786 1113 om-

157 1128 252 1159 nibus
268 1128 352 1166 Diis,
367 1137 503 1167 quorum
524 1125 704 1167 pulvinaria
721 1125 786 1156 Ro-

157 1180 231 1202 mae
251 1175 337 1208 sunt,
352 1170 493 1201 indictae
514 1179 565 1207 24,
585 1179 632 1200 10.
655 1168 698 1199 ad
720 1177 786 1198 om-

157 1213 212 1244 nia
237 1214 371 1245 delubra
399 1222 446 1243 ιι.
479 1213 520 1242 ad
547 1211 656 1242 omnia
681 1210 785 1250 pulvi—

157 1256 248 1287 naria
269 1264 320 1295 27,
341 1266 361 1294 4
381 1258 414 1286 et
439 1264 485 1286 11.
508 1254 549 1285 cf.
570 1257 603 1284 et
628 1260 678 1292 25,
704 1261 731 1292 7.
752 1253 785 1283 in

156 1309 258 1330 unum
279 1299 364 1329 diem
388 1305 438 1338 27,
463 1306 479 1337 7
501 1302 533 1328 et
556 1305 605 1336 37.
629 1306 687 1336 per
701 1305 786 1326 com-

158 1341 238 1382 pita,
253 1345 322 1372 tota
341 1341 420 1372 urbe
437 1349 488 1379 23.
510 1340 543 1370 in
565 1339 720 1377 triduum,
737 1348 786 1369 ce-

158 1385 300 1415 lebratae
322 1394 342 1414 a
364 1383 438 1414 viris
460 1382 651 1422 feminisque
674 1389 724 1421 51.
752 1380 786 1411 in

158 1426 364 1467 quatriduum
390 1435 441 1468 29,
471 1435 518 1464 14.
551 1433 604 1464 30,
634 1434 646 1454 1
677 1428 709 1455 et
739 1431 786 1463 17.

158 1480 217 1510 per
241 1469 383 1510 quinque
409 1468 477 1499 dies
507 1477 560 1507 30,
587 1476 636 1498 21.
670 1467 703 1497 in
733 1466 787 1497 tri-

158 1513 272 1549 duum,
288 1513 329 1543 ob
349 1511 469 1542 victum
494 1510 715 1541 Hannibalem
736 1519 786 1548 40.

159 1556 200 1586 ob
223 1555 346 1586 bellum
371 1554 525 1594 Philippo
548 1553 712 1584 decretum
736 1561 788 1591 31,

159 1599 179 1629 8
189 1602 221 1629 et
232 1608 262 1640 9.
279 1599 320 1629 ob
334 1597 499 1628 victoriam
512 1597 552 1627 de
564 1595 670 1627 Gallis
681 1605 787 1635 repor-

159 1645 261 1672 tatam
280 1650 329 1672 22.
357 1641 398 1670 ob
415 1639 595 1680 prodigium
613 1648 665 1678 32,
682 1647 693 1668 1
709 1642 741 1668 et
756 1648 787 1680 9.
814 1671 817 1673 ,

159 1692 213 1723 35,
227 1693 276 1715 21.
298 1684 338 1714 ob
351 1693 399 1714 res
413 1683 495 1713 bene
507 1686 612 1722 gestas
624 1681 656 1712 in
668 1680 788 1719 Gallia,

159 1727 191 1757 in
219 1726 427 1766 quatriduum
456 1735 507 1764 32,
532 1734 581 1765 31.
613 1725 654 1754 ob
680 1734 729 1754 res
754 1723 789 1754 in

160 1769 328 1801 Thessalia
344 1769 425 1799 benc
440 1772 554 1808 gestas,
566 1767 598 1797 in
615 1767 683 1798 dies
698 1766 789 1806 quin-

159 1819 223 1852 que
245 1821 296 1853 33,
313 1821 363 1850 24.
390 1812 431 1841 ob
454 1821 503 1842 ies
527 1811 608 1841 bene
630 1814 734 1850 gestas
756 1809 788 1840 in

161 1855 336 1896 Hispania,
351 1854 383 1885 in
404 1854 546 1885 triduum
565 1861 617 1892 34,
634 1862 683 1884 21.
700 1852 739 1883 cf.
757 1856 789 1883 et

160 1907 213 1937 34,
229 1908 281 1937 4²-
306 1898 346 1927 ob
362 1901 464 1928 terrae
485 1900 592 1926 motus
608 1904 657 1935 55.
682 1896 723 1926 ob
742 1905 790 1926 res

159 1941 242 1972 bene
274 1945 379 1981 gestas
408 1940 559 1970 adversus
588 1937 787 1970 Antiochum

161 1982 213 2023 36,
245 1993 294 2015 21.
333 1983 365 2014 in
397 1983 539 2014 triduum
573 1981 606 2012 in
640 1981 789 2012 omnibus

160 2026 310 2067 compitis
327 2027 378 2066 38,
392 2024 440 2066 36.
462 2035 520 2066 pro
534 2024 718 2055 valetudine
734 2034 787 2063 po-

158 2069 242 2110 puli,
264 2069 296 2100 in
321 2068 463 2100 triduum
486 2079 538 2107 44.
573 2066 788 2108 prodigiorum

159 2122 256 2143 causa
279 2121 330 2153 39,
355 2110 404 2150 56.
437 2121 489 2150 40,
514 2121 542 2142 2.
575 2110 658 2141 eirca
681 2109 790 2140 omnia

159 2154 352 2195 pulvinaria,
367 2154 399 2185 in
416 2154 501 2184 diem
519 2163 619 2184 unum
636 2162 687 2192 40,
705 2162 741 2193 19
757 2155 789 2183 et

161 2197 211 2229 28.
232 2197 264 2228 in
282 2197 416 2228 biduum
433 2205 484 2236 37.
506 2197 547 2227 ob
560 2195 789 2236 pestilentiam,

159 2239 192 2271 in
208 2250 308 2272 unum
325 2239 410 2271 diem
428 2249 480 2277 41,
497 2238 545 2270 26.
569 2239 610 2269 ob
626 2238 788 2269 devictum

159 2282 314 2314 Perseum
331 2291 383 2322 45,
397 2291 423 2313 2.
446 2286 478 2313 et
491 2281 648 2313 Gentium
665 2290 694 2320 3.
715 2291 789 2320 sup-

161 2325 388 2366 plicationibus
403 2325 481 2355 ordo
496 2329 635 2355 statutus
653 2331 682 2363 7,
699 2324 748 2355 28.

118 2368 289 2409 Supplicia
314 2368 402 2408 apud
430 2368 597 2399 Romanos
622 2366 791 2398 mitissima

165 2420 192 2449 1,
210 2412 258 2443 28.

118 2454 310 2494 Supplicum
355 2452 490 2492 insignia
534 2452 667 2490 infulae,
705 2452 790 2482 vela·

160 2502 281 2534 menta,
307 2496 387 2527 rami
415 2496 518 2534 oleae,
542 2495 639 2525 vestis
663 2494 790 2525 sordida

160 2549 192 2578 2,
215 2549 265 2582 39·
296 2549 347 2577 24,
368 2548 419 2578 30·
444 2547 496 2577 25.
518 2546 565 2586 ²5·
592 2547 642 2579 29,
669 2535 715 2568 16·
739 2545 790 2576 37,

161 2584 211 2614 28.
234 2594 287 2622 44,
307 2592 355 2624 19.
378 2591 431 2622 45.
449 2590 498 2621 25.
520 2581 580 2612 vid.
598 2585 630 2611 et
647 2588 698 2619 35,
715 2588 765 2618 34.

118 2624 157 2658 P.
173 2626 266 2662 Sura,
288 2625 411 2665 legatus
435 2634 485 2662 22,
507 2633 557 2663 31.
580 2623 642 2654 vid.
663 2627 695 2654 et
714 2623 790 2654 Cor-

161 2668 266 2699 nelius
281 2668 447 2699 Lentulus.

119 2710 297 2783 Surrengini
312 2709 424 2751 populi
439 2709 594 2741 deficiunt
609 2709 650 2740 ad
666 2708 792 2739 Poenos

164 2762 215 2791 22,
258 2762 281 2783 1.

119 2796 181 2828 Sus
197 2798 383 2826 mansuetus
398 2794 491 2826 variis
511 2793 726 2826 condimentis
745 2805 791 2824 as-

161 2838 332 2869 simulatus
347 2837 467 2869 ferinae
483 2837 569 2868 carni
587 2847 639 2877 35,
656 2847 707 2878 49.

119 2882 220 2913 Susus
243 2880 476 2911 Phalasarneus
497 2881 563 2911 dux
587 2879 792 2912 Cretensium

163 2924 193 2954 in
211 2922 354 2955 exercitu
375 2922 482 2954 Persei
500 2932 552 2961 42,
569 2931 619 2961 51.

871 272 1036 304 obsidione
1072 282 1183 304 eorum
1220 272 1307 304 urbis
1343 272 1406 304 vid.
1440 272 1500 304 Su-

870 315 979 346 trium.

829 356 977 388 Sutrinus
991 368 1066 398 ager
1082 356 1134 396 26,
1150 367 1200 397 34.

829 399 985 437 Sutrium,
1009 400 1178 440 oppidum,
1203 397 1365 430 obsidetur
1391 403 1423 431 et
1450 410 1501 430 ca-

864 442 958 481 ·pitur
971 453 991 472 a
1007 442 1121 473 Tuscis
1136 441 1168 479 6,
1184 451 1212 481 3.
1237 441 1389 481 recipitur
1404 452 1422 472 a
1439 442 1502 473 Ca-

870 484 973 522 millo,
998 484 1074 515 ibid.
1102 485 1265 515 obsidetur
1290 484 1330 513 ab
1358 483 1502 514 Etruscis

870 537 899 568 9.
933 527 1097 560 liberatur.
1121 527 1197 558 ibid.
1231 526 1388 563 Sutrium,
1415 526 1501 556 clau-

871 574 971 600 strum
994 569 1154 606 Etruriae,
1169 570 1210 599 ab
1233 568 1378 599 Etruscis
1399 578 1501 608 oppu-

870 617 1003 652 gnatum
1026 622 1057 654 9,
1074 620 1112 651 32
1133 616 1165 642 et
1187 620 1236 651 35.
1254 611 1316 641 vid.
1335 615 1366 641 et
1387 619 1435 647 10,
1455 619 1502 647 14.

872 660 967 696 negat
992 655 1178 686 consulibus
1201 653 1322 684 milites
1347 657 1379 683 et
1406 662 1502 692 pecu-

872 698 958 728 niam
981 707 1030 738 27,
1046 708 1076 739 9.
1100 699 1140 729 de
1160 697 1222 727 hac
1242 706 1276 727 re
1297 699 1502 727 senatuscon-

873 741 992 772 sultum
1013 751 1064 782 29,
1083 749 1130 781 15.

831 783 970 824 Sybaris,
986 785 1062 814 urbs
1078 782 1129 822 26,
1146 792 1196 825 39.

831 826 1011 867 Sycurium,
1034 827 1109 857 urbs
1135 827 1193 856 sub
1219 824 1380 856 radicibus
1403 824 1504 856 Ossae

872 879 924 908 4²9
940 878 992 909 54⁹
1008 868 1059 908 56⁵
1076 877 1128 909 57³
1144 867 1183 900 6²
1201 872 1234 899 et
1249 867 1301 907 64·

832 912 975 952 Syleum,
993 913 1068 943 urbs
1084 912 1136 951 38,
1157 921 1203 950 14.

831 955 940 995 Syllus
956 955 1125 993 Gnossius,
1141 963 1193 992 42,
1211 963 1261 994 51.

831 998 994 1038 Synnada,
1010 998 1085 1028 urbs
1101 997 1154 1036 38,
1172 1005 1220 1036 15.
1244 1003 1295 1035 45,
1313 1005 1363 1036 34.

831 1041 980 1081 Synedri‚
1009 1040 1230 1072 Macedonum
1261 1043 1424 1070 senatores
1449 1045 1503 1078 45,

874 1093 924 1123 32.

831 1126 976 1167 Syphax,
999 1136 1055 1157 rex
1082 1124 1312 1163 Numidarum,
1337 1134 1357 1155 a
1381 1122 1503 1163 Scipio-

873 1169 966 1200 nibus
994 1168 1171 1210 appetstus,
1196 1167 1300 1208 iungit
1326 1165 1503 1197 amicitiam

873 1223 946 1243 cum
976 1211 1132 1243 Romanis
1161 1220 1213 1250 24,
1237 1211 1288 1248 48.
1321 1209 1459 1240 vincitur
1484 1219 1505 1239 a

873 1254 1045 1286 Masinissa
1067 1264 1118 1295 49.
1148 1253 1180 1284 in
1206 1253 1389 1285 Maurusios
1411 1251 1505 1292 fugit,

871 1297 948 1327 ibid.
973 1297 1040 1328 eius
1060 1297 1102 1327 ad
1119 1297 1286 1328 Romanos
1308 1294 1417 1335 legati,
1434 1304 1504 1334 pro-

872 1350 965 1380 spera
986 1349 1058 1370 cum
1076 1337 1394 1378 Carthaginiensibus
1415 1346 1504 1377 proe-

872 1383 917 1414 lia
939 1387 1156 1414 memorantes
1179 1389 1230 1420 27,
1249 1392 1278 1419 4.
1302 1380 1343 1410 ad
1365 1389 1439 1410 eum
1460 1378 1505 1409 vi-

873 1425 978 1456 cissim
1001 1428 1132 1456 senatus
1154 1424 1278 1464 legatos
1299 1422 1411 1459 mittit,
1427 1421 1504 1453 ibid.

873 1469 913 1499 ad
944 1478 1018 1500 eum
1057 1467 1166 1508 Scipio
1202 1466 1333 1506 navigat
1369 1465 1419 1503 28,
1456 1471 1503 1504 17.

873 1511 986 1542 eodem
1011 1515 1098 1541 tecto
1122 1509 1238 1550 recipit
1261 1507 1447 1548 Scipionem
1473 1510 1506 1538 et

875 1554 1114 1585 Hasdrubalem
1146 1552 1193 1584 18.
1226 1561 1299 1582 cum
1328 1560 1366 1581 eo
1393 1549 1507 1581 foedus

874 1596 930 1627 icit
946 1596 1068 1637 Scipio,
1082 1595 1159 1626 ibid.
1184 1594 1272 1625 ducit
1290 1592 1507 1624 Hasdrubalis

875 1639 975 1670 filiam
1002 1649 1053 1680 29,
1079 1648 1129 1678 23.
1162 1636 1306 1677 Scipioni
1330 1635 1506 1667 amicitiam

874 1681 1048 1719 renuntiat,
1068 1681 1144 1713 ibid.
1169 1680 1238 1711 eius
1260 1679 1413 1711 adversus
1433 1678 1505 1710 Ma-

874 1725 1018 1756 sinissam
1049 1724 1173 1755 bellum
1206 1731 1340 1765 29—33.
1375 1721 1407 1752 in
1438 1720 1507 1752 eius

875 1771 978 1799 castra
1009 1767 1098 1807 ignes
1127 1765 1303 1797 coniiciunt
1333 1764 1442 1804 Scipio
1473 1767 1506 1794 et

875 1810 1047 1843 Masinissa
1067 1818 1119 1848 30,
1143 1817 1171 1849 5.
1199 1808 1332 1849 Syphax
1355 1807 1507 1838 adversus

876 1853 1080 1884 Masinissam
1097 1856 1129 1883 et
1142 1851 1290 1883 Laelium
1305 1849 1414 1890 copias
1429 1849 1505 1880 edu-

876 1896 920 1927 cit
947 1906 993 1927 11.
1018 1894 1154 1935 capitur,
1170 1894 1246 1925 ibid.
1271 1893 1304 1924 in
1320 1897 1423 1924 castra
1439 1892 1504 1923 Ro-

874 1949 971 1970 mana
991 1938 1162 1969 abducitur
1185 1946 1230 1977 13.
1254 1936 1323 1967 eius
1343 1934 1444 1966 oratio
1464 1935 1506 1966 ad

875 1981 1072 2022 Scipionem,
1097 1980 1174 2012 ibid.
1205 1990 1225 2010 a
1248 1978 1361 2010 Laelio
1384 1977 1416 2008 in
1440 1977 1505 2008 Ita-

875 2025 951 2056 liam
968 2023 1138 2055 abducitur
1155 2031 1201 2063 17.
1225 2022 1346 2053 Tibure
1361 2020 1506 2058 moritur,

875 2072 908 2099 et
924 2067 1054 2108 publico
1069 2067 1181 2097 funere
1197 2066 1327 2096 effertur
1343 2072 1393 2102 45.

833 2110 1012 2151 Sypheum,
1037 2109 1239 2141 Bruttiorum
1263 2106 1432 2148 oppidum,
1453 2105 1506 2137 de-

877 2153 943 2184 ficit
958 2164 978 2184 a
994 2152 1112 2184 Poenis
1125 2152 1167 2183 ad
1184 2151 1350 2183 Romanos
1366 2158 1418 2189 30,
1438 2158 1485 2190 19.

834 2196 1010 2237 Syracusae
1034 2205 1085 2237 29.
1110 2204 1135 2226 1.
1158 2204 1265 2225 arcem
1287 2195 1425 2232 occupat
1442 2193 1508 2223 An-

876 2239 1075 2270 dronodorus
1102 2247 1154 2277 24,
1182 2246 1231 2268 21.
1266 2239 1339 2277 post
1369 2241 1507 2266 mortem

878 2281 1071 2322 Hieronymi
1096 2290 1232 2320 magnae
1257 2277 1421 2320 Syracusis
1443 2281 1507 2308 tur-

876 2326 947 2362 bae,
963 2325 1038 2355 ibid.
1056 2327 1088 2354 et
1106 2332 1154 2363 27.
1180 2333 1243 2363 pax
1259 2332 1332 2353 cum
1351 2319 1510 2352 Romanis

876 2368 1018 2405 decreta,
1039 2366 1113 2397 dein
1137 2367 1266 2396 turbata
1290 2365 1425 2402 28—32.
1442 2363 1500 2403 Sy-

876 2420 1007 2442 racusae
1028 2409 1086 2441 sub
1109 2408 1362 2439 dominationem
1381 2406 1509 2446 Hippo-

877 2454 973 2484 cratis
988 2456 1020 2484 et
1038 2451 1194 2493 Epicydis
1210 2451 1331 2482 cadunt
1348 2459 1397 2489 32.
1425 2453 1510 2480 terra

876 2496 1021 2536 marique
1048 2499 1277 2535 oppugnantur
1302 2504 1322 2523 a
1349 2491 1509 2523 Marcello

877 2547 927 2578 33.
953 2538 1147 2570 Archimede
1163 2537 1357 2568 defendente
1374 2543 1424 2572 34.
1452 2543 1508 2573 op-

878 2581 1076 2621 pugnatione
1106 2579 1264 2610 absistunt
1297 2575 1450 2612 Romani,
1476 2579 1509 2605 ct

878 2624 1054 2654 obsidendo
1074 2627 1184 2654 arcent
1205 2624 1415 2657 commeatus,
1431 2617 1507 2648 ibid.

879 2666 1056 2706 Syracusae
1067 2670 1182 2706 captae
1195 2673 1245 2703 25,
1259 2671 1392 2703 23—31.
1405 2659 1509 2701 spolia

879 2709 1018 2740 Romam
1035 2710 1170 2739 devecta
1187 2717 1236 2745 40.

836 2751 1028 2792 Syracusani
1058 2755 1219 2792 praetores
1245 2752 1355 2779 creant
1383 2756 1433 2784 24,
1459 2754 1510 2783 23.

879 2794 910 2825 in
926 2795 1092 2826 Romanoa
1106 2793 1326 2824 accenduntur
1342 2799 1391 2828 32.
1416 2787 1509 2818 cnuti-

879 2841 994 2876 gantur
1011 2848 1031 2868 u
1054 2836 1211 2868 Marcello
1234 2833 1364 2865 consule
1389 2839 1440 2869 25.
1457 2838 1508 2867 31.

880 2879 912 2910 in
949 2880 1043 2910 iidem
1080 2878 1329 2915 clientelamque
1360 2872 1509 2905 Marcelli

881 2923 992 2953 urbem
1009 2931 1100 2952 suum
1116 2920 1247 2952 trudunt
1266 2917 1315 2956 26,
1331 2925 1382 2958 32.

119 2967 254 3006 Sutrini,
278 2965 355 2998 socii
382 2966 602 2998 Romanorum
633 2964 665 3002 6,
692 2973 721 3004 3.
755 2965 796 2995 dc
840 2964 933 3005 Syria
951 2973 1002 3005 35,
1022 2973 1068 3003 ¹3·
