1888 3194
373 189 451 226 104
882 184 1029 227 ΤΙΤΙ
1065 184 1242 227 LIVII

165 286 211 317 U.
228 287 266 317 C.
288 287 359 325 581.
374 275 508 331 Igitur
536 274 679 316 relicta
700 274 830 331 Epiro
851 275 1057 331 navigavit
1079 275 1339 332 Anticyram,
1361 273 1474 315 unde
1503 273 1548 314 in
1569 272 1749 314 Thessa-

167 330 207 361 A.
231 329 270 361 C.
294 337 362 368 171·
375 332 474 374 liam
494 332 721 374 contendit.
783 332 848 374 Ibi
869 342 1040 389 accepto
1061 333 1247 374 exercitu
1276 332 1329 373 ad
1358 331 1518 372 hostem
1549 330 1748 387 perrexit.

380 389 465 432 Sed
484 389 615 431 nihilo
634 390 794 431 felicius
814 390 970 431 bellum
1000 390 1312 439 administravit,
1335 404 1459 445 quam
1480 388 1616 444 priore
1637 401 1749 428 anno

375 457 539 504 gestum
557 447 701 489 fuerat.
763 447 876 489 Nam
897 457 940 489 et
958 447 1115 503 proelio
1136 447 1352 489 commisso
1374 461 1469 487 cum
1489 460 1586 501 rege
1606 444 1750 501 pulsus

377 515 450 555 est,
472 514 514 547 et
535 520 665 561 quum
695 505 830 561 primo
859 520 933 561 per
962 505 1166 546 Elimeam
1186 505 1270 546 vim
1289 505 1423 545 facere
1445 511 1655 553 tentasset,
1676 501 1752 543 de-

376 563 474 604 inde
495 578 569 619 per
589 562 846 604 Thessaliam
867 562 1027 604 occulte
1059 562 1193 604 moliri
1217 563 1308 612 iter,
1331 562 1485 618 ubique
1507 567 1752 602 occurrente

377 621 543 670 Perseo,
572 635 678 661 vano
709 628 859 661 conatu
888 620 1083 661 absistere
1114 629 1279 661 coaetus
1309 628 1381 660 est.
1444 618 1536 659 Nec
1566 616 1751 658 Horten-

377 679 461 719 sius
487 686 663 734 praetor,
686 678 753 718 cui
778 677 916 719 elassis
942 677 1157 732 obtigerat,
1179 677 1404 733 quicquam
1431 676 1527 717 satis
1554 675 1654 716 scite
1679 682 1753 716 aut

377 736 583 777 fortunate
616 734 714 790 egit,
744 735 862 775 cuius
893 749 945 775 ex
976 735 1098 775 rebus
1133 735 1256 789 gestis
1288 733 1394 774 nihil
1423 733 1476 774 ad
1507 731 1751 774 memoriam

378 793 579 848 insignius
603 801 678 841 est,
701 806 826 847 quam
857 791 1036 832 crudelis
1066 800 1108 832 et
1136 791 1296 846 perfida
1319 790 1432 831 urbis
1453 789 1752 830 Abderitarum

378 850 570 905 direptio,
593 864 724 904 quum
744 848 1004 889 intoleranda
1024 848 1101 889 sibi
1121 848 1315 904 imposita
1334 862 1460 888 onera
1479 846 1753 903 deprecaren-

379 916 456 948 tur.
529 906 664 962 Igitur
698 906 874 947 Perseus
910 905 1123 946 Romanos
1158 906 1241 946 iam
1275 904 1520 961 despiciens,
1555 919 1603 945 ac
1637 902 1783 947 velut9

379 964 532 1005 otiosus
559 963 682 1020 plane
708 972 750 1004 et
776 978 942 1012 vacuus,
971 963 1174 1004 corollarii
1198 963 1331 1004 vicem
1358 962 1403 1002 in
1430 961 1649 1003 Dardanos
1678 976 1751 1002 ex-

378 1021 611 1062 cursionem
631 1021 742 1071 fecit,
765 1030 819 1071 et,
842 1021 988 1062 decem
1012 1020 1193 1062 millibus
1213 1021 1480 1062 barbarorum
1509 1018 1752 1068 interfectis,

377 1080 591 1135 ingentem
611 1078 807 1135 praedam
828 1078 1012 1119 abduxit.

439 1136 633 1193 [Movere
662 1136 741 1177 hoc
773 1151 882 1176 anno
907 1135 1107 1177 Celtiberi
1137 1136 1182 1176 in
1210 1135 1415 1192 Hispania
1440 1134 1609 1183 bellum,
1635 1132 1753 1174 insti·
1795 1149 1810 1164 ·

377 1204 500 1250 gante
522 1209 630 1235 novo
651 1194 757 1235 duce
777 1193 979 1243 Olonico;
1016 1192 1282 1234 Salondicum
1299 1192 1470 1248 quidam
1487 1198 1648 1233 vocant.
1696 1189 1752 1241 Is,

378 1267 539 1293 summa
564 1251 788 1293 calliditate
819 1260 862 1292 et
891 1251 1074 1299 audacia,
1096 1251 1255 1291 hastam
1287 1259 1525 1306 argenteam
1546 1248 1752 1304 quatiens,

379 1309 491 1350 velut
511 1309 627 1350 coelo
649 1309 827 1357 missam,
849 1308 1090 1349 vaticinanti
1121 1308 1275 1357 similis,
1299 1307 1486 1349 omnium
1505 1307 1550 1347 in
1570 1321 1614 1347 se
1634 1321 1754 1347 men-

379 1377 440 1408 tes
460 1375 729 1408 converterat.
785 1366 867 1407 Sed
887 1381 1015 1421 quum
1037 1366 1126 1421 pari
1147 1366 1378 1407 temeritate
1400 1374 1533 1406 castra
1550 1363 1753 1420 praetoris

382 1424 574 1473 Romani,
606 1439 691 1465 uno
721 1424 862 1464 furiosi
895 1423 1056 1464 consilii
1085 1424 1195 1464 socio
1226 1432 1448 1479 assumpto,
1479 1422 1555 1463 sub
1584 1430 1754 1462 noctem

379 1482 557 1531 adiisset,
575 1491 808 1538 praetorem
828 1480 1021 1521 videlicet
1042 1481 1373 1530 obtruncaturus,
1387 1481 1504 1521 iuxta
1525 1478 1753 1520 tentorium

378 1540 514 1595 ipsum
545 1539 630 1595 pilo
650 1538 785 1595 vigilis
806 1547 1005 1594 exceptus
1026 1547 1109 1579 est:
1143 1539 1275 1579 socius
1295 1552 1413 1594 pares
1434 1536 1573 1578 stolidi
1594 1536 1753 1592 incepti

378 1612 533 1652 poenas
553 1596 642 1637 luit.
704 1596 938 1638 Amborum
959 1595 1094 1651 capita
1116 1595 1300 1652 praecidi
1324 1595 1463 1636 statim
1490 1593 1608 1635 iussit
1634 1608 1755 1649 prae-

379 1664 455 1703 tor,
476 1663 601 1710 atque
627 1654 753 1694 hastis
774 1653 921 1694 suffixa
940 1652 1110 1695 delectis
1131 1669 1153 1694 e
1175 1668 1349 1694 numero
1370 1652 1626 1708 captivorum
1646 1649 1754 1692 tradi

247 1715 285 1752 4.
379 1712 431 1752 ad
458 1727 552 1752 suos
579 1710 835 1767 perferenda.
900 1709 980 1766 Hi]
1004 1710 1025 1731 '³¹‘
1047 1711 1068 1731 *
1091 1711 1143 1751 tis
1163 1719 1325 1751 tantum
1354 1724 1550 1766 pavorem
1580 1708 1782 1765 ingressi1

174 1770 216 1799 U-
234 1771 270 1800 C
295 1771 363 1807 582-
378 1779 521 1818 castra,
539 1777 793 1810 ostentantes
814 1768 962 1824 capita,
979 1767 1179 1818 fecerunt,
1198 1779 1257 1818 ut,
1274 1767 1309 1809 si
1329 1768 1521 1809 admotus
1541 1765 1752 1822 extemplo

172 1815 210 1843 A.
235 1814 271 1844 (·
299 1821 583 1868 ¹70·exercitus
610 1826 729 1875 foret,
758 1826 849 1882 capi
880 1836 1011 1866 castra
1039 1826 1261 1881 potuerint.
1325 1825 1436 1866 Tum
1457 1839 1625 1880 quoque
1653 1823 1755 1879 fuga

378 1885 526 1940 ingens
545 1884 652 1925 saeta
672 1893 756 1924 est:
789 1894 832 1924 et
852 1892 982 1932 erant,
1005 1883 1078 1938 qui
1098 1882 1254 1938 legatos
1275 1882 1499 1923 mittendos
1523 1882 1576 1922 ad
1605 1895 1753 1937 pacem

377 1942 568 1997 precibus
600 1940 826 1996 petendam
853 1949 1092 1981 censerent:
1128 1940 1396 1995 civitatesque
1427 1938 1672 1994 complures,
1701 1953 1752 1979 eo

378 1998 526 2039 nuntio
547 1998 701 2046 audito,
723 1997 767 2037 in
789 1997 1043 2037 deditionem
1067 2006 1281 2037 venerunt.
1347 1996 1511 2044 Quibus
1537 1995 1751 2052 purganti-

380 2056 453 2096 bus
485 2070 584 2103 sese,
613 2054 861 2111 culpamque
893 2054 936 2093 in
965 2053 1141 2094 duorum
1174 2053 1396 2094 amentiam
1429 2053 1750 2103 conferentibus,

379 2113 452 2166 qui
479 2128 521 2152 se
550 2112 657 2153 ultro
682 2111 735 2152 ad
758 2126 935 2167 poenam
961 2110 1038 2166 ipsi
1062 2111 1319 2160 obtulissent,
1342 2126 1471 2167 quum
1492 2110 1656 2152 veniam
1677 2110 1751 2152 de-

379 2169 506 2210 disset
533 2178 696 2224 praetor
708 2185 718 2218 3
751 2168 957 2225 profectus
977 2168 1187 2224 extemplo
1204 2169 1256 2209 ad
1277 2168 1374 2209 alias
1395 2168 1594 2218 civitates,
1616 2168 1752 2210 omni-

379 2228 454 2267 bus
484 2227 686 2282 imperata
708 2226 965 2275 facientibus,
988 2225 1130 2281 quieto
1158 2226 1343 2267 exercitu
1372 2234 1565 2282 pacatum
1589 2241 1749 2282 agrum,

379 2284 451 2340 qui
472 2284 610 2339 paullo
635 2292 729 2324 ante
758 2283 919 2339 ingenti
940 2282 1121 2323 tumultu
1141 2293 1304 2333 arserat,
1326 2284 1567 2340 peragravit.
1631 2282 1750 2325 Haec

379 2342 525 2382 lenitas
554 2341 765 2397 praetoris,
795 2355 877 2396 qua
906 2340 993 2381 sine
1025 2341 1224 2396 sanguine
1254 2341 1549 2382 ferocissimam
1579 2350 1751 2397 gentem

377 2398 606 2447 domuerat,
632 2414 681 2439 eo
711 2398 864 2454 gratior
893 2397 1005 2453 plebi
1026 2397 1301 2454 Patribusque
1322 2399 1413 2448 fuit,
1436 2414 1520 2454 quo
1541 2398 1750 2439 crudelius

378 2456 619 2511 avariusque
648 2456 692 2496 in
726 2455 903 2496 Graecia
932 2454 1143 2504 bellatum,
1172 2464 1214 2496 et
1241 2456 1291 2497 ab
1322 2456 1489 2497 consule
1512 2455 1677 2497 Licinio
1707 2465 1750 2497 et

173 2527 212 2558 In
231 2528 344 2559 Lucre·
378 2514 428 2554 ab
450 2513 647 2554 Lucretio
671 2522 875 2568 praetore,
897 2520 995 2554 erat.
1058 2512 1301 2554 Lucretium
1332 2514 1487 2554 tribuni
1516 2513 1648 2569 plebis
1677 2513 1749 2554 ab·
1803 2518 1806 2520 ’
1858 2508 1861 2509 ’

170 2571 249 2601 tium
266 2571 350 2601 inve·
377 2580 535 2612 sentem
566 2570 834 2612 concionibus
864 2570 1036 2610 assiduis
1066 2569 1312 2620 lacerabant,
1335 2586 1465 2626 quum
1495 2570 1748 2627 reipublicae

171 2613 290 2644 huntur
306 2614 358 2646 Tr.
1357 2629 1363 2635 .
1396 2629 1404 2636 .
1529 2628 1537 2636 .
1632 2628 1640 2636 .

172 2656 221 2688 PL
377 2643 498 2669 causa
518 2628 658 2670 abesse
679 2636 966 2669 excusaretur:
1000 2626 1073 2668 sed
1094 2636 1182 2668 tum
1203 2628 1307 2669 adeo
1327 2643 1463 2670 vicma
1483 2637 1609 2669 etlam
1629 2643 1750 2669 mex-

425 2741 433 2761 1
454 2733 543 2762 ...tis
556 2735 680 2761 tantum.
690 2731 856 2769 pavorem]
877 2729 949 2759 Hoc
966 2730 1036 2759 loco
1081 2729 1242 2759 sortitione
1281 2729 1523 2768 provinciarum.
1580 2728 1632 2758 Ad
1667 2727 1749 2758 haec

376 2774 592 2804 desiderantur
614 2772 744 2802 comitia
767 2771 954 2807 consularia,
971 2772 1036 2810 qui·
1082 2781 1155 2801 vero
1171 2772 1285 2801 desunt
1306 2782 1353 2801 res
1373 2782 1392 2801 a
1416 2772 1452 2801 P.
1468 2769 1591 2800 Licinio
1614 2779 1746 2809 procon-

376 2818 434 2847 bus
450 2817 487 2846 A.
504 2815 663 2846 Hostilius
679 2814 851 2844 Mancinus
871 2818 903 2844 et
920 2815 958 2844 A.
973 2814 1038 2844 Ati-
1083 2814 1150 2843 sule
1166 2813 1198 2843 in
1216 2813 1407 2845 Macedonia
1423 2817 1539 2853 gestae.
1564 2813 1731 2842 Smomus.

379 2859 437 2889 lius
474 2860 627 2889 Serranus
663 2858 808 2887 consules
843 2856 918 2886 sacti
956 2860 1038 2887 sunt.
1130 2866 1142 2885 2
1175 2858 1278 2895 lyitm·
1313 2856 1466 2893 Perseus]
1514 2855 1552 2886 cf.
1589 2855 1676 2886 Plut.
1714 2854 1747 2884 in

380 2901 519 2931 Hostilio
560 2900 749 2930 Macedonia
787 2898 905 2932 evenit,
943 2899 1042 2928 Atilio
1089 2899 1199 2930 Paulo.

378 2944 483 2974 Italia.
531 2944 615 2974 Item
640 2941 766 2973 comitia
792 2941 946 2981 praetoria
969 2952 1040 2972 cum
