<?xml version="1.0" encoding="UTF-8"?>
<!DOCTYPE html PUBLIC "-//W3C//DTD XHTML 1.0 Transitional//EN"
    "http://www.w3.org/TR/xhtml1/DTD/xhtml1-transitional.dtd">
<html xmlns="http://www.w3.org/1999/xhtml" xml:lang="en" lang="en">
 <head>
  <title>
</title>
<meta http-equiv="Content-Type" content="text/html;charset=utf-8" />
  <meta name='ocr-system' content='tesseract 3.04.00' />
  <meta name='ocr-capabilities' content='ocr_page ocr_carea ocr_par ocr_line ocrx_word'/>
</head>
<body>
  <div class='ocr_page' id='page_1' title='image "./historiarumli04livyuoft/historiarumli04livyuoft_0363.png"; bbox 0 0 1888 3194; ppageno 0'>
   <div class='ocr_carea' id='block_1_1' title="bbox 647 132 1560 210">
    <p class='ocr_par' dir='ltr' id='par_1_1' title="bbox 647 132 1560 210">
     <span class='ocr_line' id='line_1_1' title="bbox 647 132 1560 210; baseline 0.007 -6"><span class='ocrx_word' id='word_1_1' title='bbox 647 162 1075 205; x_wconf 88' lang='lat' dir='ltr'>KREYSSIGII.</span> <span class='ocrx_word' id='word_1_2' title='bbox 1477 132 1560 210; x_wconf 49' lang='grc'><em>355</em></span> 
     </span>
    </p>
   </div>
   <div class='ocr_carea' id='block_1_2' title="bbox 117 270 1560 2853">
    <p class='ocr_par' dir='ltr' id='par_1_2' title="bbox 117 270 1560 2853">
     <span class='ocr_line' id='line_1_2' title="bbox 159 270 1559 324; baseline 0.003 -13"><span class='ocrx_word' id='word_1_3' title='bbox 159 284 250 311; x_wconf 89' lang='lat' dir='ltr'><em>rum</em></span> <span class='ocrx_word' id='word_1_4' title='bbox 272 285 367 311; x_wconf 87' lang='lat' dir='ltr'><em>usus</em></span> <span class='ocrx_word' id='word_1_5' title='bbox 385 271 663 319; x_wconf 86' lang='lat' dir='ltr'><em>ministrantis,</em></span> <span class='ocrx_word' id='word_1_6' title='bbox 686 271 861 310; x_wconf 83' lang='lat' dir='ltr'><em>humano</em></span> <span class='ocrx_word' id='word_1_7' title='bbox 878 272 1017 324; x_wconf 74' lang='lat' dir='ltr'><em>yeneri</em></span> <span class='ocrx_word' id='word_1_8' title='bbox 1037 270 1257 319; x_wconf 86' lang='lat' dir='ltr'><em>concilium,</em></span> <span class='ocrx_word' id='word_1_9' title='bbox 1276 271 1401 311; x_wconf 80' lang='lat' dir='ltr'><em>Asiae</em></span> <span class='ocrx_word' id='word_1_10' title='bbox 1428 274 1559 315; x_wconf 88' lang='lat' dir='ltr'><em>Grae-</em></span> 
     </span>
     <span class='ocr_line' id='line_1_3' title="bbox 157 339 1558 394; baseline 0.003 -16"><span class='ocrx_word' id='word_1_11' title='bbox 157 341 317 394; x_wconf 85' lang='lat' dir='ltr'><em>ciaeque</em></span> <span class='ocrx_word' id='word_1_12' title='bbox 348 341 382 379; x_wconf 90' lang='lat' dir='ltr'><em>is</em></span> <span class='ocrx_word' id='word_1_13' title='bbox 420 344 619 378; x_wconf 89' lang='lat' dir='ltr'><em>mercatus</em></span> <span class='ocrx_word' id='word_1_14' title='bbox 653 345 752 378; x_wconf 91' lang='lat' dir='ltr'><em>erat.</em></span> <span class='ocrx_word' id='word_1_15' title='bbox 825 339 932 378; x_wconf 89' lang='lat' dir='ltr'><em>Tum</em></span> <span class='ocrx_word' id='word_1_16' title='bbox 964 353 1055 378; x_wconf 87' lang='lat' dir='ltr'><em>vero</em></span> <span class='ocrx_word' id='word_1_17' title='bbox 1086 352 1164 378; x_wconf 89' lang='lat' dir='ltr'><em>non</em></span> <span class='ocrx_word' id='word_1_18' title='bbox 1196 339 1254 378; x_wconf 87' lang='lat' dir='ltr'><em>ad</em></span> <span class='ocrx_word' id='word_1_19' title='bbox 1281 339 1414 380; x_wconf 89' lang='lat' dir='ltr'><em>solitos</em></span> <span class='ocrx_word' id='word_1_20' title='bbox 1444 344 1558 382; x_wconf 90' lang='lat' dir='ltr'><em>modo</em></span> 
     </span>
     <span class='ocr_line' id='line_1_4' title="bbox 156 405 1558 462; baseline 0.002 -15"><span class='ocrx_word' id='word_1_21' title='bbox 156 421 253 448; x_wconf 85' lang='lat' dir='ltr'><em>usus</em></span> <span class='ocrx_word' id='word_1_22' title='bbox 291 408 464 462; x_wconf 86' lang='lat' dir='ltr'><em>undique</em></span> <span class='ocrx_word' id='word_1_23' title='bbox 503 414 778 447; x_wconf 83' lang='lat' dir='ltr'><em>convenerant.</em></span> <span class='ocrx_word' id='word_1_24' title='bbox 796 428 850 434; x_wconf 88' lang='lat'>—</span> <span class='ocrx_word' id='word_1_25' title='bbox 866 405 974 447; x_wconf 88' lang='lat' dir='ltr'><em>Ibid.</em></span> <span class='ocrx_word' id='word_1_26' title='bbox 1013 407 1089 446; x_wconf 85' lang='lat' dir='ltr'><em>alii</em></span> <span class='ocrx_word' id='word_1_27' title='bbox 1127 406 1225 448; x_wconf 89' lang='lat' dir='ltr'><em>alia.</em></span> <span class='ocrx_word' id='word_1_28' title='bbox 1249 431 1302 436; x_wconf 93' lang='lat'>—</span> <span class='ocrx_word' id='word_1_29' title='bbox 1324 406 1434 450; x_wconf 85' lang='lat' dir='ltr'><em>Ibid.</em></span> <span class='ocrx_word' id='word_1_30' title='bbox 1473 411 1558 450; x_wconf 84' lang='lat' dir='ltr'><em>Ro-</em></span> 
     </span>
     <span class='ocr_line' id='line_1_5' title="bbox 154 474 1560 530; baseline 0.003 -16"><span class='ocrx_word' id='word_1_31' title='bbox 154 474 322 515; x_wconf 71' lang='lat' dir='ltr'><em>manos*</em></span> <span class='ocrx_word' id='word_1_32' title='bbox 342 475 536 528; x_wconf 88' lang='lat' dir='ltr'><em>facturos</em></span> <span class='ocrx_word' id='word_1_33' title='bbox 568 477 635 514; x_wconf 72' lang='lat' dir='ltr'><em>viz·</em></span> <span class='ocrx_word' id='word_1_34' title='bbox 666 477 854 530; x_wconf 87' lang='lat' dir='ltr'><em>cuiquam</em></span> <span class='ocrx_word' id='word_1_35' title='bbox 881 475 1204 529; x_wconf 80' lang='lat' dir='ltr'><em>persuadebatur</em></span> <span class='ocrx_word' id='word_1_36' title='bbox 1240 475 1418 516; x_wconf 81' lang='lat' dir='ltr'><em>Graecia</em></span> <span class='ocrx_word' id='word_1_37' title='bbox 1451 481 1560 518; x_wconf 88' lang='lat' dir='ltr'><em>omni</em></span> 
     </span>
     <span class='ocr_line' id='line_1_6' title="bbox 152 540 1554 598; baseline 0.002 -16"><span class='ocrx_word' id='word_1_38' title='bbox 152 556 338 582; x_wconf 82' lang='lat' dir='ltr'><em>cessuros.</em></span> <span class='ocrx_word' id='word_1_39' title='bbox 357 540 532 583; x_wconf 88' lang='lat' dir='ltr'><em>-Ibid.</em></span> <span class='ocrx_word' id='word_1_40' title='bbox 568 557 645 582; x_wconf 91' lang='lat' dir='ltr'><em>non</em></span> <span class='ocrx_word' id='word_1_41' title='bbox 681 543 823 582; x_wconf 87' lang='lat' dir='ltr'><em>audire</em></span> <span class='ocrx_word' id='word_1_42' title='bbox 855 543 979 582; x_wconf 87' lang='lat' dir='ltr'><em>modo.</em></span> <span class='ocrx_word' id='word_1_43' title='bbox 1000 564 1051 570; x_wconf 91' lang='lat'><strong>—</strong></span> <span class='ocrx_word' id='word_1_44' title='bbox 1072 540 1177 598; x_wconf 89' lang='lat' dir='ltr'><em>Cap.</em></span> <span class='ocrx_word' id='word_1_45' title='bbox 1214 545 1282 583; x_wconf 87' lang='lat'><em>33.</em></span> <span class='ocrx_word' id='word_1_46' title='bbox 1319 544 1391 584; x_wconf 92' lang='lat' dir='ltr'><em>sed</em></span> <span class='ocrx_word' id='word_1_47' title='bbox 1420 547 1554 586; x_wconf 88' lang='lat' dir='ltr'><em>maria</em></span> 
     </span>
     <span class='ocr_line' id='line_1_7' title="bbox 151 609 1554 667; baseline 0.003 -17"><span class='ocrx_word' id='word_1_48' title='bbox 151 611 341 650; x_wconf 73' lang='lat' dir='ltr'><em>traiim&#39;at.</em></span> <span class='ocrx_word' id='word_1_49' title='bbox 360 630 411 639; x_wconf 92' lang='lat'><strong>—</strong></span> <span class='ocrx_word' id='word_1_50' title='bbox 431 609 537 667; x_wconf 89' lang='lat' dir='ltr'><em>Cap.</em></span> <span class='ocrx_word' id='word_1_51' title='bbox 577 613 644 651; x_wconf 88' lang='lat'><em>34.</em></span> <span class='ocrx_word' id='word_1_52' title='bbox 688 611 902 651; x_wconf 77' lang='lat' dir='ltr'><em>abstineret</em></span> <span class='ocrx_word' id='word_1_53' title='bbox 941 611 1072 651; x_wconf 84' lang='lat' dir='ltr'><em>liberis</em></span> <span class='ocrx_word' id='word_1_54' title='bbox 1112 612 1354 661; x_wconf 82' lang='lat' dir='ltr'><em>civitatibus,</em></span> <span class='ocrx_word' id='word_1_55' title='bbox 1392 628 1440 653; x_wconf 91' lang='lat' dir='ltr'><em>ne</em></span> <span class='ocrx_word' id='word_1_56' title='bbox 1480 628 1554 654; x_wconf 87' lang='lat' dir='ltr'><em>un-</em></span> 
     </span>
     <span class='ocr_line' id='line_1_8' title="bbox 150 679 1554 734; baseline 0.002 -15"><span class='ocrx_word' id='word_1_57' title='bbox 150 692 273 733; x_wconf 83' lang='lat' dir='ltr'><em>quam</em></span> <span class='ocrx_word' id='word_1_58' title='bbox 298 679 504 720; x_wconf 79' lang='lat' dir='ltr'><em>lacesseret</em></span> <span class='ocrx_word' id='word_1_59' title='bbox 523 681 649 719; x_wconf 89' lang='lat' dir='ltr'><em>armis</em></span> <span class='ocrx_word' id='word_1_60' title='bbox 663 695 679 728; x_wconf 89' lang='lat'><em>;</em></span> <span class='ocrx_word' id='word_1_61' title='bbox 711 686 747 719; x_wconf 90' lang='lat' dir='ltr'><em>et</em></span> <span class='ocrx_word' id='word_1_62' title='bbox 774 681 816 720; x_wconf 90' lang='lat' dir='ltr'><em>in</em></span> <span class='ocrx_word' id='word_1_63' title='bbox 838 694 943 734; x_wconf 85' lang='lat' dir='ltr'><em>paee</em></span> <span class='ocrx_word' id='word_1_64' title='bbox 969 685 1007 719; x_wconf 90' lang='lat' dir='ltr'><em>et</em></span> <span class='ocrx_word' id='word_1_65' title='bbox 1036 681 1078 719; x_wconf 88' lang='lat' dir='ltr'><em>in</em></span> <span class='ocrx_word' id='word_1_66' title='bbox 1107 679 1286 720; x_wconf 85' lang='lat' dir='ltr'><em>libertate</em></span> <span class='ocrx_word' id='word_1_67' title='bbox 1313 695 1393 721; x_wconf 92' lang='lat' dir='ltr'><em>esse</em></span> <span class='ocrx_word' id='word_1_68' title='bbox 1419 682 1554 722; x_wconf 88' lang='lat' dir='ltr'><em>debere</em></span> 
     </span>
     <span class='ocr_line' id='line_1_9' title="bbox 149 745 1548 803; baseline 0.002 -16"><span class='ocrx_word' id='word_1_69' title='bbox 149 759 280 787; x_wconf 83' lang='lat' dir='ltr'><em>omnes</em></span> <span class='ocrx_word' id='word_1_70' title='bbox 302 747 442 802; x_wconf 83' lang='lat' dir='ltr'><em>ubique</em></span> <span class='ocrx_word' id='word_1_71' title='bbox 468 746 651 788; x_wconf 86' lang='lat' dir='ltr'><em>Graecas</em></span> <span class='ocrx_word' id='word_1_72' title='bbox 674 748 800 796; x_wconf 88' lang='lat' dir='ltr'><em>urbes,</em></span> <span class='ocrx_word' id='word_1_73' title='bbox 824 762 909 803; x_wconf 90' lang='lat' dir='ltr'><em>quo</em></span> <span class='ocrx_word' id='word_1_74' title='bbox 934 745 1027 788; x_wconf 91' lang='lat' dir='ltr'><em>loco</em></span> <span class='ocrx_word' id='word_1_75' title='bbox 1049 762 1096 788; x_wconf 89' lang='lat' dir='ltr'><em>ne</em></span> <span class='ocrx_word' id='word_1_76' title='bbox 1120 746 1164 787; x_wconf 90' lang='lat' dir='ltr'><em>in</em></span> <span class='ocrx_word' id='word_1_77' title='bbox 1186 762 1261 788; x_wconf 89' lang='lat' dir='ltr'><em>neu</em></span> <span class='ocrx_word' id='word_1_78' title='bbox 1283 748 1548 790; x_wconf 86' lang='lat' dir='ltr'><em>mutandum.</em></span> 
     </span>
     <span class='ocr_line' id='line_1_10' title="bbox 147 812 1548 874; baseline 0.003 -19"><span class='ocrx_word' id='word_1_79' title='bbox 147 812 323 856; x_wconf 85' lang='lat' dir='ltr'><em>—Ibid.</em></span> <span class='ocrx_word' id='word_1_80' title='bbox 346 831 393 856; x_wconf 91' lang='lat' dir='ltr'><em>ea</em></span> <span class='ocrx_word' id='word_1_81' title='bbox 418 831 501 857; x_wconf 87' lang='lat' dir='ltr'><em>una</em></span> <span class='ocrx_word' id='word_1_82' title='bbox 530 832 591 856; x_wconf 89' lang='lat' dir='ltr'><em>res</em></span> <span class='ocrx_word' id='word_1_83' title='bbox 620 819 661 857; x_wconf 91' lang='lat' dir='ltr'><em>in</em></span> <span class='ocrx_word' id='word_1_84' title='bbox 686 817 899 856; x_wconf 76' lang='lat' dir='ltr'><em>arbitrium</em></span> <span class='ocrx_word' id='word_1_85' title='bbox 925 823 1086 856; x_wconf 86' lang='lat' dir='ltr'><em>senatus</em></span> <span class='ocrx_word' id='word_1_86' title='bbox 1114 818 1258 857; x_wconf 90' lang='lat' dir='ltr'><em>reiecta</em></span> <span class='ocrx_word' id='word_1_87' title='bbox 1286 823 1353 857; x_wconf 90' lang='lat' dir='ltr'><em>est.</em></span> <span class='ocrx_word' id='word_1_88' title='bbox 1371 839 1425 844; x_wconf 90' lang='lat'><em>——</em></span> <span class='ocrx_word' id='word_1_89' title='bbox 1443 817 1548 874; x_wconf 88' lang='lat' dir='ltr'><em>Cap.</em></span> 
     </span>
     <span class='ocr_line' id='line_1_11' title="bbox 148 883 1546 940; baseline 0.004 -18"><span class='ocrx_word' id='word_1_90' title='bbox 148 883 218 923; x_wconf 90' lang='lat'><em>35.</em></span> <span class='ocrx_word' id='word_1_91' title='bbox 241 884 283 923; x_wconf 91' lang='lat' dir='ltr'><em>in</em></span> <span class='ocrx_word' id='word_1_92' title='bbox 299 884 606 925; x_wconf 86' lang='lat' dir='ltr'><em>altercationem.</em></span> <span class='ocrx_word' id='word_1_93' title='bbox 623 907 675 912; x_wconf 90' lang='lat'><em>—-</em></span> <span class='ocrx_word' id='word_1_94' title='bbox 691 883 796 940; x_wconf 87' lang='lat' dir='ltr'><em>Cap.</em></span> <span class='ocrx_word' id='word_1_95' title='bbox 817 886 886 925; x_wconf 87' lang='lat'><em>36.</em></span> <span class='ocrx_word' id='word_1_96' title='bbox 906 884 987 924; x_wconf 86' lang='grc' dir='ltr'><em>Μ’.</em></span> <span class='ocrx_word' id='word_1_97' title='bbox 1004 884 1162 924; x_wconf 84' lang='lat' dir='ltr'><em>Acilius</em></span> <span class='ocrx_word' id='word_1_98' title='bbox 1185 884 1354 925; x_wconf 77' lang='lat' dir='ltr'><em>Glabrio</em></span> <span class='ocrx_word' id='word_1_99' title='bbox 1367 892 1546 940; x_wconf 86' lang='lat' dir='ltr'><em>praetor.</em></span> 
     </span>
     <span class='ocr_line' id='line_1_12' title="bbox 146 949 1549 1008; baseline 0.002 -17"><span class='ocrx_word' id='word_1_100' title='bbox 146 970 200 979; x_wconf 83' lang='lat'><em>—</em></span> <span class='ocrx_word' id='word_1_101' title='bbox 215 949 322 992; x_wconf 90' lang='lat' dir='ltr'><em>Ibid.</em></span> <span class='ocrx_word' id='word_1_102' title='bbox 354 952 589 994; x_wconf 81' lang='lat' dir='ltr'><em>Corolamus</em></span> <span class='ocrx_word' id='word_1_103' title='bbox 609 953 784 1007; x_wconf 84' lang='lat' dir='ltr'><em>quidam.</em></span> <span class='ocrx_word' id='word_1_104' title='bbox 801 973 853 979; x_wconf 91' lang='grc'><em>--</em></span> <span class='ocrx_word' id='word_1_105' title='bbox 870 950 977 992; x_wconf 90' lang='lat' dir='ltr'><em>Ibid.</em></span> <span class='ocrx_word' id='word_1_106' title='bbox 995 967 1194 1006; x_wconf 86' lang='lat' dir='ltr'><em>prospera</em></span> <span class='ocrx_word' id='word_1_107' title='bbox 1208 967 1354 1008; x_wconf 68' lang='lat' dir='ltr'><em>puyna</em></span> <span class='ocrx_word' id='word_1_108' title='bbox 1374 954 1480 994; x_wconf 80' lang='lat' dir='ltr'><em>elati.</em></span> <span class='ocrx_word' id='word_1_109' title='bbox 1496 979 1549 988; x_wconf 90' lang='lat'><strong>—</strong></span> 
     </span>
     <span class='ocr_line' id='line_1_13' title="bbox 146 1016 1550 1076; baseline 0 -16"><span class='ocrx_word' id='word_1_110' title='bbox 146 1016 256 1060; x_wconf 86' lang='lat' dir='ltr'><em>Ibid.</em></span> <span class='ocrx_word' id='word_1_111' title='bbox 293 1021 351 1060; x_wconf 90' lang='lat' dir='ltr'><em>ad</em></span> <span class='ocrx_word' id='word_1_112' title='bbox 388 1035 522 1060; x_wconf 91' lang='lat' dir='ltr'><em>morae</em></span> <span class='ocrx_word' id='word_1_113' title='bbox 562 1021 737 1060; x_wconf 87' lang='lat' dir='ltr'><em>taedium</em></span> <span class='ocrx_word' id='word_1_114' title='bbox 757 1021 989 1074; x_wconf 86' lang='lat' dir='ltr'><em>ferendum.</em></span> <span class='ocrx_word' id='word_1_115' title='bbox 1006 1018 1180 1060; x_wconf 88' lang='lat' dir='ltr'><em>—Ibid.</em></span> <span class='ocrx_word' id='word_1_116' title='bbox 1210 1023 1366 1075; x_wconf 86' lang='lat' dir='ltr'><em>passim</em></span> <span class='ocrx_word' id='word_1_117' title='bbox 1399 1022 1550 1076; x_wconf 82' lang='lat' dir='ltr'><em>dilapsi</em></span> 
     </span>
     <span class='ocr_line' id='line_1_14' title="bbox 144 1086 1543 1145; baseline 0.003 -19"><span class='ocrx_word' id='word_1_118' title='bbox 144 1093 249 1127; x_wconf 79' lang='lat' dir='ltr'><em>sunt.</em></span> <span class='ocrx_word' id='word_1_119' title='bbox 267 1109 321 1116; x_wconf 90' lang='lat'>—</span> <span class='ocrx_word' id='word_1_120' title='bbox 337 1086 445 1128; x_wconf 86' lang='lat' dir='ltr'><em>Ibid.</em></span> <span class='ocrx_word' id='word_1_121' title='bbox 475 1088 593 1129; x_wconf 84' lang='lat' dir='ltr'><em>Galli</em></span> <span class='ocrx_word' id='word_1_122' title='bbox 607 1089 768 1141; x_wconf 87' lang='lat' dir='ltr'><em>seroces</em></span> <span class='ocrx_word' id='word_1_123' title='bbox 789 1088 986 1128; x_wconf 85' lang='lat' dir='ltr'><em>Boiorum</em></span> <span class='ocrx_word' id='word_1_124' title='bbox 1008 1095 1100 1128; x_wconf 89' lang='lat' dir='ltr'><em>ante</em></span> <span class='ocrx_word' id='word_1_125' title='bbox 1121 1089 1203 1129; x_wconf 88' lang='lat' dir='ltr'><em>dies</em></span> <span class='ocrx_word' id='word_1_126' title='bbox 1217 1104 1373 1143; x_wconf 85' lang='lat' dir='ltr'><em>paucos</em></span> <span class='ocrx_word' id='word_1_127' title='bbox 1387 1105 1543 1145; x_wconf 74' lang='lat' dir='ltr'><em>puyna.</em></span> 
     </span>
     <span class='ocr_line' id='line_1_15' title="bbox 142 1152 1546 1212; baseline 0.002 -17"><span class='ocrx_word' id='word_1_128' title='bbox 142 1178 196 1186; x_wconf 91' lang='lat'><strong>—</strong></span> <span class='ocrx_word' id='word_1_129' title='bbox 210 1152 318 1195; x_wconf 85' lang='lat' dir='ltr'><em>Ibid.</em></span> <span class='ocrx_word' id='word_1_130' title='bbox 351 1155 473 1205; x_wconf 78' lang='lat' dir='ltr'><em>Quod</em></span> <span class='ocrx_word' id='word_1_131' title='bbox 492 1156 560 1195; x_wconf 89' lang='lat' dir='ltr'><em>ubi</em></span> <span class='ocrx_word' id='word_1_132' title='bbox 578 1156 805 1195; x_wconf 79' lang='lat' dir='ltr'><em>Marcellus</em></span> <span class='ocrx_word' id='word_1_133' title='bbox 826 1156 1121 1195; x_wconf 80' lang='lat' dir='ltr'><em>animadvertit.</em></span> <span class='ocrx_word' id='word_1_134' title='bbox 1141 1178 1195 1183; x_wconf 89' lang='lat'>—</span> <span class='ocrx_word' id='word_1_135' title='bbox 1214 1155 1319 1212; x_wconf 86' lang='lat' dir='ltr'><em>Cap.</em></span> <span class='ocrx_word' id='word_1_136' title='bbox 1344 1159 1413 1199; x_wconf 88' lang='lat'><em>37.</em></span> <span class='ocrx_word' id='word_1_137' title='bbox 1436 1173 1546 1198; x_wconf 69' lang='lat' dir='ltr'><em>ezer-</em></span> 
     </span>
     <span class='ocr_line' id='line_1_16' title="bbox 142 1222 1545 1281; baseline 0.003 -20"><span class='ocrx_word' id='word_1_138' title='bbox 142 1223 264 1262; x_wconf 86' lang='lat' dir='ltr'><em>citum</em></span> <span class='ocrx_word' id='word_1_139' title='bbox 293 1223 430 1263; x_wconf 90' lang='lat' dir='ltr'><em>eadem</em></span> <span class='ocrx_word' id='word_1_140' title='bbox 459 1225 540 1273; x_wconf 89' lang='lat' dir='ltr'><em>via,</em></span> <span class='ocrx_word' id='word_1_141' title='bbox 569 1238 651 1278; x_wconf 85' lang='lat' dir='ltr'><em>qua</em></span> <span class='ocrx_word' id='word_1_142' title='bbox 681 1224 920 1272; x_wconf 74' lang='lat' dir='ltr'><em>adduxerat,</em></span> <span class='ocrx_word' id='word_1_143' title='bbox 949 1224 1117 1263; x_wconf 69' lang='lat' dir='ltr'><em>reduoeit.</em></span> <span class='ocrx_word' id='word_1_144' title='bbox 1137 1247 1190 1252; x_wconf 85' lang='lat'>—</span> <span class='ocrx_word' id='word_1_145' title='bbox 1207 1222 1317 1265; x_wconf 87' lang='lat' dir='ltr'><em>Ibid.</em></span> <span class='ocrx_word' id='word_1_146' title='bbox 1342 1232 1545 1281; x_wconf 86' lang='lat' dir='ltr'><em>ceteraque</em></span> 
     </span>
     <span class='ocr_line' id='line_1_17' title="bbox 141 1290 1546 1347; baseline 0.003 -17"><span class='ocrx_word' id='word_1_147' title='bbox 141 1291 251 1330; x_wconf 78' lang='lat' dir='ltr'><em>cirea</em></span> <span class='ocrx_word' id='word_1_148' title='bbox 286 1290 655 1336; x_wconf 22' lang='lat' dir='ltr'><em>castellan—*Ibid.</em></span> <span class='ocrx_word' id='word_1_149' title='bbox 690 1291 917 1332; x_wconf 79' lang='lat' dir='ltr'><em>Marcellus</em></span> <span class='ocrx_word' id='word_1_150' title='bbox 950 1290 1286 1347; x_wconf 65' lang='lat' dir='ltr'><em>consul—Cap.</em></span> <span class='ocrx_word' id='word_1_151' title='bbox 1324 1294 1392 1333; x_wconf 87' lang='lat'><em>38.</em></span> <span class='ocrx_word' id='word_1_152' title='bbox 1432 1294 1546 1334; x_wconf 86' lang='lat' dir='ltr'><em>haud</em></span> 
     </span>
     <span class='ocr_line' id='line_1_18' title="bbox 139 1357 1543 1416; baseline 0.001 -17"><span class='ocrx_word' id='word_1_153' title='bbox 139 1358 354 1414; x_wconf 76' lang='lat' dir='ltr'><em>difficulter</em></span> <span class='ocrx_word' id='word_1_154' title='bbox 373 1360 532 1400; x_wconf 89' lang='lat' dir='ltr'><em>videbat</em></span> <span class='ocrx_word' id='word_1_155' title='bbox 549 1362 689 1415; x_wconf 73' lang='lat' dir='ltr'><em>iuyum</em></span> <span class='ocrx_word' id='word_1_156' title='bbox 710 1365 957 1414; x_wconf 89' lang='lat' dir='ltr'><em>accepturas.</em></span> <span class='ocrx_word' id='word_1_157' title='bbox 977 1382 1030 1386; x_wconf 97' lang='lat'><strong>—</strong></span> <span class='ocrx_word' id='word_1_158' title='bbox 1047 1357 1155 1400; x_wconf 89' lang='lat' dir='ltr'><em>Ibid.</em></span> <span class='ocrx_word' id='word_1_159' title='bbox 1180 1366 1382 1401; x_wconf 77' lang='lat' dir='ltr'><em>terrestres</em></span> <span class='ocrx_word' id='word_1_160' title='bbox 1408 1363 1543 1416; x_wconf 85' lang='lat' dir='ltr'><em>copias</em></span> 
     </span>
     <span class='ocr_line' id='line_1_19' title="bbox 140 1427 1540 1484; baseline 0.003 -18"><span class='ocrx_word' id='word_1_161' title='bbox 140 1428 278 1467; x_wconf 86' lang='lat' dir='ltr'><em>traiici</em></span> <span class='ocrx_word' id='word_1_162' title='bbox 304 1428 355 1468; x_wconf 92' lang='lat' dir='ltr'><em>ab</em></span> <span class='ocrx_word' id='word_1_163' title='bbox 385 1429 530 1483; x_wconf 78' lang='lat' dir='ltr'><em>Abydo</em></span> <span class='ocrx_word' id='word_1_164' title='bbox 567 1427 852 1470; x_wconf 76' lang='lat' dir='ltr'><em>Chersonesum</em></span> <span class='ocrx_word' id='word_1_165' title='bbox 886 1429 1011 1468; x_wconf 86' lang='lat' dir='ltr'><em>iussit.</em></span> <span class='ocrx_word' id='word_1_166' title='bbox 1083 1427 1185 1468; x_wconf 89' lang='lat' dir='ltr'><em>Cum</em></span> <span class='ocrx_word' id='word_1_167' title='bbox 1219 1429 1276 1468; x_wconf 90' lang='lat' dir='ltr'><em>ad</em></span> <span class='ocrx_word' id='word_1_168' title='bbox 1304 1429 1540 1484; x_wconf 61' lang='lat' dir='ltr'><em>ffladytum,</em></span> 
     </span>
     <span class='ocr_line' id='line_1_20' title="bbox 147 1493 1542 1545; baseline 0.002 -10"><span class='ocrx_word' id='word_1_169' title='bbox 147 1493 381 1536; x_wconf 73' lang='lat' dir='ltr'><em>Chersonesi</em></span> <span class='ocrx_word' id='word_1_170' title='bbox 399 1497 546 1545; x_wconf 86' lang='lat' dir='ltr'><em>urbem,</em></span> <span class='ocrx_word' id='word_1_171' title='bbox 569 1498 748 1537; x_wconf 83' lang='lat' dir='ltr'><em>terrestri</em></span> <span class='ocrx_word' id='word_1_172' title='bbox 766 1496 948 1536; x_wconf 86' lang='lat' dir='ltr'><em>navalem</em></span> <span class='ocrx_word' id='word_1_173' title='bbox 974 1498 1186 1536; x_wconf 70' lang='lat' dir='ltr'><em>exercitum</em></span> <span class='ocrx_word' id='word_1_174' title='bbox 1213 1498 1412 1538; x_wconf 70' lang='lat' dir='ltr'><em>iunoeisset.</em></span> <span class='ocrx_word' id='word_1_175' title='bbox 1475 1496 1542 1538; x_wconf 85' lang='lat' dir='ltr'><em>Ita</em></span> 
     </span>
     <span class='ocr_line' id='line_1_21' title="bbox 138 1560 1540 1607; baseline 0.001 -3"><span class='ocrx_word' id='word_1_176' title='bbox 138 1560 208 1603; x_wconf 89' lang='lat' dir='ltr'><em>hic</em></span> <span class='ocrx_word' id='word_1_177' title='bbox 229 1561 345 1605; x_wconf 88' lang='lat' dir='ltr'><em>locus</em></span> <span class='ocrx_word' id='word_1_178' title='bbox 365 1563 685 1605; x_wconf 84' lang='lat' dir='ltr'><em>constituendus</em></span> <span class='ocrx_word' id='word_1_179' title='bbox 705 1563 883 1604; x_wconf 89' lang='lat' dir='ltr'><em>videtur.</em></span> <span class='ocrx_word' id='word_1_180' title='bbox 899 1586 953 1591; x_wconf 91' lang='lat'>—</span> <span class='ocrx_word' id='word_1_181' title='bbox 967 1562 1074 1605; x_wconf 87' lang='lat' dir='ltr'><em>Ibid.</em></span> <span class='ocrx_word' id='word_1_182' title='bbox 1099 1565 1211 1605; x_wconf 87' lang='lat' dir='ltr'><em>Idem</em></span> <span class='ocrx_word' id='word_1_183' title='bbox 1233 1572 1357 1606; x_wconf 85' lang='lat' dir='ltr'><em>metus</em></span> <span class='ocrx_word' id='word_1_184' title='bbox 1382 1566 1540 1607; x_wconf 85' lang='lat' dir='ltr'><em>Sestum</em></span> 
     </span>
     <span class='ocr_line' id='line_1_22' title="bbox 139 1631 1540 1688; baseline 0.002 -17"><span class='ocrx_word' id='word_1_185' title='bbox 139 1631 346 1672; x_wconf 83' lang='lat' dir='ltr'><em>incolentes</em></span> <span class='ocrx_word' id='word_1_186' title='bbox 378 1633 558 1688; x_wconf 87' lang='lat' dir='ltr'><em>aliasque</em></span> <span class='ocrx_word' id='word_1_187' title='bbox 598 1632 831 1673; x_wconf 76' lang='lat' dir='ltr'><em>Chersonesi</em></span> <span class='ocrx_word' id='word_1_188' title='bbox 862 1633 976 1672; x_wconf 87' lang='lat' dir='ltr'><em>urbes</em></span> <span class='ocrx_word' id='word_1_189' title='bbox 1009 1634 1050 1672; x_wconf 87' lang='lat' dir='ltr'><em>in</em></span> <span class='ocrx_word' id='word_1_190' title='bbox 1086 1633 1320 1674; x_wconf 84' lang='lat' dir='ltr'><em>deditionem</em></span> <span class='ocrx_word' id='word_1_191' title='bbox 1351 1635 1469 1674; x_wconf 86' lang='lat' dir='ltr'><em>dedit.</em></span> <span class='ocrx_word' id='word_1_192' title='bbox 1489 1657 1540 1663; x_wconf 86' lang='lat'><strong>—</strong></span> 
     </span>
     <span class='ocr_line' id='line_1_23' title="bbox 138 1697 1535 1758; baseline 0.001 -18"><span class='ocrx_word' id='word_1_193' title='bbox 138 1697 247 1741; x_wconf 84' lang='lat' dir='ltr'><em>Ibid.</em></span> <span class='ocrx_word' id='word_1_194' title='bbox 265 1716 393 1756; x_wconf 82' lang='lat' dir='ltr'><em>prope</em></span> <span class='ocrx_word' id='word_1_195' title='bbox 413 1717 574 1742; x_wconf 86' lang='lat' dir='ltr'><em>omnem.</em></span> <span class='ocrx_word' id='word_1_196' title='bbox 594 1723 646 1728; x_wconf 96' lang='grc'><em>--</em></span> <span class='ocrx_word' id='word_1_197' title='bbox 663 1700 771 1742; x_wconf 85' lang='lat' dir='ltr'><em>Ibid.</em></span> <span class='ocrx_word' id='word_1_198' title='bbox 795 1703 1025 1756; x_wconf 82' lang='lat' dir='ltr'><em>conquirere</em></span> <span class='ocrx_word' id='word_1_199' title='bbox 1045 1707 1083 1740; x_wconf 83' lang='lat' dir='ltr'><em>et</em></span> <span class='ocrx_word' id='word_1_200' title='bbox 1103 1703 1345 1742; x_wconf 88' lang='lat' dir='ltr'><em>contrahere.</em></span> <span class='ocrx_word' id='word_1_201' title='bbox 1362 1727 1413 1733; x_wconf 90' lang='lat'>—</span> <span class='ocrx_word' id='word_1_202' title='bbox 1430 1700 1535 1758; x_wconf 86' lang='lat' dir='ltr'><em>Cap.</em></span> 
     </span>
     <span class='ocr_line' id='line_1_24' title="bbox 138 1768 1538 1825; baseline 0.002 -17"><span class='ocrx_word' id='word_1_203' title='bbox 138 1769 205 1809; x_wconf 89' lang='lat'><em>39.</em></span> <span class='ocrx_word' id='word_1_204' title='bbox 230 1770 339 1824; x_wconf 84' lang='lat' dir='ltr'><em>quid,</em></span> <span class='ocrx_word' id='word_1_205' title='bbox 362 1771 478 1825; x_wconf 83' lang='lat' dir='ltr'><em>quod.</em></span> <span class='ocrx_word' id='word_1_206' title='bbox 496 1791 546 1798; x_wconf 95' lang='lat'><strong>—</strong></span> <span class='ocrx_word' id='word_1_207' title='bbox 563 1768 668 1811; x_wconf 91' lang='lat' dir='ltr'><em>Ibid.</em></span> <span class='ocrx_word' id='word_1_208' title='bbox 693 1776 889 1824; x_wconf 88' lang='lat' dir='ltr'><em>quantum</em></span> <span class='ocrx_word' id='word_1_209' title='bbox 916 1784 942 1808; x_wconf 90' lang='lat' dir='ltr'><em>a</em></span> <span class='ocrx_word' id='word_1_210' title='bbox 968 1769 1064 1809; x_wconf 85' lang='lat' dir='ltr'><em>bello</em></span> <span class='ocrx_word' id='word_1_211' title='bbox 1094 1776 1230 1823; x_wconf 85' lang='lat' dir='ltr'><em>aperte</em></span> <span class='ocrx_word' id='word_1_212' title='bbox 1250 1770 1448 1811; x_wconf 87' lang='lat' dir='ltr'><em>Romanis</em></span> <span class='ocrx_word' id='word_1_213' title='bbox 1476 1772 1538 1811; x_wconf 87' lang='lat' dir='ltr'><em>in-</em></span> 
     </span>
     <span class='ocr_line' id='line_1_25' title="bbox 136 1837 1540 1892; baseline 0.001 -16"><span class='ocrx_word' id='word_1_214' title='bbox 136 1837 241 1877; x_wconf 88' lang='lat' dir='ltr'><em>dicto</em></span> <span class='ocrx_word' id='word_1_215' title='bbox 256 1838 387 1878; x_wconf 87' lang='lat' dir='ltr'><em>abesse</em></span> <span class='ocrx_word' id='word_1_216' title='bbox 400 1842 420 1878; x_wconf 80' lang='lat'><strong><em>?</em></strong></span> <span class='ocrx_word' id='word_1_217' title='bbox 432 1864 485 1871; x_wconf 88' lang='lat'>—</span> <span class='ocrx_word' id='word_1_218' title='bbox 500 1837 605 1879; x_wconf 90' lang='lat' dir='ltr'><em>Ibid.</em></span> <span class='ocrx_word' id='word_1_219' title='bbox 631 1838 836 1878; x_wconf 85' lang='lat' dir='ltr'><em>Romanos</em></span> <span class='ocrx_word' id='word_1_220' title='bbox 856 1843 988 1877; x_wconf 78' lang='lat' dir='ltr'><em>autern</em></span> <span class='ocrx_word' id='word_1_221' title='bbox 1011 1852 1087 1877; x_wconf 86' lang='lat' dir='ltr'><em>non</em></span> <span class='ocrx_word' id='word_1_222' title='bbox 1109 1845 1413 1892; x_wconf 66' lang='lat' dir='ltr'><em>exspectaturos,</em></span> <span class='ocrx_word' id='word_1_223' title='bbox 1432 1846 1476 1879; x_wconf 84' lang='lat' dir='ltr'><em>ut</em></span> <span class='ocrx_word' id='word_1_224' title='bbox 1496 1840 1540 1879; x_wconf 86' lang='lat' dir='ltr'><em>id</em></span> 
     </span>
     <span class='ocr_line' id='line_1_26' title="bbox 132 1905 1534 1961; baseline 0.003 -16"><span class='ocrx_word' id='word_1_225' title='bbox 132 1912 263 1958; x_wconf 89' lang='lat' dir='ltr'><em>posset</em></span> <span class='ocrx_word' id='word_1_226' title='bbox 270 1907 427 1960; x_wconf 81' lang='lat' dir='ltr'><em>facere.</em></span> <span class='ocrx_word' id='word_1_227' title='bbox 445 1928 498 1936; x_wconf 92' lang='lat'>—</span> <span class='ocrx_word' id='word_1_228' title='bbox 517 1905 623 1961; x_wconf 84' lang='lat' dir='ltr'><em>Cap.</em></span> <span class='ocrx_word' id='word_1_229' title='bbox 648 1910 715 1946; x_wconf 86' lang='lat'><em>40.</em></span> <span class='ocrx_word' id='word_1_230' title='bbox 740 1907 946 1946; x_wconf 86' lang='lat' dir='ltr'><em>Adversus</em></span> <span class='ocrx_word' id='word_1_231' title='bbox 975 1922 1020 1945; x_wconf 90' lang='lat' dir='ltr'><em>ea</em></span> <span class='ocrx_word' id='word_1_232' title='bbox 1042 1906 1280 1956; x_wconf 81' lang='lat' dir='ltr'><em>Antiochus,</em></span> <span class='ocrx_word' id='word_1_233' title='bbox 1304 1909 1464 1949; x_wconf 67' lang='lat' dir='ltr'><em>ssIirari</em></span> <span class='ocrx_word' id='word_1_234' title='bbox 1482 1925 1534 1958; x_wconf 84' lang='lat' dir='ltr'><em>se,</em></span> 
     </span>
     <span class='ocr_line' id='line_1_27' title="bbox 133 1973 1535 2032; baseline 0.004 -19"><span class='ocrx_word' id='word_1_235' title='bbox 133 1973 247 2023; x_wconf 70' lang='lat' dir='ltr'><em>divit,</em></span> <span class='ocrx_word' id='word_1_236' title='bbox 281 1975 487 2016; x_wconf 86' lang='lat' dir='ltr'><em>Romanos</em></span> <span class='ocrx_word' id='word_1_237' title='bbox 527 1982 611 2015; x_wconf 87' lang='lat' dir='ltr'><em>tam</em></span> <span class='ocrx_word' id='word_1_238' title='bbox 651 1975 859 2029; x_wconf 73' lang='lat' dir='ltr'><em>dilz&#39;yenter</em></span> <span class='ocrx_word' id='word_1_239' title='bbox 900 1977 1111 2029; x_wconf 79' lang='lat' dir='ltr'><em>inquirere.</em></span> <span class='ocrx_word' id='word_1_240' title='bbox 1130 1997 1183 2003; x_wconf 95' lang='lat'><strong>—</strong></span> <span class='ocrx_word' id='word_1_241' title='bbox 1199 1974 1308 2018; x_wconf 91' lang='lat' dir='ltr'><em>Ibid.</em></span> <span class='ocrx_word' id='word_1_242' title='bbox 1347 1978 1417 2017; x_wconf 89' lang='lat' dir='ltr'><em>sed</em></span> <span class='ocrx_word' id='word_1_243' title='bbox 1453 1993 1535 2032; x_wconf 83' lang='lat' dir='ltr'><em>qua</em></span> 
     </span>
     <span class='ocr_line' id='line_1_28' title="bbox 132 2041 1535 2100; baseline 0.002 -17"><span class='ocrx_word' id='word_1_244' title='bbox 132 2041 373 2097; x_wconf 74' lang='lat' dir='ltr'><em>Lysimachi</em></span> <span class='ocrx_word' id='word_1_245' title='bbox 419 2044 620 2099; x_wconf 81' lang='lat' dir='ltr'><em>quondam</em></span> <span class='ocrx_word' id='word_1_246' title='bbox 681 2058 846 2098; x_wconf 72' lang='lat' dir='ltr'><em>reqnum</em></span> <span class='ocrx_word' id='word_1_247' title='bbox 887 2045 1035 2097; x_wconf 87' lang='lat' dir='ltr'><em>fuerit.</em></span> <span class='ocrx_word' id='word_1_248' title='bbox 1059 2067 1112 2071; x_wconf 97' lang='lat'><strong>—</strong></span> <span class='ocrx_word' id='word_1_249' title='bbox 1135 2042 1241 2084; x_wconf 88' lang='lat' dir='ltr'><em>Ibid.</em></span> <span class='ocrx_word' id='word_1_250' title='bbox 1295 2045 1535 2100; x_wconf 84' lang='lat' dir='ltr'><em>Philippum</em></span> 
     </span>
     <span class='ocr_line' id='line_1_29' title="bbox 133 2111 1535 2166; baseline 0.002 -15"><span class='ocrx_word' id='word_1_251' title='bbox 133 2112 392 2166; x_wconf 74' lang='lat' dir='ltr'><em>usurpandae</em></span> <span class='ocrx_word' id='word_1_252' title='bbox 411 2112 566 2153; x_wconf 88' lang='lat' dir='ltr'><em>alienae</em></span> <span class='ocrx_word' id='word_1_253' title='bbox 579 2114 838 2166; x_wconf 85' lang='lat' dir='ltr'><em>possessionis</em></span> <span class='ocrx_word' id='word_1_254' title='bbox 859 2126 983 2152; x_wconf 87' lang='lat' dir='ltr'><em>causa</em></span> <span class='ocrx_word' id='word_1_255' title='bbox 1005 2114 1184 2154; x_wconf 84' lang='lat' dir='ltr'><em>tenuisse.</em></span> <span class='ocrx_word' id='word_1_256' title='bbox 1200 2134 1253 2140; x_wconf 80' lang='lat'>—</span> <span class='ocrx_word' id='word_1_257' title='bbox 1268 2111 1375 2153; x_wconf 86' lang='lat' dir='ltr'><em>Ibid.</em></span> <span class='ocrx_word' id='word_1_258' title='bbox 1398 2111 1535 2154; x_wconf 82' lang='lat' dir='ltr'><em>Cher-</em></span> 
     </span>
     <span class='ocr_line' id='line_1_30' title="bbox 132 2181 1533 2236; baseline 0.003 -17"><span class='ocrx_word' id='word_1_259' title='bbox 132 2193 291 2220; x_wconf 70' lang='lat' dir='ltr'><em>sonesus</em></span> <span class='ocrx_word' id='word_1_260' title='bbox 305 2181 462 2235; x_wconf 90' lang='lat' dir='ltr'><em>quidem</em></span> <span class='ocrx_word' id='word_1_261' title='bbox 483 2187 520 2220; x_wconf 91' lang='lat' dir='ltr'><em>et</em></span> <span class='ocrx_word' id='word_1_262' title='bbox 532 2182 722 2235; x_wconf 68' lang='lat' dir='ltr'><em>proxima</em></span> <span class='ocrx_word' id='word_1_263' title='bbox 749 2181 964 2230; x_wconf 85' lang='lat' dir='ltr'><em>Thraciae,</em></span> <span class='ocrx_word' id='word_1_264' title='bbox 982 2196 1085 2236; x_wconf 87' lang='lat' dir='ltr'><em>quae</em></span> <span class='ocrx_word' id='word_1_265' title='bbox 1106 2183 1214 2221; x_wconf 88' lang='lat' dir='ltr'><em>eirca</em></span> <span class='ocrx_word' id='word_1_266' title='bbox 1229 2181 1533 2236; x_wconf 76' lang='lat' dir='ltr'><em>Lysimachiam</em></span> 
     </span>
     <span class='ocr_line' id='line_1_31' title="bbox 131 2248 1532 2304; baseline 0.002 -16"><span class='ocrx_word' id='word_1_267' title='bbox 131 2248 224 2297; x_wconf 78' lang='lat' dir='ltr'><em>sint,</em></span> <span class='ocrx_word' id='word_1_268' title='bbox 246 2262 359 2303; x_wconf 87' lang='lat' dir='ltr'><em>quem</em></span> <span class='ocrx_word' id='word_1_269' title='bbox 386 2249 582 2298; x_wconf 83' lang='lat' dir='ltr'><em>dubitare,</em></span> <span class='ocrx_word' id='word_1_270' title='bbox 604 2251 700 2304; x_wconf 82' lang='lat' dir='ltr'><em>quin</em></span> <span class='ocrx_word' id='word_1_271' title='bbox 722 2249 962 2304; x_wconf 78' lang='lat' dir='ltr'><em>Lysimachi</em></span> <span class='ocrx_word' id='word_1_272' title='bbox 974 2250 1172 2304; x_wconf 75' lang='lat' dir='ltr'><em>fuerint?</em></span> <span class='ocrx_word' id='word_1_273' title='bbox 1190 2271 1236 2277; x_wconf 90' lang='lat'>—</span> <span class='ocrx_word' id='word_1_274' title='bbox 1261 2248 1368 2290; x_wconf 89' lang='lat' dir='ltr'><em>Ibid.</em></span> <span class='ocrx_word' id='word_1_275' title='bbox 1392 2251 1464 2291; x_wconf 84' lang='lat' dir='ltr'><em>Ad</em></span> <span class='ocrx_word' id='word_1_276' title='bbox 1486 2267 1532 2291; x_wconf 86' lang='lat' dir='ltr'><em>ea</em></span> 
     </span>
     <span class='ocr_line' id='line_1_32' title="bbox 131 2317 1532 2374; baseline 0.003 -18"><span class='ocrx_word' id='word_1_277' title='bbox 131 2317 357 2371; x_wconf 74' lang='lat' dir='ltr'><em>recipienda</em></span> <span class='ocrx_word' id='word_1_278' title='bbox 393 2319 434 2357; x_wconf 89' lang='lat' dir='ltr'><em>in</em></span> <span class='ocrx_word' id='word_1_279' title='bbox 469 2319 677 2372; x_wconf 85' lang='lat' dir='ltr'><em>antiquum</em></span> <span class='ocrx_word' id='word_1_280' title='bbox 715 2320 778 2358; x_wconf 85' lang='lat' dir='ltr'><em>ius</em></span> <span class='ocrx_word' id='word_1_281' title='bbox 812 2319 970 2359; x_wconf 84' lang='lat' dir='ltr'><em>venisse.</em></span> <span class='ocrx_word' id='word_1_282' title='bbox 990 2339 1042 2346; x_wconf 96' lang='lat'><strong>—</strong></span> <span class='ocrx_word' id='word_1_283' title='bbox 1059 2318 1163 2374; x_wconf 87' lang='lat' dir='ltr'><em>Cap.</em></span> <span class='ocrx_word' id='word_1_284' title='bbox 1202 2321 1270 2359; x_wconf 87' lang='lat'><em>41.</em></span> <span class='ocrx_word' id='word_1_285' title='bbox 1315 2325 1360 2359; x_wconf 85' lang='lat' dir='ltr'><em>ut</em></span> <span class='ocrx_word' id='word_1_286' title='bbox 1398 2320 1532 2360; x_wconf 82' lang='lat' dir='ltr'><em>nullus</em></span> 
     </span>
     <span class='ocr_line' id='line_1_33' title="bbox 129 2385 1530 2442; baseline 0.003 -17"><span class='ocrx_word' id='word_1_287' title='bbox 129 2386 256 2425; x_wconf 63' lang='lat' dir='ltr'><em>exitus</em></span> <span class='ocrx_word' id='word_1_288' title='bbox 283 2387 549 2440; x_wconf 83' lang='lat' dir='ltr'><em>imponeretur</em></span> <span class='ocrx_word' id='word_1_289' title='bbox 581 2387 837 2436; x_wconf 86' lang='lat' dir='ltr'><em>sermonibus,</em></span> <span class='ocrx_word' id='word_1_290' title='bbox 867 2386 1007 2441; x_wconf 78' lang='lat' dir='ltr'><em>effecit.</em></span> <span class='ocrx_word' id='word_1_291' title='bbox 1023 2409 1075 2414; x_wconf 89' lang='lat'><strong>—</strong></span> <span class='ocrx_word' id='word_1_292' title='bbox 1091 2385 1197 2427; x_wconf 87' lang='lat' dir='ltr'><em>Ibid.</em></span> <span class='ocrx_word' id='word_1_293' title='bbox 1229 2389 1301 2442; x_wconf 87' lang='lat' dir='ltr'><em>qui</em></span> <span class='ocrx_word' id='word_1_294' title='bbox 1328 2389 1386 2428; x_wconf 91' lang='lat' dir='ltr'><em>ad</em></span> <span class='ocrx_word' id='word_1_295' title='bbox 1397 2389 1530 2440; x_wconf 85' lang='lat' dir='ltr'><em>fidem</em></span> 
     </span>
     <span class='ocr_line' id='line_1_34' title="bbox 117 2453 1530 2510; baseline 0.003 -17"><span class='ocrx_word' id='word_1_296' title='bbox 117 2453 371 2506; x_wconf 59' lang='lat' dir='ltr'><em>faciendam,</em></span> <span class='ocrx_word' id='word_1_297' title='bbox 410 2454 513 2494; x_wconf 87' lang='lat' dir='ltr'><em>nihil</em></span> <span class='ocrx_word' id='word_1_298' title='bbox 546 2460 785 2494; x_wconf 84' lang='lat' dir='ltr'><em>novaturum</em></span> <span class='ocrx_word' id='word_1_299' title='bbox 822 2470 962 2509; x_wconf 71' lang='lat' dir='ltr'><em>reqem,</em></span> <span class='ocrx_word' id='word_1_300' title='bbox 997 2456 1044 2494; x_wconf 89' lang='lat' dir='ltr'><em>de</em></span> <span class='ocrx_word' id='word_1_301' title='bbox 1076 2457 1258 2495; x_wconf 87' lang='lat' dir='ltr'><em>societate</em></span> <span class='ocrx_word' id='word_1_302' title='bbox 1289 2463 1461 2510; x_wconf 68' lang='lat' dir='ltr'><em>afferent.</em></span> <span class='ocrx_word' id='word_1_303' title='bbox 1477 2481 1530 2487; x_wconf 89' lang='lat'>—</span> 
     </span>
     <span class='ocr_line' id='line_1_35' title="bbox 129 2518 1529 2580; baseline 0.003 -18"><span class='ocrx_word' id='word_1_304' title='bbox 129 2518 237 2562; x_wconf 88' lang='lat' dir='ltr'><em>Ibid.</em></span> <span class='ocrx_word' id='word_1_305' title='bbox 269 2523 339 2562; x_wconf 85' lang='lat' dir='ltr'><em>sed</em></span> <span class='ocrx_word' id='word_1_306' title='bbox 365 2524 484 2563; x_wconf 88' lang='lat' dir='ltr'><em>etiam</em></span> <span class='ocrx_word' id='word_1_307' title='bbox 516 2524 731 2577; x_wconf 71' lang='lat' dir='ltr'><em>insiynium</em></span> <span class='ocrx_word' id='word_1_308' title='bbox 766 2525 869 2578; x_wconf 65' lang='lat' dir='ltr'><em>reglis</em></span> <span class='ocrx_word' id='word_1_309' title='bbox 901 2525 1133 2564; x_wconf 85' lang='lat' dir='ltr'><em>amicorum.</em></span> <span class='ocrx_word' id='word_1_310' title='bbox 1151 2545 1203 2552; x_wconf 92' lang='grc'><strong>-</strong></span> <span class='ocrx_word' id='word_1_311' title='bbox 1222 2522 1327 2580; x_wconf 87' lang='lat' dir='ltr'><em>Cap.</em></span> <span class='ocrx_word' id='word_1_312' title='bbox 1355 2528 1424 2566; x_wconf 88' lang='lat'><em>42.</em></span> <span class='ocrx_word' id='word_1_313' title='bbox 1455 2528 1529 2566; x_wconf 84' lang='lat' dir='ltr'><em>tri-</em></span> 
     </span>
     <span class='ocr_line' id='line_1_36' title="bbox 128 2589 1528 2649; baseline 0.004 -19"><span class='ocrx_word' id='word_1_314' title='bbox 128 2589 257 2631; x_wconf 84' lang='lat' dir='ltr'><em>bunus</em></span> <span class='ocrx_word' id='word_1_315' title='bbox 285 2591 424 2645; x_wconf 82' lang='lat' dir='ltr'><em>plebis.</em></span> <span class='ocrx_word' id='word_1_316' title='bbox 442 2613 496 2620; x_wconf 92' lang='lat'><em>—·</em></span> <span class='ocrx_word' id='word_1_317' title='bbox 512 2589 620 2631; x_wconf 90' lang='lat' dir='ltr'><em>Ibid.</em></span> <span class='ocrx_word' id='word_1_318' title='bbox 661 2592 800 2632; x_wconf 88' lang='lat' dir='ltr'><em>datum</em></span> <span class='ocrx_word' id='word_1_319' title='bbox 837 2599 905 2632; x_wconf 87' lang='lat' dir='ltr'><em>est.</em></span> <span class='ocrx_word' id='word_1_320' title='bbox 924 2614 976 2620; x_wconf 89' lang='lat'>—</span> <span class='ocrx_word' id='word_1_321' title='bbox 994 2590 1101 2633; x_wconf 88' lang='lat' dir='ltr'><em>Ibid.</em></span> <span class='ocrx_word' id='word_1_322' title='bbox 1141 2594 1292 2634; x_wconf 82' lang='lat' dir='ltr'><em>tribuni</em></span> <span class='ocrx_word' id='word_1_323' title='bbox 1319 2595 1457 2649; x_wconf 81' lang='lat' dir='ltr'><em>plebis.</em></span> <span class='ocrx_word' id='word_1_324' title='bbox 1476 2622 1528 2629; x_wconf 89' lang='lat'>—</span> 
     </span>
     <span class='ocr_line' id='line_1_37' title="bbox 129 2654 1523 2703; baseline 0.004 -5"><span class='ocrx_word' id='word_1_325' title='bbox 129 2654 236 2699; x_wconf 84' lang='lat' dir='ltr'><em>Ibid.</em></span> <span class='ocrx_word' id='word_1_326' title='bbox 266 2658 318 2699; x_wconf 88' lang='lat' dir='ltr'><em>L.</em></span> <span class='ocrx_word' id='word_1_327' title='bbox 350 2659 532 2700; x_wconf 83' lang='lat' dir='ltr'><em>Valerius</em></span> <span class='ocrx_word' id='word_1_328' title='bbox 559 2659 746 2700; x_wconf 83' lang='lat' dir='ltr'><em>Flaccus.</em></span> <span class='ocrx_word' id='word_1_329' title='bbox 764 2685 816 2692; x_wconf 88' lang='lat'><em>-—-</em></span> <span class='ocrx_word' id='word_1_330' title='bbox 831 2659 937 2701; x_wconf 87' lang='lat' dir='ltr'><em>Ibid.</em></span> <span class='ocrx_word' id='word_1_331' title='bbox 962 2661 1030 2701; x_wconf 90' lang='lat' dir='ltr'><em>Eo</em></span> <span class='ocrx_word' id='word_1_332' title='bbox 1055 2676 1161 2702; x_wconf 87' lang='lat' dir='ltr'><em>anno</em></span> <span class='ocrx_word' id='word_1_333' title='bbox 1185 2663 1331 2703; x_wconf 81' lang='lat' dir='ltr'><em>aediles</em></span> <span class='ocrx_word' id='word_1_334' title='bbox 1356 2664 1523 2703; x_wconf 80' lang='lat' dir='ltr'><em>curules.</em></span> 
     </span>
     <span class='ocr_line' id='line_1_38' title="bbox 131 2722 1525 2781; baseline 0.002 -15"><span class='ocrx_word' id='word_1_335' title='bbox 131 2722 236 2781; x_wconf 78' lang='lat' dir='ltr'><em>Cap.</em></span> <span class='ocrx_word' id='word_1_336' title='bbox 259 2729 328 2767; x_wconf 88' lang='grc'><em>43.</em></span> <span class='ocrx_word' id='word_1_337' title='bbox 361 2727 414 2768; x_wconf 88' lang='lat' dir='ltr'><em>L.</em></span> <span class='ocrx_word' id='word_1_338' title='bbox 446 2727 629 2768; x_wconf 86' lang='lat' dir='ltr'><em>Valerius</em></span> <span class='ocrx_word' id='word_1_339' title='bbox 653 2728 830 2768; x_wconf 87' lang='lat' dir='ltr'><em>Flaccus</em></span> <span class='ocrx_word' id='word_1_340' title='bbox 860 2735 897 2768; x_wconf 89' lang='lat' dir='ltr'><em>et</em></span> <span class='ocrx_word' id='word_1_341' title='bbox 928 2728 991 2769; x_wconf 88' lang='lat' dir='ltr'><em>M.</em></span> <span class='ocrx_word' id='word_1_342' title='bbox 1016 2729 1189 2769; x_wconf 85' lang='lat' dir='ltr'><em>Porcius</em></span> <span class='ocrx_word' id='word_1_343' title='bbox 1222 2729 1323 2770; x_wconf 88' lang='lat' dir='ltr'><em>Cato</em></span> <span class='ocrx_word' id='word_1_344' title='bbox 1351 2732 1525 2771; x_wconf 81' lang='lat' dir='ltr'><em>consules</em></span> 
     </span>
     <span class='ocr_line' id='line_1_39' title="bbox 131 2792 1526 2853; baseline 0.003 -20"><span class='ocrx_word' id='word_1_345' title='bbox 131 2792 269 2833; x_wconf 63' lang='lat' dir='ltr'><em>Idibus</em></span> <span class='ocrx_word' id='word_1_346' title='bbox 311 2795 491 2836; x_wconf 62' lang='lat' dir='ltr'><em>hIartiis.</em></span> <span class='ocrx_word' id='word_1_347' title='bbox 511 2818 562 2825; x_wconf 87' lang='lat'><strong>—</strong></span> <span class='ocrx_word' id='word_1_348' title='bbox 580 2795 687 2837; x_wconf 89' lang='lat' dir='ltr'><em>Ibid.</em></span> <span class='ocrx_word' id='word_1_349' title='bbox 732 2798 802 2837; x_wconf 87' lang='lat' dir='ltr'><em>sed</em></span> <span class='ocrx_word' id='word_1_350' title='bbox 845 2799 926 2837; x_wconf 82' lang='lat' dir='ltr'><em>iam</em></span> <span class='ocrx_word' id='word_1_351' title='bbox 970 2799 1101 2838; x_wconf 86' lang='lat' dir='ltr'><em>etiam.</em></span> <span class='ocrx_word' id='word_1_352' title='bbox 1121 2818 1172 2825; x_wconf 90' lang='lat'>—</span> <span class='ocrx_word' id='word_1_353' title='bbox 1192 2796 1298 2853; x_wconf 83' lang='lat' dir='ltr'><em>Cap.</em></span> <span class='ocrx_word' id='word_1_354' title='bbox 1341 2802 1409 2839; x_wconf 80' lang='lat'><em>44.</em></span> <span class='ocrx_word' id='word_1_355' title='bbox 1459 2814 1526 2838; x_wconf 76' lang='lat' dir='ltr'><em>ver</em></span> 
     </span>
    </p>
   </div>
   <div class='ocr_carea' id='block_1_3' title="bbox 128 2865 1523 2972">
    <p class='ocr_par' dir='ltr' id='par_1_3' title="bbox 128 2865 1523 2972">
     <span class='ocr_line' id='line_1_40' title="bbox 128 2865 1523 2920; baseline 0.001 -20"><span class='ocrx_word' id='word_1_356' title='bbox 128 2875 288 2902; x_wconf 78' lang='lat' dir='ltr'><em>sacrum</em></span> <span class='ocrx_word' id='word_1_357' title='bbox 323 2878 369 2902; x_wconf 77' lang='lat' dir='ltr'><em>ex</em></span> <span class='ocrx_word' id='word_1_358' title='bbox 402 2865 554 2905; x_wconf 77' lang='lat' dir='ltr'><em>decreto</em></span> <span class='ocrx_word' id='word_1_359' title='bbox 584 2867 821 2919; x_wconf 65' lang='lat' dir='ltr'><em>pontificum</em></span> <span class='ocrx_word' id='word_1_360' title='bbox 862 2868 961 2905; x_wconf 79' lang='lat' dir='ltr'><em>inssi</em></span> <span class='ocrx_word' id='word_1_361' title='bbox 987 2867 1136 2918; x_wconf 61' lang='lat' dir='ltr'><em>jecere,</em></span> <span class='ocrx_word' id='word_1_362' title='bbox 1171 2880 1247 2920; x_wconf 86' lang='lat' dir='ltr'><em>pro</em></span> <span class='ocrx_word' id='word_1_363' title='bbox 1288 2881 1373 2920; x_wconf 85' lang='lat' dir='ltr'><em>quo</em></span> <span class='ocrx_word' id='word_1_364' title='bbox 1411 2868 1523 2905; x_wconf 75' lang='lat' dir='ltr'><em>iussit</em></span> 
     </span>
     <span class='ocr_line' id='line_1_41' title="bbox 1178 2935 1292 2972; baseline 0.009 -1"><span class='ocrx_word' id='word_1_365' title='bbox 1178 2946 1203 2971; x_wconf 81' lang='grc' dir='ltr'><strong>Λ</strong></span> <span class='ocrx_word' id='word_1_366' title='bbox 1223 2947 1245 2972; x_wconf 83' lang='lat' dir='ltr'><em>n</em></span> <span class='ocrx_word' id='word_1_367' title='bbox 1267 2935 1292 2972; x_wconf 88' lang='grc'><strong>2</strong></span> 
     </span>
    </p>
   </div>
  </div>
 </body>
</html>
