1888 3194
160 314 202 345 U.
219 314 257 345 C.
279 312 352 353 580.

158 358 197 388 A.
221 358 258 389 C.
284 363 353 395 172.

159 540 199 570 In
217 541 335 573 Eume-

159 593 231 613 nem
249 595 317 624 per-

158 635 300 658 cussores

157 669 256 699 mittit
274 671 348 701 Per-

157 720 238 743 sens.

158 1696 271 1726 Ascen—

156 1739 285 1768 dentem

158 1781 219 1811 Del
225 1781 305 1821 phos

156 1824 316 1863 lapidibus

155 1867 303 1897 obruunt.

223 2035 284 2073 16.

358 214 410 252 52

874 210 1020 252 ΤΙΤΙ
1061 209 1238 251 LIVII

363 300 574 343 eeleritate
614 309 789 358 poterat,
830 316 1037 358 regressus
1077 302 1121 342 in
1161 301 1472 352 Macedoniam,
1513 301 1744 342 nuntiasset

365 358 466 415 regi,
487 359 676 400 nondum
698 359 869 415 quidem
897 368 1087 416 parantes
1107 358 1265 401 bellum
1286 358 1500 415 reliquisse
1521 375 1564 400 se
1588 359 1744 400 Roma-

365 432 454 466 nOS,
477 417 551 458 sed
577 417 636 458 ita
662 417 844 467 infestos,
866 426 914 458 ut
937 417 1055 458 facile
1083 424 1313 473 appareret,
1335 432 1422 457 non
1443 417 1669 466 dilaturos3
1701 424 1745 458 et

365 474 466 530 ipse,
492 483 783 530 praeterquam
805 474 919 530 quod
940 484 982 516 et
1002 475 1060 515 ita
1079 474 1274 515 credebat
1293 474 1493 524 futurum,
1515 475 1596 515 iam
1618 474 1745 515 etiam

365 532 542 581 volebat,
561 533 605 573 in
625 533 725 573 flore
747 532 897 573 virium
918 548 960 573 se
982 531 1155 573 credens
1178 547 1277 572 esse.
1334 531 1515 573 Eumeni
1537 540 1634 572 ante
1656 547 1744 572 om-
1759 547 1776 567 2

366 605 440 631 nes
461 590 633 631 infestus
654 598 766 631 erat:
800 605 823 630 a
844 589 961 630 cuius
981 589 1182 644 sanguine
1214 589 1380 630 ordiens
1407 589 1577 639 bellum,
1602 588 1745 630 Euan-

366 647 487 688 drum
518 648 774 696 Cretensem,
804 647 955 688 ducem
983 646 1245 695 auxiliorum,
1275 655 1317 687 et
1350 646 1608 688 Macedonas
1647 654 1743 696 tres,

366 713 548 746 assuetos
570 704 806 745 ministeriis
828 704 972 744 talium
993 704 1236 752 facinorum,
1254 704 1307 744 ad
1328 704 1498 745 eaedem
1519 705 1627 760 regis
1648 705 1745 745 sub-

366 771 506 803 ornat:
549 761 770 817 literasque
807 761 856 801 iis
892 761 963 801 dat
998 761 1050 801 ad
1084 761 1221 801 Praxo
1256 761 1476 817 hospitam,
1511 762 1745 818 principem

365 820 609 861 auctoritate
631 828 671 859 et
693 819 840 874 opibus
861 818 1138 873 Delphorum.
1204 817 1310 858 Satis
1340 819 1566 868 constabat,
1589 818 1745 860 Eume-

364 893 475 926 nem,
498 886 544 917 ut
568 876 814 916 sacrificaret
836 875 1039 931 Apollini,
1062 874 1252 930 Delphos
1279 890 1556 916 escensurum.
1618 875 1747 917 Prae-

364 935 491 990 gressi
513 948 607 974 cum
626 933 825 973 Euandro
842 932 1116 982 insidiatores,
1130 931 1236 972 nihil
1252 932 1366 973 aliud
1386 933 1439 974 ad
1459 933 1745 990 peragendum
1760 947 1778 978 3

365 993 593 1047 inceptum,
616 1006 742 1046 quam
773 990 854 1031 loci
875 990 1241 1046 opportunitatem,
1265 990 1405 1031 omnia
1424 991 1744 1041 circumeuntes,

365 1049 631 1105 quaerebant.
696 1047 1030 1089 Escendentibus
1061 1047 1114 1088 ad
1144 1047 1347 1103 templum
1378 1064 1402 1089 a
1428 1049 1590 1098 Cirrha,
1611 1049 1746 1105 prius-

365 1122 489 1162 quam
525 1106 811 1162 perveniretur
846 1105 898 1146 ad
933 1105 1169 1161 frequentia
1200 1105 1400 1146 aedificiis
1431 1105 1533 1156 loca,
1568 1106 1746 1147 maceria

364 1173 452 1205 erat
472 1164 523 1205 ab
544 1164 660 1204 laeva
680 1163 851 1204 semitae
872 1163 1059 1219 paullum
1080 1163 1281 1204 exstantis
1309 1178 1333 1204 a
1352 1163 1638 1213 fundamento,
1662 1179 1778 1220 qua4

364 1221 515 1278 singuli
549 1221 795 1270 transirent3
828 1221 975 1261 dextra
1001 1235 1094 1276 pars
1124 1220 1215 1261 labe
1247 1229 1377 1262 terrae
1409 1221 1453 1261 in
1484 1221 1766 1276 aliquantum.

364 1279 597 1320 altitudinis
632 1279 808 1334 derupta
843 1287 940 1319 erat.
1010 1278 1111 1319 Post
1146 1278 1366 1320 maceriam
1399 1294 1441 1319 se
1479 1279 1776 1329 abdiderunt,5

364 1337 559 1393 gradibus
592 1337 795 1386 astructis,
827 1345 874 1377 ut
905 1351 957 1377 ex
987 1351 1047 1385 ea,
1076 1335 1191 1377 velut
1226 1351 1248 1376 e
1281 1351 1413 1385 muro,
1443 1336 1525 1377 tela
1552 1336 1597 1377 in
1626 1352 1746 1393 prae-

365 1403 600 1436 tereuntem
636 1394 901 1435 coniicerent.
964 1393 1106 1434 Primo
1141 1408 1165 1434 a
1196 1393 1312 1442 mari,
1345 1394 1592 1435 circumfusa
1624 1394 1778 1435 turba6

363 1453 591 1494 amicorum
623 1467 669 1493 ac
700 1451 937 1501 satellitum,
963 1450 1240 1507 procedebat:
1276 1451 1429 1492 deinde
1461 1452 1746 1493 extenuabant

362 1510 579 1566 paullatim
612 1509 825 1566 angustiae
857 1524 1018 1565 agmen.
1082 1508 1169 1549 Ubi
1199 1508 1252 1549 ad
1282 1524 1379 1549 eum
1410 1509 1548 1550 locum
1572 1518 1745 1551 ventum

363 1577 438 1618 est,
465 1583 548 1623 qua
577 1566 749 1623 singulis
779 1567 967 1607 eundum
998 1574 1097 1615 erat,
1129 1565 1286 1622 primus
1317 1566 1507 1608 semitam
1537 1567 1746 1623 ingressus

363 1625 595 1666 Pantaleon
613 1624 805 1666 Aetoliae
827 1623 1032 1680 princeps,
1051 1638 1147 1664 cum
1164 1639 1249 1679 quo
1268 1623 1482 1664 institutus
1502 1624 1590 1679 regi
1611 1639 1746 1666 sermo

363 1693 461 1724 erat.
507 1683 619 1723 Tum
641 1682 900 1723 insidiatores
917 1681 1051 1722 exorti
1072 1696 1171 1722 saxa
1191 1681 1275 1721 duo
1292 1681 1479 1737 ingentia
1493 1681 1742 1723 devolvunt:

364 1755 540 1796 quorum
563 1740 692 1780 altero
714 1748 838 1795 caput
859 1739 989 1779 ictum
1017 1747 1079 1779 est
1108 1738 1209 1794 regi,
1232 1738 1360 1779 altero
1381 1738 1579 1780 humerus
1592 1755 1603 1789 3
1635 1739 1745 1796 sopi-
1760 1754 1778 1786 7

365 1809 514 1853 tusque
537 1813 589 1838 ex
611 1797 757 1838 semita
787 1796 959 1852 proclivi
980 1796 1064 1837 ruit
1084 1796 1128 1836 in
1149 1796 1322 1845 declive,
1345 1796 1486 1838 multis
1507 1811 1632 1853 super
1649 1812 1746 1853 pro-

363 1856 525 1911 lapsum
555 1855 637 1896 iam
666 1854 773 1895 saxis
798 1854 1015 1909 congestis.
1079 1853 1135 1894 Et
1155 1854 1282 1894 ceteri
1304 1853 1475 1908 quidem
1497 1854 1620 1895 etiam
1642 1855 1746 1896 ami-

364 1928 507 1954 corum
529 1921 571 1953 et
592 1912 828 1960 satellitum,
845 1919 1066 1966 postquam
1087 1910 1306 1951 cadentem
1323 1910 1477 1960 videre,
1493 1911 1742 1967 diffugiunt:

364 1969 596 2011 Pantaleon
627 1977 864 2010 constanter
898 1967 1132 2023 impavidus
1164 1967 1316 2008 mansit
1350 1967 1404 2009 ad
1438 1969 1744 2024 protegendum

363 2043 516 2084 regem.
579 2026 795 2074 Latrones,
814 2040 944 2081 quum
966 2025 1080 2065 brevi
1101 2024 1276 2065 circuitu
1299 2026 1502 2067 maceriae
1524 2025 1744 2068 decurrere

364 2086 417 2126 ad
449 2084 758 2126 conficiendum
793 2082 979 2124 saucium
1018 2090 1200 2138 possent,
1231 2082 1347 2123 velut
1385 2083 1570 2139 perfecta
1608 2099 1666 2134 re,
1699 2084 1769 2133 in,

364 2144 509 2199 iugum
539 2142 712 2183 Parnasi
741 2141 984 2196 refugerunt
1016 2155 1065 2181 eo
1101 2154 1237 2189 cursu,
1269 2148 1328 2190 ut,
1358 2155 1489 2196 quum
1521 2156 1628 2182 unus
1658 2157 1745 2183 non

363 2200 481 2242 facile
504 2199 719 2256 sequendo
740 2213 814 2254 per
834 2198 947 2238 invia
967 2206 1092 2253 atque
1114 2197 1244 2238 ardua
1263 2206 1494 2239 moraretur
1513 2198 1653 2255 fugam
1674 2215 1747 2241 eo-

363 2273 468 2308 rum,
487 2273 539 2299 ne
561 2272 614 2298 ex
635 2271 880 2312 comprenso
900 2255 1103 2296 indicium
1125 2263 1350 2305 emanaret,
1369 2255 1599 2298 occiderint
1618 2257 1746 2298 comi·
1759 2266 1779 2297 8

408 2428 424 2448 ‘z
448 2420 580 2457 Inflare
596 2418 731 2455 virium]
767 2415 897 2452 Quibus
911 2416 952 2445 ad
967 2416 1032 2445 bel-

367 2462 431 2490 lum
455 2465 565 2490 contra
581 2461 746 2491 Romanos
767 2459 942 2499 gerendum
966 2461 1033 2488 ute—

364 2506 458 2533 retur.

408 2554 424 2583 3
448 2546 671 2584 Insidiatores]
692 2544 830 2576 Insidias
846 2544 903 2574 has
918 2543 949 2573 in
967 2543 1032 2573 Eu-

364 2597 492 2617 menem
516 2597 621 2625 regem
646 2591 781 2617 structas
803 2589 1034 2617 commemorat

365 2630 481 2669 Polyb.
497 2629 530 2659 in
548 2629 699 2668 Excerpt.
718 2629 868 2659 Vatican.
884 2628 961 2658 xxii.
982 2637 1007 2658 1.

400 2684 418 2711 4
434 2672 589 2701 Paullum
598 2673 769 2709 mutantis]
786 2671 953 2701 Bekkerus
965 2670 1032 2700 alii-

364 2725 426 2754 que
441 2719 570 2745 ems-tans
585 2724 642 2752 pro
657 2715 811 2743 ewstrmtis
828 2714 1018 2752 praeferunt.

407 2764 423 2795 5
448 2758 597 2795 Dempta
613 2756 699 2792 erat]
740 2756 791 2784 Ita
808 2755 960 2785 Dukerus
976 2765 1033 2794 pro

362 2801 473 2830 diruta.
488 2803 568 2830 erac.

406 2841 425 2873 6
448 2843 559 2871 Primo
574 2851 594 2871 α
608 2840 707 2877 mari]
734 2838 841 2868 Primo
862 2839 937 2869 dum
964 2850 1032 2878 pro-

364 2885 521 2915 cedebant
537 2894 556 2913 a
571 2883 662 2917 mari,
672 2882 757 2921 quod
770 2881 916 2912 Cirrham
929 2882 1033 2918 alluit,

362 2926 523 2958 ascensuri
562 2925 718 2964 Delphos.
775 2923 888 2955 Cirrha
925 2927 1034 2962 portus

364 2969 569 3009 Delphorum
593 2972 650 2998 est.
697 2967 815 2997 Itidem
841 2965 1035 2996 Plutarchus

1077 2415 1160 2444 hanc
1182 2414 1285 2453 ipsam
1309 2425 1375 2445 rem
1398 2426 1528 2447 narrans
1549 2416 1582 2446 in
1605 2415 1686 2446 libro
1706 2417 1747 2447 de

1077 2457 1231 2487 Fraterno
1249 2458 1378 2495 Amore,
1397 2458 1505 2489 scribit
1526 2457 1658 2489 insidias
1679 2458 1747 2489 Eu-

1076 2498 1161 2529 meni
1186 2499 1304 2538 positas
1319 2510 1418 2538 quum
1441 2500 1500 2531 iret
1520 2499 1595 2541 πρὸς
1608 2500 1664 2530 τὸν
1679 2500 1748 2531 θεὸν

1077 2541 1136 2572 ἀπὸ
1158 2540 1328 2578 θαλάσσης.
1375 2543 1506 2573 Frustra
1527 2553 1601 2583 ergo
1622 2543 1747 2574 Grono-

1080 2584 1146 2615 vius
1181 2584 1267 2614 hunc
1302 2584 1385 2614 Livii
1416 2585 1525 2615 locum
1561 2589 1746 2625 suspectum

1077 2627 1185 2665 habet,
1222 2630 1393 2665 censetque
1428 2627 1601 2666 legendum
1639 2630 1746 2668 primo

1078 2671 1212 2709 aymine.
1258 2669 1352 2700 Nihil
1366 2670 1569 2701 mutandum.
1593 2671 1699 2702 CREV.

1122 2720 1138 2751 7
1161 2714 1347 2748 Humerus;
1370 2713 1554 2752 sopitusque
1575 2723 1615 2743 ex
1633 2714 1746 2744 semita

1073 2756 1211 2794 proclivi
1233 2755 1300 2784 ruit
1322 2756 1357 2784 in
1380 2755 1512 2792 declive]
1551 2754 1648 2784 Hanc
1664 2755 1746 2794 opti-
1792 2784 1797 2790 ,

1076 2807 1164 2827 mam
1187 2797 1358 2827 lectionem
1382 2796 1521 2827 Bekker.
1545 2806 1672 2836 quoque
1699 2807 1747 2828 re-
1776 2802 1782 2810 “

1079 2839 1176 2879 cepit,
1188 2850 1245 2879 pro
1259 2840 1342 2878 vulg.
1358 2840 1510 2870 humerus
1522 2841 1654 2879 sopitus.
1690 2841 1746 2871 Ea·

1077 2884 1188 2912 semita
1201 2883 1336 2922 proclivi
1352 2883 1387 2912 in
1402 2883 1520 2913 declive
1537 2906 1544 2913 .
1560 2905 1567 2913 .
1585 2905 1593 2912 .

1120 2925 1139 2953 8
1161 2926 1214 2955 Ne
1233 2936 1273 2955 ew
1292 2925 1490 2964 comprenso]
1530 2924 1584 2955 Ne
1600 2935 1639 2955 ex
1655 2934 1705 2963 eo,
1720 2925 1746 2956 si

1079 2976 1148 2995 com
1153 2967 1229 3004 preh
1234 2978 1272 2997 eu
1276 2967 1411 2997 deretur.
