1888 3194
510 173 638 216 LIB.
671 172 812 214 XLV.
858 172 1007 214 CAP.
1042 177 1109 216 39.
1430 176 1511 218 217

111 265 249 322 pulus,
265 265 488 308 exstructis
508 279 583 321 per
603 264 740 306 forum
763 272 807 305 et
827 272 967 305 cetera
987 263 1102 304 urbis
1123 262 1226 312 loca,
1244 278 1328 319 qua
1350 264 1512 306 traduci
1530 274 1573 306 U.
1590 274 1629 306 C.
1651 274 1724 314 585.

113 338 311 380 pompam
339 322 570 378 oportebat,
597 321 794 363 tabulatis
822 321 1083 362 theatrorum
1107 320 1152 361 in
1177 321 1365 370 modum,
1395 336 1513 377 spec·
1527 318 1566 349 A.
1590 318 1629 349 C.
1655 316 1725 357 ι67·

115 381 217 422 tavit
250 380 295 421 in
330 378 521 421 candidis
556 379 676 435 togis.
752 378 915 434 Aperta
950 377 1108 434 templa
1142 377 1285 419 omnia
1319 386 1363 419 et
1394 379 1513 420 sertis

114 444 312 479 coronata
343 446 435 478 ture
465 436 694 478 fumabant.
758 435 948 477 Lictores
979 434 1262 491 satellitesque
1295 435 1512 477 confluen-

114 502 200 535 tem
231 502 387 536 temere
420 494 585 535 turbam
615 502 659 535 et
685 508 788 549 vage
817 493 1123 534 discurrentem
1150 501 1462 534 summoventes
1487 509 1510 534 e

113 550 267 601 medio,
290 560 482 607 patentes
501 550 585 592 late
605 551 691 592 vias
712 565 948 606 vacuasque
969 550 1239 606 praebebant.
1299 549 1445 598 Quum
1467 551 1511 591 in

113 616 211 658 tres,
245 618 292 650 ut
329 609 527 658 diximus,
561 607 651 649 dies
681 608 903 649 distributa
937 616 1047 648 esset
1078 622 1233 664 pompa
1268 607 1510 664 spectaculi,

112 665 274 723 primus
308 665 398 708 dies
432 666 504 707 vix
540 666 706 707 suffecit
746 664 1064 706 transvehendis
1103 665 1232 721 signis
1273 665 1510 722 tabulisque

113 723 300 780 captivis,
333 724 378 764 in
408 723 613 765 ducentos
644 723 952 780 quinquaginta
981 737 1126 764 currus
1157 723 1372 779 impositis.
1437 723 1513 765 Se-

114 781 262 837 quenti
283 781 352 823 die
374 781 517 823 multis
536 780 731 837 plaustris
753 780 1011 830 translatum,
1034 780 1239 837 quicquid
1262 780 1513 822 Macedoni-

114 853 260 880 comm
281 853 491 880 armorum
513 838 842 895 pulcherrimum
867 846 911 879 et
935 838 1397 894 magnificentissimum
1417 838 1510 889 fuit,

115 910 225 952 quae
246 905 290 938 et
310 896 399 953 ipsa
418 896 515 937 ferri
537 905 608 937 aut
634 895 739 937 aeris
763 910 910 937 recens
935 895 1033 937 tersi
1058 895 1193 937 nitore
1219 895 1510 952 splendebant,

115 962 159 994 et
190 953 249 994 ita
280 963 438 996 structa
469 962 588 995 crant
620 954 731 994 inter
762 969 818 1003 se,
853 962 913 1002 ut,
948 968 1080 1009 quum
1114 953 1338 994 acervatim
1371 954 1512 1010 potius

115 1010 340 1061 cumulata,
386 1026 513 1067 quam
563 1011 783 1052 artificiose
834 1010 1008 1067 digesta,
1054 1010 1312 1061 viderentur,
1363 1011 1512 1052 miram

114 1067 328 1124 quandam
359 1068 438 1109 hae
465 1069 555 1124 ipsa
574 1067 691 1109 velut
718 1068 937 1108 temeraria
964 1076 1007 1108 ct
1033 1067 1206 1109 fortuita
1237 1069 1511 1110 concursione

113 1125 295 1181 speciem
325 1125 557 1166 obiicerent
588 1124 743 1166 oculis:
776 1124 920 1180 galeae
951 1125 1092 1175 scutis,
1115 1133 1158 1166 et
1184 1124 1336 1167 loricae
1365 1126 1510 1177 ocreis,

113 1190 157 1223 et
176 1181 314 1238 peltae
335 1182 543 1232 Creticae,
561 1190 604 1223 et
621 1181 660 1222 Τ
663 1181 852 1223 hracicae
870 1190 1047 1232 caetrae,
1069 1190 1111 1223 et
1124 1182 1344 1238 pharetrae
1362 1198 1513 1239 eques-

114 1239 246 1281 tribus
266 1240 498 1296 permixtae
519 1239 660 1288 frenis,
679 1239 895 1295 strictique
917 1239 1046 1295 gladii
1068 1239 1167 1281 hinc
1188 1239 1288 1281 inde
1310 1255 1511 1282 mucrone

114 1306 280 1339 exserto
306 1297 503 1347 minaces,
526 1306 569 1338 et
589 1312 611 1338 e
634 1296 834 1338 lateribus
859 1298 1094 1338 eminentes
1119 1297 1302 1339 sarissae.
1365 1297 1511 1354 Atque

113 1354 218 1396 haec
238 1355 381 1397 omnia
396 1370 528 1411 quum
549 1354 686 1396 laxius
706 1354 847 1396 vincta
863 1354 973 1396 inter
993 1369 1036 1396 se
1058 1354 1208 1405 forent,
1226 1355 1260 1396 si
1276 1355 1447 1411 quando
1468 1355 1513 1396 in

113 1412 425 1454 transvehendo
457 1413 536 1454 sibi
570 1421 718 1453 mutuo
751 1412 1037 1462 alliderentur,
1064 1411 1269 1454 Martium
1298 1413 1513 1470 quendam

114 1484 163 1511 ac
193 1469 422 1512 terribilem
451 1470 635 1512 edebant
662 1485 825 1520 sonum,
848 1479 896 1511 ut
920 1485 974 1511 ne
996 1470 1106 1512 victa
1127 1470 1301 1527 quidem
1325 1470 1513 1527 conspici

116 1536 288 1584 possent
326 1528 416 1569 sine
458 1528 642 1584 quodam
684 1530 921 1569 animorum
961 1527 1144 1570 horrore.
1208 1528 1322 1570 Tum
1363 1537 1514 1570 onusta

115 1593 289 1641 argento
329 1585 492 1640 signato
532 1599 630 1626 vasa
669 1585 979 1642 quinquaginta
1018 1600 1145 1642 supra
1183 1586 1452 1643 septingenta
1490 1601 1515 1628 a

115 1642 249 1683 tribus
269 1641 452 1684 millibus
471 1642 693 1684 hominum
714 1643 998 1698 portabantur.
1062 1643 1165 1684 Tria
1185 1643 1342 1685 talenta
1362 1643 1406 1684 in
1428 1644 1514 1684 sin—

114 1699 224 1756 gulis
247 1715 272 1740 a
291 1700 505 1755 quaternis
526 1708 687 1756 gestata
706 1699 958 1741 hominibus.
1023 1700 1156 1742 Erant
1177 1709 1219 1742 et
1239 1701 1313 1757 qui
1335 1710 1514 1743 crateras

115 1767 349 1814 argenteos,
381 1765 424 1799 et
455 1757 629 1814 phialas,
658 1766 701 1798 ct
733 1757 895 1807 calices,
925 1766 968 1799 ct
999 1773 1157 1799 cornua
1188 1758 1390 1808 ferebant,
1423 1767 1513 1800 tum

115 1824 212 1871 apte
245 1815 356 1856 inter
387 1830 430 1856 se
463 1814 677 1864 collocata,
707 1823 797 1855 tum
831 1815 1135 1871 magnitudine,
1165 1824 1208 1856 ct
1239 1815 1442 1872 pondere,
1472 1825 1514 1857 et

115 1872 318 1914 exstantis
345 1872 564 1928 insigniter
592 1872 825 1914 caelaturae
857 1873 1034 1914 artificio
1063 1873 1301 1929 conspicua.
1365 1873 1514 1915 Tertio

115 1938 257 1971 autem
281 1930 350 1970 die
376 1930 530 1971 ducere
564 1945 715 1986 agmen
749 1930 884 1985 primo
917 1930 1054 1971 statim
1089 1945 1211 1972 mane
1240 1946 1417 1987 coepere
1447 1939 1514 1972 tu-

115 1987 288 2038 bicines,
311 2002 397 2028 non
428 1987 554 2028 festos
584 1987 837 2028 sollennium
867 2002 1114 2044 pomparum
1144 1987 1303 2038 modos,
1326 1988 1401 2030 sed
1426 1988 1513 2030 bel-

115 2044 243 2086 licum
271 2053 482 2094 canentes,
505 2045 624 2100 quasi
653 2044 697 2085 in
728 2044 860 2086 aciem
886 2045 1203 2102 procedendum
1228 2046 1346 2087 foret.
1412 2046 1514 2087 Post

115 2102 192 2144 hos
219 2103 452 2168 agebantur
479 2102 671 2159 pingues,
694 2102 891 2143 cornibus
919 2103 1085 2152 auratis,
1108 2111 1151 2144 et
1171 2103 1284 2144 vittis
1309 2103 1512 2159 sertisque

115 2159 299 2202 redimlti
339 2160 467 2201 boves
503 2168 675 2201 centum
711 2168 755 2201 et
789 2160 950 2216 viginti.
1015 2159 1242 2202 Ducebant
1274 2176 1346 2203 eos
1385 2161 1513 2203 cincti

115 2216 251 2259 fasciis
280 2217 437 2259 eximio
468 2233 593 2274 opere
628 2217 754 2259 textis
785 2217 970 2267 iuvenes,
993 2218 1146 2274 quibus
1176 2219 1350 2260 comites
1381 2218 1513 2260 additi

117 2275 238 2340 pueri
258 2284 421 2332 pateras
441 2290 587 2316 aureas
603 2284 906 2332 argenteasque
923 2276 1153 2331 gestabant.
1219 2275 1515 2333 Sequebantur

116 2332 160 2382 li,
183 2333 257 2389 qui
277 2333 487 2390 signatum
510 2348 658 2374 aurum
681 2333 724 2373 in
746 2333 851 2374 vasis
875 2342 1036 2389 septem
1059 2344 1101 2375 ct
1122 2335 1388 2391 septuaginta
1408 2334 1515 2376 fere-

116 2389 230 2440 bant,
272 2406 452 2447 quorum
494 2390 844 2447 unumquodque,
887 2391 1245 2447 quemadmodum
1287 2401 1329 2433 et
1369 2407 1432 2442 ca,
1469 2392 1513 2432 in

149 2447 270 2489 uibus
302 2457 523 2505 argentum
558 2448 803 2490 translatum
837 2448 983 2497 fuerat,
1020 2449 1098 2490 tria
1131 2449 1287 2490 talenta
1319 2449 1511 2492 habebat.

162 2520 231 2546 um
253 2506 463 2547 visebatur
487 2521 603 2547 sacra
630 2505 772 2562 phiala
792 2505 939 2547 decem
970 2506 1223 2548 talentorum
1246 2507 1388 2563 pondo
1410 2507 1512 2556 auri,

118 2563 308 2619 pretiosis
335 2563 533 2605 distincta
559 2564 748 2620 gemmiS,
772 2579 898 2619 quam
929 2563 1103 2605 Paullus
1131 2565 1367 2606 faciendam
1395 2580 1514 2606 cura-

119 2629 245 2670 verat,
259 2630 301 2662 et
317 2621 612 2677 Antigonides‚
631 2621 969 2677 Seleucidcsque,
985 2631 1027 2662 et
1041 2621 1080 2662 T
1084 2622 1275 2672 hericlca‚
1291 2632 1513 2680 ceteraque

118 2677 269 2775 pocula
300 2693 353 2719 ex
387 2694 501 2728 auro,
531 2679 684 2735 quibus
713 2678 855 2720 Persei
890 2678 1070 2720 triclinia
1102 2680 1369 2721 ornabantur.
1435 2681 1514 2721 Su-

149 2734 234 2776 ibat
255 2734 398 2777 Persei
425 2751 582 2786 curruS,
605 2736 695 2777 eius
723 2737 847 2777 armis
875 2746 1062 2786 onustus,
1088 2737 1234 2778 addito
1262 2737 1510 2779 diademate.

123 2789 386 2847 Sequebatur
405 2808 453 2834 ca
470 2794 664 2834 >tivorum
687 2809 864 2849 agmen:
901 2793 1065 2851 Bithys,
1090 2795 1238 2852 Cotyis
1260 2795 1368 2851 regis
1391 2795 1512 2840 lilius.

121 2847 239 2889 obses
260 2849 302 2890 in
327 2808 621 2891 Macedoniam
643 2866 667 2892 a
688 2861 804 2907 patre
828 2852 988 2901 missus,
1006 2867 1053 2892 ac
1074 2852 1230 2893 deinde
1252 2867 1349 2893 cum
1373 2852 1512 2892 l'crsci

123 2902 261 2946 liberis
281 2916 426 2961 captus
447 2922 470 2948 a
495 2907 721 2956 Romanis;
757 2917 844 2949 tum
867 2908 942 2965 ipsi
966 2908 1108 2951 Persei
1131 2909 1263 2960 liberi,
1286 2909 1512 2951 comitante

119 2504 131 2519 7
