1888 3194
552 220 680 263 LIB.
715 219 857 262 XLV.
903 219 1050 262 CAP.
1085 223 1153 263 36.
1473 223 1551 262 211

157 311 386 354 ‘honorem
407 310 507 352 dare
532 310 680 366 posse!
711 325 765 352 ne
790 319 976 367 speraret
1000 310 1059 351 ibi
1083 310 1265 351 fructum
1288 309 1459 364 gratiae,
1483 310 1553 350 ubi
1571 317 1614 348 U.
1631 317 1669 348 C.
1693 317 1765 356 55³5-

156 374 270 411 ‘non
291 368 535 410 meruisset.'
1567 361 1607 391 Α.
1631 362 1670 391 (τ.
1698 360 1765 398 ι(.7,

214 425 296 467 His
327 425 522 475 incitatis,
557 440 690 481 quum
726 425 770 466 in
807 425 1021 481 Capitolio
1056 425 1316 481 rogationem
1353 439 1444 467 eam
1483 423 1549 464 Ti.
1630 426 1697 465 36.

157 482 430 539 Sempronius
462 483 655 524 tribunus
686 482 821 539 plebis
852 482 992 532 ferret,
1015 491 1058 524 et
1087 483 1259 539 privatis
1286 481 1338 524 dc
1366 482 1459 538 lege
1489 480 1553 520 di-

122 539 280 582 scendi
313 539 430 582 loeus
465 549 585 590 esset,
618 540 692 581 sed
727 540 781 581 ad
815 539 1094 590 suadendum,
1128 549 1176 581 ut
1212 541 1256 581 in
1292 555 1335 582 re
1377 538 1550 580 minime

153 597 295 648 dubia,
312 597 427 639 haud
447 598 671 654 quisquam
693 597 964 654 procederet3
1001 597 1088 639 Ser.
1107 597 1245 639 Galba
1266 606 1439 654 repente
1457 611 1552 652 pro·
1566 606 1631 652 Ser.
1649 606 1758 636 Galba

152 655 288 705 cessit,
322 664 365 697 et
399 670 424 696 a
459 655 637 696 tribunis
668 655 907 712 postulavit,
956 655 1060 705 ‘Ut,
1095 655 1297 711 quoniam
1332 655 1435 696 hora
1469 654 1550 694 iam
1565 649 1727 720 {his-,uuis

154 717 329 755 ‘octava
356 712 442 754 diei
470 721 591 763 esset,
618 728 698 754 nee
728 713 825 754 satis
859 713 1059 769 temporis
1091 713 1146 754 ad
1176 711 1551 754 demonstrandum
1565 701 1730 772 tssffiffphf,

154 769 370 821 ‘haberet,
403 785 479 812 cur
512 770 562 811 L.
580 769 812 811 Aemilium
849 785 936 811 non
971 770 1166 812 iuberent
1201 769 1474 826 triumphare,
1508 769 1553 809 in
1566 775 1685 806 Paulli.

156 833 169 852 ‘
214 836 397 870 osterum
435 827 547 869 diem
584 827 815 877 differrent,
853 836 896 869 et
938 843 1061 869 mane
1105 842 1196 869 eam
1238 842 1324 869 rem
1367 835 1552 883 agerent.

157 843 358 942 ‘futegro
398 885 477 927 sibi
513 885 582 926 die
625 885 679 926 ad
715 900 881 927 causam
921 900 1014 927 eam
1050 885 1251 927 orandam
1295 900 1401 941 opus
1440 884 1555 926 esse.'

159 942 306 993 Quum
345 942 538 984 tribunus
577 942 718 984 dicere
761 957 811 984 eo
852 942 933 992 die,
975 943 1009 984 si
1051 942 1155 999 quid
1194 942 1332 991 vellet,
1375 943 1552 990 iuberet,

155 1000 199 1042 in
247 1010 415 1042 noctem
460 1015 550 1042 rem
591 1000 774 1041 dicendo
818 1000 1013 1050 extraxit,
1055 999 1276 1041 referendo
1321 999 1554 1041 admonen-

155 1057 312 1115 doque,
365 1057 556 1099 ‘Exacta
604 1058 751 1098 acerbe
799 1057 946 1098 munia
992 1057 1193 1106 militiae;
1245 1057 1340 1113 plus
1387 1057 1552 1104 laboris,

157 1115 279 1172 ‘plus
298 1115 487 1172 periculi,
506 1130 634 1171 quam
656 1113 932 1156 desiderasset
954 1129 1031 1164 res,
1054 1114 1290 1156 iniunctum
1310 1131 1319 1163 3
1343 1124 1489 1156 contra
1510 1114 1553 1154 in

156 1172 391 1229 ‘praemiis,
429 1173 472 1213 in
514 1172 756 1221 honoribus,
799 1171 941 1213 omnia
974 1180 1131 1213 artata:
1185 1171 1476 1227 militiamque,
1519 1172 1553 1212 si

122 1229 336 1272 4‘talibus
385 1229 583 1272 succedat
637 1229 828 1279 ducibus,
880 1229 1157 1271 horridiorem
1214 1229 1553 1285 asperioremque

156 1293 170 1312 ‘
183 1287 460 1337 beUantibus3
488 1286 667 1329 eandem
684 1286 911 1329 victoribus
928 1286 1098 1343 inopem
1116 1295 1242 1343 atque
1260 1286 1553 1328 inhonoratam

157 1345 379 1388 ‘futuram
443 1344 704 1387 Macedonas
739 1345 783 1385 in
817 1344 988 1386 meliore
1021 1344 1202 1394 fortuna,
1236 1359 1363 1400 quam
1401 1343 1555 1385 milites

157 1408 170 1428 ‘
187 1401 414 1453 Romanos,
437 1418 538 1445 esse.
604 1402 648 1444 Si
668 1402 910 1459 frequentes
931 1411 1097 1459 postero
1119 1401 1188 1443 die
1213 1402 1268 1443 ad
1288 1401 1426 1458 legem
1448 1401 1556 1443 anti-

157 1465 170 1485 ‘
184 1460 399 1518 quandam
420 1460 627 1511 adessent,
645 1460 933 1502 intellecturos
954 1469 1150 1516 potentes
1165 1460 1288 1510 viros,
1306 1474 1393 1501 non
1415 1459 1557 1501 onmia

157 1518 230 1559 ‘in
251 1518 383 1568 ducis,
406 1518 567 1574 aliquid
595 1527 637 1559 ct
662 1518 706 1559 in
736 1517 918 1559 militum
947 1532 1078 1559 manu
1106 1517 1222 1559 esse.'
1283 1516 1364 1558 His
1385 1517 1557 1558 vocibus

157 1575 334 1625 incitati,
367 1584 534 1632 postero
566 1575 635 1617 die
676 1575 831 1617 milites
868 1584 984 1616 tanta
1019 1575 1257 1632 frequentia
1295 1573 1555 1631 Capitolium

157 1647 250 1674 com
283 1632 488 1683 leverunt,
515 1641 561 1674 ut
594 1632 731 1674 aditus
762 1631 867 1673 nulli
898 1641 1115 1689 praeterea
1142 1632 1195 1673 ad
1223 1632 1469 1688 suffragium
1496 1632 1558 1673 se-

156 1704 231 1732 ren
265 1705 336 1732 um
372 1700 491 1732 esset.
554 1689 672 1732 Intro
706 1698 877 1731 vocatae
918 1690 1076 1746 primae
1114 1689 1245 1731 tribus
1281 1704 1411 1745 quum
1449 1689 1558 1730 anti-

157 1757 350 1806 quarem,
368 1763 596 1789 concursus
617 1747 661 1789 in
684 1746 944 1803 Capitolium
966 1747 1205 1803 principum
1226 1746 1405 1788 civitatis
1425 1746 1557 1787 sactus

158 1814 234 1856 cst,
267 1805 524 1859 ‘Indignum
555 1805 715 1846 facinus
748 1804 863 1853 esse‚'
891 1804 1210 1853 clamitantium,
1246 1809 1257 1828 ‘
1275 1804 1324 1844 L.
1346 1803 1555 1852 Paullum,

160 1863 293 1906 ‘tanti
326 1861 423 1905 belli
456 1863 656 1903 victorem
691 1861 914 1918 despoliari
952 1861 1193 1917 triumpho:
1240 1862 1444 1902 obnoxios
1480 1861 1558 1901 im-

127 1926 399 1978 5‘peratores
432 1919 539 1961 tradi
568 1919 761 1961 licentiae
796 1928 921 1975 atque
951 1919 1147 1960 avaritiae
1181 1919 1362 1959 militari.
1428 1917 1557 1959 Nune

159 1978 312 2020 ‘nimis
344 1992 467 2033 saepe
501 1992 577 2033 per
611 1976 882 2018 ambitionem
919 1976 1094 2032 peccari.
1162 1976 1294 2025 Quid,
1328 1976 1362 2016 si
1395 1975 1557 2016 domini

158 2035 342 2077 ‘milites
371 2034 695 2091 imperatoribus
725 2034 1047 2090 i1np0na11tur?'
1109 2033 1159 2074 In
1194 2033 1376 2074 Galbam
1408 2048 1484 2089 pro
1515 2049 1557 2074 sc

188 2093 253 2135 uis
286 2108 337 2134 ue
370 2093 523 2149 probra
555 2092 758 2148 ingerere.
822 2091 1031 2141 Tandem,
1066 2091 1146 2132 hoc
1181 2090 1366 2132 tumultu
1399 2090 1557 2140 sedato,

157 2109 223 2194 31.
245 2108 457 2200 gervilius,
480 2150 553 2206 qui
582 2149 730 2190 consul
757 2158 799 2191 et
827 2149 1025 2205 magister
1053 2148 1244 2205 equitum
1265 2148 1414 2198 fuerat,
1437 2158 1485 2190 ut
1505 2148 1558 2190 de

158 2209 324 2266 integro
354 2222 446 2250 eam
480 2222 568 2249 rem
604 2215 789 2264 agerent,
821 2206 873 2248 ab
906 2206 1084 2248 tribunis
1116 2215 1272 2262 petere,
1302 2205 1559 2262 dicendique

159 2265 238 2308 sibi
269 2265 323 2307 ad
352 2264 556 2322 populum
587 2273 836 2321 potestatem
869 2264 1065 2306 facerent.
1130 2263 1325 2313 Tribuni,
1348 2279 1480 2320 quum
1506 2264 1559 2305 ad

159 2322 478 2366 deliberandum
512 2322 789 2371 secessissent,
824 2321 923 2363 vieti
956 2321 1274 2363 auetoritatibus
1306 2321 1558 2377 principum,

160 2380 214 2423 de
254 2380 419 2437 integro
460 2395 583 2436 agere
623 2389 867 2436 coeperunt,
913 2388 1263 2435 revocaturosque
1305 2394 1348 2419 se
1389 2379 1557 2420 easdem

205 2520 223 2550 3
238 2511 302 2542 Sed
314 2511 358 2540 ad
370 2510 570 2541 suadendum
588 2533 594 2540 .
607 2533 614 2540 .
627 2533 633 2540 .
650 2510 740 2539 haud
754 2510 838 2551 quis-

161 2554 274 2594 quam]
300 2555 370 2584 Nec
393 2577 400 2584 .
418 2577 425 2584 .
444 2577 450 2583 .
467 2577 474 2584 .
498 2554 666 2593 qnisquam
691 2552 840 2591 Sigonius

162 2596 401 2633 emendaverat,
416 2605 512 2635 quem
534 2599 660 2625 tantum
686 2605 748 2626 non
773 2605 838 2624 om-

885 2520 934 2541 res
957 2511 1039 2541 bene
1065 2511 1168 2541 cedat.
1217 2512 1265 2541 An
1290 2510 1415 2550 scripsit
1441 2510 1561 2546 Livius,

883 2554 910 2582 si
927 2554 1007 2583 talia
1022 2554 1194 2584 succedant
1210 2555 1368 2584 dndlnur'!
1392 2553 1502 2584 Dei-tn.

928 2605 944 2635 5
971 2597 1071 2626 Nunc
1095 2597 1189 2626 nimis
1206 2607 1302 2636 saepe
1318 2620 1325 2626 .
1343 2620 1350 2626 .
1365 2620 1371 2626 .
1389 2620 1396 2627 .
1412 2597 1558 2635 peccari]

163 2647 221 2669 neo
245 2637 345 2669 secuti
373 2643 457 2669 sunt.
507 2637 692 2668 Gronovius
720 2637 841 2677 primus

163 2680 202 2712 de
223 2681 290 2720 leae
313 2690 370 2720 pro
395 2681 479 2719 vulg.
503 2681 571 2719 Ieye
593 2680 730 2719 scripsit.
775 2679 839 2710 Sed

163 2722 250 2754 loom
267 2723 393 2754 dicendi
410 2724 448 2754 de
470 2724 538 2762 [eye
560 2734 580 2754 a
603 2723 841 2762 magistratibus

165 2764 313 2802 dabatur,
335 2765 465 2805 quando
489 2764 621 2804 privatis
643 2765 770 2805 copiam
796 2765 838 2796 fn-

167 2805 295 2838 eiebnnt
314 2807 492 2847 prodeundi
516 2807 548 2837 in
566 2807 721 2845 medium,
739 2818 839 2848 popu-

167 2848 300 2888 lumque
317 2849 367 2880 vel
382 2848 592 2889 accipiendae
608 2849 677 2880 eius
694 2850 742 2880 vel
759 2850 839 2881 anti-

168 2890 317 2930 quandae
332 2891 471 2923 rationes
485 2892 652 2923 edocendi.

212 2943 231 2970 4
254 2933 289 2963 Si
313 2933 431 2964 talibus
453 2935 602 2965 »accedat
623 2935 774 2973 ducibus]
808 2934 840 2965 Si

169 2973 305 3004 ducibus·
333 2974 464 3012 tauhun,
489 2975 509 3005 i.
533 2986 560 3006 e.
589 2975 634 3006 ita
662 2977 842 3015 agentibus,

887 2637 940 2668 Ita
966 2638 1090 2668 Incobs.
1118 2638 1302 2669 emendavit
1332 2649 1389 2678 pro
1415 2639 1498 2675 vulg.
1527 2639 1562 2668 in

884 2691 950 2710 «mo
966 2682 1061 2711 nimis
1075 2691 1108 2712 se
1121 2692 1181 2721 per
1197 2682 1396 2712 ambitionem
1416 2691 1560 2721 peccare.

885 2722 1005 2753 Sensus
1019 2729 1078 2760 est,
1095 2733 1180 2754 nunc
1199 2723 1295 2754 nimis
1309 2733 1406 2764 saepe
1423 2734 1480 2763 per
1494 2733 1560 2753 nm-

885 2765 1052 2801 bitionem,
1076 2765 1095 2796 i.
1112 2776 1139 2797 e.
1159 2766 1362 2806 disciplinam
1387 2766 1559 2796 militarem

885 2807 1071 2839 ambitionis
1094 2818 1189 2839 cnusn
1212 2808 1420 2844 remittendo,
1438 2808 1561 2848 peccari

886 2851 927 2881 nb
940 2850 1196 2890 imperatoribus.
1228 2852 1368 2881 Ambitio
1382 2851 1459 2881 nihil
1474 2850 1563 2880 nliud

886 2898 945 2930 est,
961 2903 1058 2932 quam
1083 2893 1311 2933 intempestiva
1332 2893 1474 2933 captatio
1496 2901 1564 2930 μην

887 2935 953 2966 tine
969 2939 1001 2965 et
1016 2935 1143 2966 snvon'n.

1263 3022 1331 3058 1²2
