1888 3194
579 198 707 242 LIB.
740 198 859 241 XLI.
901 197 1040 241 CAP.
1074 202 1112 240 2.
1509 203 1531 245 7

155 288 302 332 collem
331 288 495 331 occulto
525 289 616 332 loeo
646 289 949 339 consederunt3
982 297 1025 331 et
1050 288 1149 330 inde
1171 287 1351 345 obliquis
1370 289 1531 332 itineri·
1545 302 1590 335 U.
1607 301 1645 334 c.
1668 305 1762 342 574.>

153 347 230 388 bus
263 361 413 403 agmen
447 348 740 403 sequebantur,
771 348 815 388 in
850 362 1016 389 omnem
1053 346 1312 388 occasionem
1348 346 1525 389 intenti:
1546 346 1582 376 A.
1605 344 1644 394 ,C-
1670 345 1742 383 Ι78·

152 418 230 445 nec
252 404 475 460 quicquam
497 421 578 455 eos,
602 421 708 462 quae
738 415 846 447 terra
874 405 1061 461 marique
1093 413 1326 460 agerentur,
1348 404 1526 446 fallebat.
1542 387 1743 461 ξζξῃῃῗζξὲῗιιζ

120 461 379 517 9P0stquam
401 463 596 504 stationes
626 463 824 504 invalidas
854 478 941 504 esse
972 478 1047 519 pro
1078 462 1231 511 castris,
1254 461 1387 503 forum
1411 463 1574 504 turbain
1592 474 1701 503 castris

151 519 302 560 inermi
325 519 520 576 frequens
552 521 659 562 inter
679 531 812 562 castra
832 530 874 562 et
895 535 1006 561 mare
1028 520 1315 569 mercantium,
1337 520 1425 561 sine
1448 520 1531 562 ullo
1546 516 1710 547 Romanis.

152 577 334 618 terrestri
371 587 441 618 aut
477 579 682 620 maritimo
719 579 994 628 munimento,
1031 578 1250 627 viderunt3
1289 578 1373 619 duo
1409 577 1532 619 simul

151 635 366 691 praesidia,
393 635 661 678 Placentinae
692 636 884 686 cohortis,
910 646 953 678 et
983 635 1289 692 manipulorum
1324 635 1531 677 secundae

150 692 339 747 legionis,
379 694 689 750 aggrediuntur.
764 693 934 735 Nebula
976 694 1180 734 matutina
1220 702 1380 735 texerat
1419 693 1534 734 ince-

151 759 293 807 ptum:
327 766 411 807 qua
437 751 648 794 dilabente
680 752 734 794 ad
760 751 941 808 primum
973 761 1159 807 teporem
1184 751 1292 800 solis,
1314 750 1533 807 perlucens

124 826 137 848 1
152 808 234 850 iam
254 808 425 864 aliquid,
448 809 606 851 incerta
630 820 784 860 tamen,
807 819 853 850 ut
883 809 999 859 solet,
1025 809 1110 859 lux,
1141 809 1322 865 speciem
1345 809 1534 850 omnium

153 866 425 923 multiplicem
447 868 628 909 intuenti
648 868 841 918 reddens,
864 876 952 909 tum
974 882 1141 924 quoque
1162 867 1356 908 frustrata
1378 866 1534 908 Roma-

152 939 240 974 nos,
273 924 404 966 multo
435 926 633 967 maiorem
665 926 726 975 iis,
749 941 875 982 quarn
896 935 997 975 erat,
1019 925 1203 966 hostium
1233 924 1364 966 aciem
1395 934 1534 966 osten-

152 981 225 1022 dit.
282 981 380 1030 Qua
400 983 530 1024 territi
552 984 767 1040 utriusque
788 984 976 1025 stationis
997 983 1148 1024 milites
1168 983 1329 1038 ingenti
1351 982 1536 1024 tumultu

152 1054 282 1095 quum
314 1041 358 1080 in
388 1050 520 1081 castra
549 1041 844 1097 confugissent,
870 1041 983 1082 haud
1012 1037 1152 1096 paullo
1182 1041 1237 1082 ibi
1270 1040 1375 1096 plus,
1408 1055 1535 1095 quam

151 1096 267 1152 quod
287 1112 427 1138 secum
449 1098 527 1154 ipsi
555 1099 790 1148 attulerant,
814 1099 979 1140 terroris
998 1098 1199 1139 fecerunt.
1262 1097 1373 1138 Nam
1396 1113 1534 1154 neque

152 1154 304 1204 dicere,
327 1155 430 1210 quid
451 1156 664 1212 fugissent,
687 1172 764 1197 nec
786 1156 1153 1212 percunctantibus
1169 1155 1344 1196 reddere
1365 1170 1536 1211 respon-

152 1227 244 1254 sum
264 1221 478 1269 poterant:
513 1223 555 1255 et
576 1214 731 1255 clamor
752 1215 796 1254 in
817 1215 958 1270 portis,
983 1223 1029 1255 ut
1050 1214 1122 1255 ubi
1142 1213 1257 1254 nulla
1273 1222 1380 1254 esset
1400 1213 1534 1262 statio,

152 1285 259 1326 quae
281 1271 502 1313 sustineret
522 1272 738 1329 impetum,
757 1272 1025 1313 audiebatur:
1059 1280 1101 1313 et
1121 1271 1382 1313 concursatio
1403 1271 1447 1311 in
1464 1271 1538 1312 ob-

152 1343 272 1370 scuro
286 1328 563 1370 incidentium
577 1330 750 1371 aliorum
766 1331 809 1370 in
822 1330 922 1371 alios
937 1330 1143 1371 incertum
1156 1329 1324 1379 fecerat,
1339 1344 1391 1369 an
1409 1328 1538 1370 hostis

153 1386 262 1428 intra
276 1386 428 1428 vallum
444 1396 562 1429 esset.
621 1387 720 1430 Una
732 1403 813 1429 vox
827 1388 1076 1429 audiebatur
1088 1387 1141 1429 ad
1155 1402 1266 1428 mare
1285 1387 1534 1428 vocantium.

123 1443 206 1486 2Id
234 1444 339 1486 forte
376 1454 532 1487 temere
564 1446 615 1488 ab
647 1462 732 1487 uno
767 1445 1046 1487 exclamatum
1080 1446 1176 1487 totis
1211 1445 1364 1501 passim
1399 1459 1538 1501 perso·
1551 1450 1693 1490 Fugiunt
1705 1450 1748 1481 ad

153 1502 279 1544 nabat
309 1503 460 1545 castris.
524 1503 673 1560 Itaque
706 1504 854 1560 primo,
884 1503 998 1545 velut
1033 1504 1132 1544 iussi
1164 1503 1209 1544 id
1236 1503 1384 1553 facere,
1414 1502 1537 1559 pauci
1550 1503 1637 1567 ἓξὲξ
1654 1493 1719 1524 Ro-

155 1560 314 1610 armafi,
329 1561 459 1603 maior
472 1577 564 1618 pars
581 1563 772 1612 inermes,
789 1561 841 1602 ad
857 1577 969 1603 mare
987 1561 1233 1603 decurrunt:
1268 1561 1367 1602 dein
1382 1561 1537 1617 plures,
1640 1559 1648 1567 ⁸

156 1627 366 1674 postremo
387 1634 517 1676 prope
539 1635 696 1670 omnes,
715 1629 757 1661 et
778 1620 864 1676 ipse
887 1619 1056 1669 consul,
1090 1635 1234 1676 quum,
1251 1619 1401 1660 frustra
1422 1634 1540 1660 revo-

157 1690 249 1717 care
278 1675 485 1732 fugientes
515 1687 702 1728 conatus,
734 1693 812 1719 nec
843 1678 1031 1734 imperio,
1062 1693 1141 1718 nec
1172 1677 1430 1726 anctoritate,
1462 1691 1540 1718 nee

157 1733 349 1790 precibus
369 1734 422 1775 ad
443 1743 692 1785 extremum,
715 1735 918 1777 valuisset.
983 1735 1105 1776 Unus
1126 1735 1323 1776 remansit
1345 1734 1407 1775 M.
1427 1734 1540 1775 Lici-

126 1791 253 1836 3nius
283 1790 443 1841 Strabo,
470 1792 660 1834 tribunus
686 1792 864 1834 militum
894 1793 1040 1834 tertiae
1068 1792 1258 1848 legionis,
1284 1807 1379 1833 cum
1410 1792 1540 1833 tribus

157 1848 286 1905 signis
305 1849 356 1890 ab
384 1849 421 1891 le
453 1850 547 1891 ione
569 1866 643 1892 sua
666 1851 844 1892 relictus.
909 1850 1050 1899 Hunc,
1073 1850 1117 1891 in
1145 1865 1274 1891 vacua
1301 1858 1432 1891 castra
1462 1849 1540 1890 im-

156 1915 259 1972 petu
273 1906 395 1956 facto,
418 1865 526 1956 lgstri,
549 1923 680 1964 quum
701 1907 807 1949 alius
827 1917 1009 1948 armatus
1030 1908 1079 1947 iis
1099 1923 1224 1948 nemo
1246 1908 1408 1949 obviam
1431 1907 1540 1957 isset,

156 1979 202 2006 m
223 1965 428 2021 praetorio
450 1965 724 2007 instruentem
746 1975 872 2021 atque
901 1965 1191 2007 adhortantem
1213 1980 1308 2006 suos
1329 1980 1543 2021 oppresse-

156 2031 265 2064 runt.
327 2022 538 2064 Proelium
560 2024 751 2073 atrocius,
773 2038 899 2080 quam
921 2038 996 2080 pro
1017 2023 1225 2080 paucitate
1247 2022 1541 2072 resistentium,

156 2079 261 2121 fuit:
295 2095 373 2122 nec
395 2090 490 2122 ante
516 2081 682 2123 finitum
703 2092 777 2131 est,
801 2097 927 2138 quam
956 2081 1147 2123 tribunus
1169 2080 1361 2130 militum,
1384 2080 1541 2136 quique

157 2138 267 2180 circa
289 2154 386 2180 cum
413 2139 696 2189 constiterant,
719 2139 926 2181 interfecti
951 2148 1059 2180 sunt.
1100 2179 1102 2182 ,
1122 2138 1335 2180 Praetorio
1363 2138 1540 2188 deiecto,
1559 2147 1630 2178 Istri
1647 2159 1724 2188 epu-

128 2195 428 2253 4direptisque‚
451 2212 558 2253 quae
588 2198 644 2239 ibi
666 2197 847 2247 fuerunt,
870 2197 923 2238 ad
952 2197 1233 2253 quaestorium
1255 2196 1390 2237 forum
1419 2196 1542 2252 quin·
1557 2191 1662 2239 ¹³¹¹t¹¹f
1677 2191 1709 2222 in

159 2262 383 2311 tanamque
405 2254 544 2296 hostes
571 2265 863 2312 pervenerunt.
926 2254 1005 2306 Ibi,
1028 2270 1158 2311 quum
1187 2254 1376 2296 omnium
1404 2269 1541 2296 rerum
1556 2238 1665 2308 {53¹⁸

201 2429 222 2461 9
244 2420 363 2451 Forum
381 2419 493 2460 turba]
529 2420 581 2451 Ita
602 2420 724 2461 egregie
745 2421 831 2451 hunc

160 2463 268 2493 locum
289 2462 416 2493 refinxit
433 2463 615 2494 Gronovius
640 2474 679 2494 ex
708 2463 831 2494 coniec-

161 2509 233 2536 tura
261 2506 324 2536 Ios.
355 2505 519 2545 Scaligeri‚
549 2506 604 2545 qui
631 2508 745 2545 sorum
777 2517 833 2546 pro

162 2548 246 2589 vulg.
261 2559 369 2580 eorum
385 2549 517 2588 margini
534 2553 737 2589 apposuerat.
776 2551 833 2580 Fo-

160 2602 235 2622 rum
250 2590 393 2631 intellige
406 2592 585 2632 emporium
599 2592 691 2630 illud,
704 2593 788 2632 quod
802 2592 834 2622 in

160 2644 233 2674 cap.
259 2635 403 2674 praeced.
427 2636 514 2666 brevi
534 2636 747 2676 perfrequens
769 2635 832 2666 fae-

162 2681 233 2708 tum
249 2677 344 2708 fuisse
360 2677 485 2708 dieitur.

209 2729 221 2750 1
252 2721 294 2752 Ut
308 2719 399 2760 solet]
424 2731 466 2752 sc.
485 2722 596 2757 Quum
614 2721 739 2751 nebulis
755 2721 832 2752 ‹lila-

164 2762 313 2793 bentibus
330 2764 375 2794 sol
393 2764 455 2794 inm
472 2764 544 2794 oriri
563 2764 685 2804 incipit.
710 2766 816 2795 (Ἴιυ-ιν.

208 2815 224 2836 2
250 2807 344 2837 Forte
369 2806 498 2847 temere]
541 2808 580 2838 cf.
605 2808 698 2846 Supr.
724 2807 755 2837 ii.
783 2816 833 2845 31.

165 2848 254 2880 xxiii.
287 2859 314 2889 3.
339 2849 412 2882 Ter.
440 2850 569 2881 Pliorin.
600 2861 626 2882 v.
654 2850 672 2882 i.
699 2850 768 2881 Cic.
796 2850 835 2880 de

167 2890 243 2923 Div.
260 2891 290 2923 ii.
308 2891 358 2923 68.

210 2942 227 2972 3
251 2935 330 2965 Cum
351 2937 453 2966 trihus
475 2935 591 2977 siquis]
624 2936 707 2967 Cum
733 2935 834 2966 tribus

169 2975 350 3016 manipulis.

918 2431 937 2458 4
959 2421 1013 2450 Ad
1038 2420 1253 2460 quaestorium
1276 2420 1390 2458 sorum
1418 2420 1545 2459 quinta-

874 2462 1028 2503 namque]
1058 2462 1132 2492 Duo
1149 2463 1236 2492 fuere
1253 2461 1284 2492 in
1302 2462 1410 2492 castris
1428 2462 1546 2492 Roma-

877 2506 926 2536 nis
940 2507 1008 2536 fora
1024 2515 1128 2536 rerum
1146 2504 1305 2535 venalium
1320 2517 1326 2535 :
1351 2505 1488 2535 alterum
1505 2506 1547 2536 ad

879 2549 1084 2589 praetorium,
1101 2547 1166 2578 sive
1187 2548 1429 2578 tabernaculum
1445 2548 1547 2584 ducis,

879 2593 919 2622 de
935 2602 998 2631 quo
1021 2591 1136 2622 diserte
1159 2591 1313 2631 Polybius
1337 2591 1375 2621 vi.
1395 2600 1443 2629 30.
1467 2591 1545 2621 alte-

878 2645 946 2665 rum
963 2635 1003 2664 ud
1028 2634 1256 2673 quaestorium,
1272 2634 1338 2664 sire
1359 2634 1545 2664 tabernucu-

879 2678 943 2708 luin
958 2677 1142 2716 quaestori&
1189 2676 1340 2707 Ceterum
1354 2680 1385 2707 et
1401 2680 1546 2715 quaesto-

877 2721 970 2757 rium,
983 2726 1014 2750 et
1031 2720 1090 2750 hoc
1108 2720 1240 2759 proinde
1254 2721 1355 2750 forum
1372 2719 1547 2759 quaestoris

878 2764 953 2793 olim
968 2774 1072 2793 versun
1084 2767 1207 2802 portum
1222 2763 1443 2793 Deeuinanuin
1453 2762 1546 2792 suba-ie

878 2806 1172 2837 iamannotavimus
1182 2806 1430 2845 snprxxxixuw.
1443 2805 1545 2834 Situm

879 2854 945 2880 erat
962 2859 1078 2888 nempe
1095 2849 1125 2879 in
1148 2848 1253 2879 inedia
1270 2848 1449 2884 Quintana,
1466 2858 1547 2886 quae

881 2893 931 2923 via
950 2897 1126 2922 trzmsversa
1147 2896 1226 2928 erut,
1244 2902 1354 2921 secans
1379 2889 1546 2927 longitudi-

877 2946 949 2965 nem
975 2939 1161 2970 castrorum,
1186 2934 1341 2973 parallela
1367 2931 1545 2970 Principiis.

880 2980 986 3017 Atque
1013 2978 1086 3008 hine
1114 2977 1216 3007 forum
1243 2977 1343 3016 ipsum
1373 2974 1548 3014 quaestoris
