1888 3194
957 191 1246 230 INDEX.

413 267 572 298 Lauream
593 266 627 298 in
647 276 746 297 manu
766 270 922 306 tenentes,
938 271 970 298 et
991 278 1076 299 coro-

453 310 532 348 nati,
569 310 754 350 supplicant
797 311 923 340 Romae
966 321 1077 342 omnes

453 353 622 383 duodecim
637 353 729 382 annis
744 353 879 383 maiores
894 362 946 392 40,
962 360 1012 392 37.

412 395 592 426 Laureatae
607 395 719 426 literae
735 398 766 425 et
780 396 920 426 tabellae
936 403 988 434 45,
1007 405 1033 427 1.

412 437 555 468 Laurens
574 448 647 478 ager
666 447 692 475 1,
712 447 737 469 1.

411 480 596 512 Laurentes.
636 491 709 511 cum
735 480 773 510 iis
796 480 965 520 quotannis
987 491 1076 511 reno-

453 526 562 553 vatum
583 523 696 553 foedus
716 526 789 562 post
810 523 894 553 diem
916 523 1076 553 decimum

453 565 641 596 Latinarum
666 566 696 603 8,
724 574 769 596 11.
798 565 1007 595 Laurentium
1033 565 1076 595 le-

451 608 516 648 gati
536 607 653 648 pulsati
674 618 693 638 a
708 607 747 638 ¹1¹.
761 608 856 638 Tatio
877 617 903 643 1,
923 616 968 644 14.
993 607 1076 637 Lau-

452 650 594 681 rentibus
615 660 679 680 non
700 650 775 680 data
796 659 869 680 caro
885 648 1008 679 Latinis
1024 657 1075 688 37,

411 735 612 765 Lauretanus
628 738 739 773 portus
755 743 805 772 30,
823 742 871 774 39.

411 777 528 807 Lautia
543 776 654 816 legatis
670 776 814 816 praebita
831 776 880 813 28,
893 785 943 816 39.
961 785 1012 815 30,
1028 783 1074 815 17.

453 828 504 858 33,
522 829 570 856 24-
595 826 646 857 35,
664 828 711 857 23-
737 828 788 856 42,
806 817 854 848 26·

410 861 581 898 Lautulae,
594 862 682 891 locus
697 864 848 901 angustus
864 871 902 890 ae
917 861 1075 891 saltuosus

453 911 481 942 7,
498 913 547 945 39.
576 913 607 944 9,
625 913 672 943 23.
701 905 742 934 ad
764 903 920 933 Lautulas
941 903 1074 943 ancipiti

449 946 571 986 proelio
583 956 656 976 cum
668 946 864 977 Samnitibus
874 945 1075 985 dimicatum,

451 989 527 1020 ibid.

409 1030 603 1062 Lautumiae
620 1029 670 1068 26,
685 1038 732 1070 27.
751 1030 995 1061 Lautumiarum
1009 1042 1074 1062 car-

451 1073 530 1104 ceris
546 1074 724 1104 custodiam
739 1073 942 1104 intentiorem
958 1074 1075 1105 habere

450 1116 600 1147 iubentur
619 1116 775 1146 triumviri
797 1126 847 1156 32,
865 1115 913 1147 26.
937 1116 969 1147 111
991 1118 1074 1148 Lau-

450 1159 568 1189 tumias
594 1159 783 1189 Aetolorum
814 1159 972 1198 principes
1002 1170 1074 1190 con-

449 1201 523 1232 iecti
541 1209 592 1240 37,
605 1210 634 1240 3.
657 1201 689 1231 in
707 1201 888 1232 Lautumiis
904 1202 967 1232 duo
983 1202 1074 1240 atria,

450 1244 619 1275 Maenium
636 1248 667 1274 et
684 1244 808 1275 Titium
825 1253 876 1285 39,
892 1255 942 1283 44.

409 1287 552 1317 Lebadia
568 1294 619 1325 45,
638 1294 685 1325 27.

408 1329 571 1360 Lebadiae
597 1330 755 1369 templum
783 1328 870 1359 Iovis
896 1328 1071 1369 Trophonii

449 1372 517 1402 adit
533 1371 690 1402 Aemilius
707 1372 840 1402 Paullus
856 1379 908 1410 45,
925 1380 973 1411 27.

408 1414 575 1445 Lechaeus
590 1418 699 1453 portus
716 1423 767 1452 32,
785 1423 832 1452 23.

408 1457 500 1487 Lecti
521 1457 619 1487 aerati
640 1457 766 1496 quando
786 1460 817 1486 et
837 1467 856 1486 a
876 1456 990 1495 quibus
1010 1456 1071 1497 pri-

449 1509 538 1529 mum
555 1500 694 1529 Romam
711 1499 835 1529 advecti
849 1503 862 1529 Ρ
886 1508 937 1540 39,
953 1498 982 1530 6.

408 1541 520 1572 Lectio
536 1546 665 1572 senatus
681 1552 711 1582 9,
728 1551 776 1580 30.

408 1584 653 1614 Lectisternium
682 1584 810 1623 quando
838 1584 976 1623 primum
1006 1585 1071 1615 Ro-

448 1637 532 1664 mae,
548 1631 579 1657 et
595 1637 659 1666 qua
674 1627 858 1657 celebritate
872 1627 1018 1658 factum?
1041 1635 1070 1666 5,

451 1679 498 1708 13.
516 1670 554 1700 cf.
572 1673 603 1700 et
622 1677 649 1708 7,
668 1679 683 1699 2
706 1673 737 1699 et
759 1676 806 1708 27.
832 1670 862 1706 8,
880 1677 927 1708 25.
953 1679 1003 1710 29,
1023 1679 1070 1709 14.

448 1711 677 1742 lectisternium
694 1712 795 1743 Caere
810 1711 1003 1752 imperatum
1022 1722 1071 1750 21,

448 1753 498 1785 62.
517 1754 692 1792 Iuventati,
701 1755 776 1786 ibid.
795 1754 912 1785 Iunoni
927 1754 1071 1794 Reginae

449 1806 499 1834 22,
519 1807 544 1828 1.
569 1797 717 1833 Saturno,
733 1807 827 1836 quem
847 1798 966 1828 lectum
984 1808 1070 1827 sena-

448 1844 532 1870 tores
547 1843 737 1877 strav,eruut
753 1840 828 1871 ibid.
852 1850 908 1879 per
928 1839 1070 1871 triduum

447 1882 604 1920 habitum,
635 1893 690 1912 sex
723 1882 904 1922 pulvinaria
935 1882 969 1912 in
999 1893 1071 1913 con-

447 1929 559 1964 spectu
574 1925 662 1955 fuere
679 1934 728 1962 22,
749 1935 794 1956 10.

406 1970 541 2005 Lecton,
557 1968 808 2007 promontorium
826 1974 877 2007 37,
893 1974 942 2007 37.

407 2010 519 2050 Legati
556 2011 781 2041 Abderitarum
819 2013 995 2050 queruntur
1031 2010 1071 2041 de

447 2053 580 2083 avaritia
617 2056 648 2083 et
685 2053 873 2083 crudelitate
906 2053 1070 2083 Hortensii

447 2105 499 2134 43,
521 2095 550 2126 6.
579 2096 699 2125 Achaei
723 2095 883 2133 nuntiant,
907 2096 1070 2126 Nabidem

447 2141 557 2169 contra
569 2138 680 2168 foedus
695 2138 888 2168 maritimam
904 2148 991 2168 oram
1009 2139 1069 2168 La-

447 2191 563 2210 conum
583 2190 767 2220 oppugnare
789 2188 839 2219 35,
862 2190 909 2211 22.
940 2181 1070 2211 Aetolo-

447 2233 518 2252 rum
532 2224 670 2253 Romam
686 2222 784 2260 missi,
796 2233 908 2262 pacem
925 2226 1070 2261 petentes

447 2264 498 2303 36,
515 2273 564 2304 35.
588 2265 665 2294 urbe
686 2266 797 2295 eodem
819 2265 881 2301 die,
904 2265 1001 2294 Italia
1021 2265 1068 2294 in-

447 2311 495 2336 tra
521 2307 703 2345 quindecim
735 2307 812 2343 dies,
839 2307 992 2336 excedere
1021 2307 1067 2336 iu-

446 2350 562 2379 bentur
586 2356 637 2386 37,
665 2359 689 2378 1.
717 2349 941 2386 admittuntur,
966 2349 1068 2388 iisque

446 2391 534 2430 pacis
564 2391 647 2429 leges
674 2392 790 2420 dantur
816 2392 866 2429 38,
897 2400 934 2421 10
960 2394 992 2420 et
1021 2400 1066 2422 11.

446 2433 636 2464 Alexameni
658 2434 698 2463 ad
722 2433 830 2463 Nabin
852 2441 903 2472 35,
921 2441 968 2472 35.
993 2444 1067 2472 que-

445 2479 558 2506 runtur
584 2477 623 2506 de
649 2475 809 2505 Antiocho
835 2486 885 2514 44,
915 2486 960 2517 19.
989 2477 1065 2506 Am-

445 2519 624 2549 bracienses
648 2521 798 2548 accusant
822 2517 972 2548 Fulvium
1000 2519 1066 2548 No-

446 2561 590 2591 biliorem
609 2561 659 2599 38,
673 2570 721 2598 43.
746 2560 897 2590 Antiochi
915 2562 1066 2599 Romam,

445 2614 618 2642 eorumque
645 2603 745 2633 oratio
772 2612 822 2641 34,
851 2610 898 2642 57.
933 2604 974 2633 ad
1001 2604 1066 2634 Sci-

447 2646 573 2685 pionem
596 2652 647 2684 37,
669 2655 709 2683 34
729 2649 761 2675 et
783 2653 832 2684 45.
861 2646 1011 2676 Antiochi
1036 2651 1067 2676 et

446 2689 633 2719 Aetolorum
658 2689 698 2718 ad
721 2688 867 2718 Achaeos
891 2689 990 2719 oratio
1015 2697 1066 2727 35,

446 2732 494 2769 48.
518 2732 559 2761 ab
575 2731 681 2761 Ardea
696 2734 871 2770 queruntur
891 2731 923 2761 in
942 2736 1064 2768 senatu,

444 2774 502 2803 sibi
526 2773 557 2803 in
582 2777 690 2803 monte
708 2774 833 2803 Albano
854 2774 976 2804 Latinis
999 2784 1065 2803 car-

445 2826 518 2846 nem
534 2826 596 2846 non
613 2826 680 2846 esse
696 2816 803 2846 datam
821 2824 872 2854 33,
891 2826 915 2846 1.
941 2816 1064 2846 Ariara-

445 2858 518 2896 this,
531 2868 702 2897 eorumque
719 2858 818 2888 oratio
835 2868 885 2897 42,,
904 2868 948 2899 19.
969 2858 1063 2889 Asiae

444 2905 475 2931 ct
497 2901 663 2939 Graeciae,
680 2902 804 2932 Romae
823 2901 923 2932 auditi
946 2910 996 2939 34,
1014 2908 1061 2940 57.

1163 267 1409 299 Atheniensium
1431 267 1606 308 implorant
1627 264 1786 298 auxilium

1162 311 1384 342 Romanorum
1407 319 1457 350 31,
1474 318 1503 350 5.
1527 310 1630 340 Attali
1650 319 1787 349 querun-

1162 357 1215 384 tur
1230 354 1270 384 de
1287 354 1441 393 Philippo
1458 362 1508 392 31,
1526 362 1553 383 2.
1579 361 1630 392 32,
1646 352 1675 382 8.
1700 361 1786 382 0010-

1162 406 1237 426 nam
1249 406 1378 426 auream
1391 394 1564 426 ducentum
1577 393 1787 434 quadraginta

1162 449 1217 469 sex
1233 439 1340 478 pondo
1359 439 1392 469 in
1409 438 1571 478 Capitolio
1593 440 1718 477 ponunt
1735 445 1787 475 32,

1164 488 1212 519 27.
1236 491 1275 511 ex
1292 481 1472 511 Baliaribus
1491 481 1604 511 insulis
1624 483 1656 510 et
1671 478 1787 510 ultima

1163 523 1324 562 Hispania
1357 524 1398 553 ad
1436 523 1619 563 Scipionem
1654 531 1704 559 22,
1736 531 1784 552 2ο.

1163 564 1336 604 Bilistagis,
1354 566 1527 604 Ilergetum
1545 565 1656 605 reguli,
1671 564 1786 595 flentes

1162 608 1203 637 ad
1217 617 1321 646 genua
1334 607 1466 638 Catonis
1482 607 1652 647 provoluti,
1664 606 1786 637 auxilia

1161 652 1276 688 petunt
1304 658 1354 687 34,
1384 659 1429 680 11.
1462 650 1636 688 Caeritum,
1661 649 1785 679 bellum

1161 692 1380 731 deprecantes,
1407 691 1581 731 impetrant
1610 701 1723 731 pacem
1756 698 1785 731 7,

1163 743 1211 764 20.
1236 734 1475 773 Campanorum
1491 744 1511 764 a
1526 733 1681 764 Romanis
1695 733 1785 763 auxi-

1161 775 1240 806 lium
1268 780 1382 815 petunt
1409 783 1436 815 7,
1462 785 1511 815 30.
1543 775 1784 815 Carthaginien-

1161 818 1254 855 sium,
1270 819 1443 849 amicitiam
1465 822 1496 849 et
1517 818 1702 849 societatem
1718 818 1784 848 Ro-

1160 870 1326 891 manorum
1352 864 1497 901 petentes
1524 868 1552 900 7,
1576 868 1624 900 27.
1653 870 1785 891 auream

1161 913 1309 934 coronam
1336 904 1456 934 donant
1481 903 1638 934 Romanis
1660 903 1710 942 38.
1740 903 1784 934 le-

1159 946 1241 986 gatis
1282 946 1607 987 Carthaginiensibus,
1645 945 1699 985 qui
1742 946 1784 976 ad

1160 989 1273 1020 foedus
1309 989 1403 1020 tertio
1439 989 1657 1019 renovandum
1690 998 1784 1019 vene-

1160 1035 1242 1070 rant,
1264 1032 1398 1062 comiter
1416 1041 1550 1063 munera
1570 1031 1666 1061 missa
1685 1040 1716 1072 9,
1731 1040 1782 1070 43.

1160 1074 1201 1104 ad
1242 1075 1481 1105 Hasdrubalem
1525 1077 1557 1105 et
1601 1073 1783 1114 Syphacem

1160 1116 1247 1147 missi
1266 1127 1316 1158 29,
1332 1126 1381 1156 34.
1405 1118 1445 1148 ad
1462 1117 1628 1148 Romanos
1642 1117 1682 1146 de
1702 1126 1783 1155 pace

1161 1168 1212 1198 30,
1237 1169 1274 1189 22
1300 1163 1331 1190 et
1356 1169 1405 1198 40.
1432 1160 1629 1190 frumentum
1654 1164 1686 1189 et
1711 1158 1782 1188 hor-

1160 1202 1256 1232 deum
1279 1205 1452 1241 apportant
1476 1201 1527 1241 36,
1550 1213 1579 1240 4.
1606 1204 1782 1240 queruntur

1159 1244 1199 1274 de
1212 1244 1383 1275 Masinissa
1398 1254 1448 1282 42,
1463 1254 1478 1274 2
1482 1253 1511 1283 3.
1535 1243 1782 1276 Cei-timensium

1158 1286 1294 1316 ridicula
1314 1287 1381 1317 sitis
1401 1297 1452 1326 40,
1469 1294 1518 1326 47.
1546 1285 1672 1318 Clusini
1691 1286 1782 1317 auxi-

1158 1329 1238 1359 lium
1253 1330 1403 1360 adversus
1420 1329 1534 1360 Gallos
1552 1332 1667 1368 petunt
1683 1335 1713 1367 5,
1729 1337 1780 1367 33.

1159 1371 1364 1410 Epirotarum
1384 1370 1435 1410 36,
1452 1379 1500 1410 35.
1525 1371 1691 1408 Eumenis,
1706 1381 1782 1410 que-

1157 1417 1262 1444 rentes
1278 1415 1317 1444 de
1333 1414 1423 1444 clade
1443 1413 1668 1452 Sinopensium
1683 1423 1735 1451 40,
1752 1422 1780 1444 2.

1159 1456 1329 1486 Gallorum
1382 1456 1575 1495 pollicentur
1623 1455 1781 1487 Romanis

1157 1498 1278 1529 auxilia
1310 1499 1351 1529 ad
1381 1499 1502 1529 bellum
1532 1497 1781 1530 Macedonicum

1157 1551 1210 1580 44,
1229 1550 1275 1579 14.
1300 1541 1455 1572 Graeciae
1476 1541 1635 1581 Asiaeque
1656 1550 1707 1580 34.,
1729 1548 1779 1581 57.

1157 1592 1209 1622 43,
1237 1585 1265 1615 8.
1301 1583 1496 1614 Hannibalis
1521 1584 1562 1614 ad
1589 1583 1780 1623 Philippum

1159 1635 1209 1664 23,
1232 1635 1281 1665 34.
1310 1627 1484 1666 Iapydum,
1508 1627 1726 1665 Istrorumque
1748 1629 1781 1657 et

1158 1669 1346 1707 Carnorum,
1359 1672 1535 1709 queruntur
1546 1670 1586 1700 de
1601 1669 1733 1699 avaritia
1747 1672 1780 1700 et

1158 1712 1347 1742 crudelitate
1368 1712 1534 1742 consulum
1554 1721 1606 1751 43,
1625 1718 1651 1751 7.
1676 1712 1779 1742 Issen-

1157 1764 1205 1784 ses
1243 1754 1409 1792 Gentium,
1444 1755 1628 1794 Illyriorum
1661 1764 1779 1794 regem,

1158 1797 1284 1827 Romae
1304 1801 1486 1837 suspectum
1507 1798 1645 1828 reddunt
1660 1806 1712 1835 42,
1729 1796 1779 1829 26.

1158 1839 1486 1870 Lacedaemoniorum
1516 1848 1568 1881 39,
1598 1848 1648 1879 33.
1692 1839 1778 1870 Lati-

1157 1892 1270 1913 norum
1287 1883 1318 1920 8,
1334 1891 1361 1921 5.
1387 1883 1595 1913 Laurentium
1611 1882 1780 1922 pulsantur

1157 1935 1178 1955 a
1200 1925 1386 1965 propinquis
1409 1924 1496 1955 Tatii
1522 1935 1550 1963 1,
1572 1935 1619 1964 14.
1643 1924 1779 1956 Locren-

1157 1967 1252 2005 sium,
1277 1967 1369 1998 obsiti
1395 1968 1540 2007 squalore
1567 1971 1598 1998 et
1624 1967 1778 2005 sordibus,

1156 2019 1261 2040 ramos
1276 2011 1378 2048 oleae,
1388 2011 1568 2041 velamenta
1583 2009 1778 2049 supplicum,

1156 2053 1362 2092 porrigentes,
1376 2056 1551 2092 queruntur
1561 2053 1601 2082 de
1617 2051 1778 2082 Pleminio

1158 2104 1208 2135 29,
1236 2094 1281 2126 16.
1311 2095 1507 2126 Macedones
1533 2093 1662 2124 deducti
1688 2097 1779 2125 extra

1155 2138 1266 2167 urbem
1288 2137 1321 2167 in
1345 2138 1454 2167 villam
1479 2137 1654 2176 publicam,
1669 2136 1778 2176 ibique

1154 2179 1193 2209 iis
1213 2180 1302 2209 locus
1322 2183 1354 2210 et
1374 2178 1475 2209 lautia
1495 2179 1639 2218 praebita
1659 2188 1710 2218 33,
1728 2189 1777 2218 24.

1154 2221 1343 2251 Masinissae
1354 2232 1374 2252 a
1387 2221 1543 2252 Romanis
1555 2222 1714 2252 donantur
1726 2230 1778 2260 30,

1158 2271 1204 2302 17.
1239 2263 1377 2294 Nabidis
1404 2273 1455 2302 34,
1481 2273 1531 2302 42.
1567 2263 1778 2304 Neapolitani

1153 2315 1266 2335 aurum
1297 2306 1433 2336 offerunt
1463 2306 1619 2337 Romanis
1650 2316 1687 2336 22
1674 2330 1700 2345 ,
1726 2315 1777 2346 32.

1155 2348 1341 2395 Pamphylii
1379 2359 1528 2379 coronam
1571 2359 1702 2380 auream
1742 2348 1777 2380 in

1153 2390 1273 2421 curiam
1293 2390 1435 2421 inferunt
1455 2401 1507 2430 44,
1532 2401 1579 2429 14.
1604 2391 1711 2423 Persei
1730 2391 1776 2422 iu-

1153 2433 1268 2463 bentur
1283 2435 1438 2464 excedere
1452 2434 1550 2465 Italia
1562 2444 1613 2472 42,
1627 2433 1676 2474 36.
1700 2433 1777 2465 Phi-

1154 2475 1234 2515 lippi
1255 2476 1296 2506 ad
1314 2477 1533 2512 Hannibalem
1555 2485 1605 2515 23,
1622 2485 1672 2516 33,
1688 2484 1728 2515 34
1744 2479 1777 2507 et

1153 2527 1204 2558 39.
1224 2519 1265 2548 ad
1278 2519 1411 2549 Aetolos
1423 2528 1474 2558 31,
1488 2519 1536 2549 28.
1557 2519 1598 2549 ad
1612 2518 1778 2549 Romanos

1153 2569 1205 2598 32,
1237 2568 1284 2600 37.
1318 2570 1369 2599 33,
1402 2571 1453 2599 24.
1486 2561 1681 2600 pollicentur
1710 2561 1776 2592 Ro-

1152 2603 1254 2633 manis
1276 2603 1444 2643 pecuniam
1465 2606 1498 2634 et
1512 2603 1708 2633 frumentum
1725 2602 1776 2642 36,

1153 2655 1182 2682 4.
1206 2656 1353 2675 coronam
1373 2655 1502 2676 auream
1519 2649 1648 2675 centum
1668 2646 1776 2685 pondo

1151 2687 1184 2717 in
1209 2688 1288 2718 aede
1309 2687 1394 2718 Iovis
1417 2689 1455 2719 O.
1472 2687 1527 2718 Μ.
1544 2691 1679 2726 ponunt,
1698 2688 1774 2720 ibid.

1153 2729 1342 2760 Pisanorum
1368 2740 1420 2769 45,
1448 2738 1494 2768 13.
1530 2730 1712 2761 Poenorum
1733 2731 1775 2762 ad

1153 2772 1354 2812 Philippum,
1384 2772 1473 2812 capti
1509 2772 1680 2804 mittuntur
1709 2773 1775 2804 Ro-

1151 2825 1237 2845 mam
1263 2824 1313 2853 23..
1337 2824 1386 2853 34.
1417 2815 1600 2846 Poenorum
1622 2819 1654 2846 et
1677 2815 1774 2847 Masi-

1150 2858 1262 2895 nissae,
1286 2858 1411 2888 Romae
1433 2858 1473 2888 de
1499 2868 1573 2897 agro
1596 2858 1773 2899 disceptan-

1150 2899 1230 2930 tium
1261 2909 1312 2939 34,
1342 2899 1391 2931 62.
1432 2899 1633 2932 Privernates
1662 2901 1693 2939 8,
1725 2910 1774 2933 21.
