1888 3194
316 186 399 228 304
827 184 975 228 TITI
1017 185 1194 227 LIVII

315 275 506 332 pationes
536 290 629 317 suas
658 274 824 326 licebat,
847 291 925 318 nec
948 276 1129 318 Brunsio
1159 291 1235 333 per
1263 291 1357 317 suas
1384 275 1543 317 diutius
1574 289 1706 317 mem-

314 333 454 374 branis
492 333 718 383 immorari,
754 333 824 374 hic
864 333 1038 390 quidem
1079 333 1447 375 describendarum
1487 341 1706 388 utcunque

315 389 562 431 schedarum
597 399 735 446 partes
766 391 811 431 in
843 406 885 432 se
919 391 1159 447 suspiceret,
1191 391 1295 432 alter
1329 390 1631 446 descriptarum
1661 389 1708 430 in

317 462 434 488 suam
469 448 753 503 integritatem
789 455 832 489 et
866 447 1057 489 lectionis
1089 448 1307 489 veritatem
1339 446 1705 489 restituendarum.

317 504 383 546 Ita
418 513 461 545 et
496 504 700 545 Brunsius
733 520 864 559 quum
900 504 1093 546 liberiore
1130 505 1345 561 magisque
1382 504 1517 546 soluto
1553 504 1706 553 animo,

317 561 433 617 quod
452 561 662 617 reliquum
684 570 771 602 erat
791 561 1028 616 fragmenti,
1050 561 1220 617 legeret,
1243 570 1286 602 et
1311 561 1413 603 alter
1433 562 1487 602 ad
1512 560 1708 602 matutini

318 619 529 674 temporis,
548 634 632 673 quo
649 618 736 658 solo
758 618 1011 658 bibliotheca
1031 627 1159 673 patet,
1178 619 1456 673 pomeridiani
1477 633 1525 659 ac
1540 632 1709 673 vesper-

319 676 396 716 tini
414 690 583 731 operam
601 675 862 729 adiungeret,
881 674 1055 715 celerius
1073 689 1120 714 ac
1137 675 1399 715 commodius
1419 675 1556 730 ipsum
1573 683 1707 716 totum

315 733 596 788 fragmentum
638 731 734 786 legi,
776 731 1004 779 emendari,
1047 731 1185 771 dubiis
1224 731 1325 772 locis
1365 732 1620 786 recognosci,
1661 746 1709 772 ac

316 788 525 845 praeclare
559 788 683 843 positi
714 803 738 828 a
769 787 948 828 strenuis
978 787 1076 828 viris
1112 787 1273 828 labores
1304 796 1515 843 speratum
1548 788 1710 828 exitum

316 845 501 886 nancisci
521 849 802 900 potuerunt-34.

376 902 497 943 Haec
517 901 660 957 paullo
679 901 863 950 fortasse,
887 916 1012 956 quam
1035 916 1139 956 opus
1164 909 1264 950 erat,
1286 901 1417 942 fusius
1445 901 1589 942 censui
1617 915 1713 956 per-

317 958 547 1015 sequenda,
570 966 617 999 ut
644 958 678 999 si
700 973 783 1014 qua
811 973 864 999 ex
892 958 1017 999 huius
1037 958 1261 1014 fragmenti
1282 958 1463 999 lectione
1484 958 1654 1007 utilitas,
1677 957 1712 998 si

319 1032 404 1073 qua
420 1015 612 1071 voluptas
629 1016 675 1056 in
690 1015 911 1056 doctorum
927 1016 1110 1056 virorum
1127 1015 1428 1071 rempublicam
1444 1015 1710 1064 redundabit,

319 1088 446 1129 quam
468 1088 554 1114 non
574 1073 710 1114 levem
728 1081 949 1128 utramque
965 1072 1149 1113 futuram
1167 1087 1360 1128 auguror,
1378 1073 1422 1113 in
1439 1088 1488 1114 ea
1505 1080 1712 1128 quantum

319 1131 417 1172 viris
437 1130 672 1172 clarissimis
693 1130 888 1179 debeant,
911 1130 1029 1171 iuxta
1050 1145 1214 1171 mecum
1237 1144 1383 1171 omnes
1403 1129 1651 1186 intelligant.

470 1358 550 1400 III.
621 1359 733 1409 Quid
752 1361 791 1399 ἱη
813 1360 958 1399 edendo
980 1359 1024 1398 F
1022 1365 1224 1413 raqmento
1239 1360 1478 1413 praestitum
1499 1361 1561 1399 sit.

323 1473 489 1514 VERUM
515 1473 618 1514 dum
648 1472 752 1513 haec
783 1473 895 1513 inter
933 1487 1005 1513 eos
1045 1479 1280 1528 agerentur,
1314 1487 1362 1513 ac
1402 1480 1539 1513 totum
1577 1486 1712 1528 paene

321 1531 602 1586 fragmentum
635 1531 862 1585 (quantum
896 1529 1070 1584 quidem
1103 1528 1186 1583 legi
1218 1529 1381 1584 potuit:
1427 1537 1566 1570 cetera
1597 1528 1711 1569 enim

322 1587 493 1629 omnino
525 1587 744 1627 obliterata
771 1594 880 1635 sunt,
910 1585 1118 1641 planeque
1144 1585 1196 1626 de
1225 1601 1369 1626 eorum
1401 1585 1582 1627 lectione
1613 1600 1714 1626 con-

321 1645 544 1685 clamatum
566 1642 752 1697 videtur)
773 1643 1029 1698 descriptum
1051 1650 1171 1692 esset,
1194 1658 1291 1684 ecce
1317 1643 1393 1684 tibi
1415 1658 1468 1684 ex
1489 1642 1714 1699 improviso

321 1709 488 1742 coactus
517 1709 579 1742 est
600 1700 805 1740 Brunsius
828 1700 966 1740 Roma
992 1699 1206 1740 discedere
1236 1700 1288 1740 ad
1316 1700 1510 1756 reliquas,
1533 1715 1640 1756 quae
1668 1699 1714 1740 in

321 1758 443 1799 Italia
475 1766 584 1807 sunt,
616 1756 890 1798 bibliothecas
919 1757 1241 1813 perlustrandas.
1308 1757 1429 1805 Quae
1462 1772 1528 1798 res
1560 1756 1713 1806 effecit,

322 1824 369 1856 ut
389 1815 545 1856 edendi
566 1815 799 1863 consilium,
822 1815 938 1870 quod
965 1814 1158 1863 inierant,
1182 1822 1254 1855 aut
1275 1814 1550 1870 deponerent,
1573 1822 1646 1855 aut
1669 1813 1715 1854 in

322 1872 436 1914 aliud
473 1881 638 1928 tempus
668 1871 897 1913 differrent.
961 1871 1027 1912 Ac
1061 1871 1165 1927 quid
1198 1871 1403 1912 Brunsius
1434 1872 1618 1913 facturus
1647 1871 1713 1919 sit,

322 1929 523 1985 quoniam
554 1930 588 1969 is
620 1929 744 1983 longe
778 1929 968 1984 gentium
997 1929 1080 1969 iam
1109 1929 1239 1977 abest,
1261 1943 1428 1984 prorsus
1454 1929 1628 1984 ignor03
1661 1927 1715 1969 ad

323 1986 590 2027 Iuvenatium
612 1986 783 2040 quidem
806 1993 918 2026 certe
940 1985 1056 2040 quod
1077 1985 1240 2033 attinet,
1259 1985 1343 2025 sive
1366 1985 1457 2025 aliis
1483 1985 1608 2025 rebus
1629 1984 1715 2025 dis-

323 2052 476 2092 tentus,
499 2043 584 2083 sive
606 2050 654 2082 ut
673 2041 778 2082 solet
799 2042 843 2081 in
865 2042 929 2082 his
951 2041 1111 2090 studiis,
1129 2056 1182 2082 ex
1202 2051 1343 2082 vetere
1364 2041 1449 2091 illo,
1473 2049 1520 2082 ut
1540 2041 1714 2097 quidem

323 2099 501 2148 videtur,
517 2098 782 2154 Pythagorae
797 2098 900 2139 scito
917 2098 1030 2154 apud
1047 2098 1310 2147 Ciceronem,
1330 2098 1567 2139 ‘honestam
1581 2114 1716 2153 quan-

326 2156 449 2196 ‘dam
482 2164 524 2196 et
554 2156 740 2211 ingenuo
770 2155 941 2196 homine
977 2155 1148 2210 dignam
1179 2154 1434 2211 voluptatem
1469 2156 1713 2205 consectari,

328 2219 339 2237 ‘
354 2220 570 2268 praeterea
589 2212 723 2261 nihil,’
747 2213 800 2253 de
822 2211 988 2253 edendo
1017 2212 1189 2268 quidem
1215 2212 1322 2252 nihil
1342 2212 1468 2254 modo
1490 2213 1714 2268 cogitabat.

329 2270 427 2318 Qua
458 2270 503 2309 in
534 2284 591 2318 re,
621 2269 765 2318 fateor,
794 2268 910 2310 nullo
942 2277 1065 2325 pacto
1098 2269 1300 2310 iudicium
1334 2285 1475 2311 meum
1509 2270 1563 2311 ad
1593 2285 1716 2311 suum

326 2326 704 2375 accommodabam,
739 2335 966 2381 auctorque
998 2334 1144 2367 contra
1173 2326 1446 2368 vehementer
1475 2327 1554 2383 ipsi
1587 2342 1714 2377 eram,

325 2392 372 2424 ut
392 2399 446 2423 ne
468 2382 640 2432 diutius,
663 2398 789 2438 qnam
818 2383 905 2438 ipse
935 2383 1015 2424 hoc
1045 2383 1249 2438 κειμελίῳ
1277 2392 1443 2440 reperto
1470 2392 1716 2440 perceperat

325 2440 595 2496 voluptatem,
619 2455 710 2480 eam
738 2440 911 2481 literatis
940 2441 1088 2481 ceteris
1109 2440 1320 2496 vulgando
1344 2441 1552 2481 invideret
1567 2456 1578 2489 3
1611 2440 1716 2496 quid

326 2505 480 2546 autem,
519 2496 737 2546 addebam,
775 2512 828 2538 an
866 2496 1072 2538 Hercules
1112 2498 1200 2553 ipse
1236 2506 1356 2547 esset,
1393 2505 1552 2553 quarta,
1588 2507 1636 2538 ut
1671 2497 1715 2537 in

329 2555 494 2596 Graeco
525 2554 745 2609 proverbio
773 2563 847 2603 est,
881 2554 982 2595 luna
1014 2563 1150 2604 natus,
1184 2554 1253 2596 cui
1285 2554 1374 2595 aliis
1406 2555 1451 2594 in
1485 2554 1601 2595 omni
1631 2554 1717 2595 vita

326 2610 599 2652 laborandum
633 2619 752 2660 esset,
779 2611 855 2652 sibi
890 2612 1142 2667 nunquam?
1206 2610 1322 2659 Quid
1354 2611 1508 2666 plura?
1568 2610 1715 2652 Enim-

370 2752 411 2781 34
427 2742 641 2779 Cancesserio,
658 2754 757 2782 quum
771 2744 851 2773 haec
869 2744 907 2773 de
921 2743 1001 2773 inita
1047 2742 1228 2782 Hamburgi
1246 2743 1406 2773 editurum
1423 2746 1520 2781 atque
1536 2742 1593 2773 illa
1610 2744 1717 2775 onmia

326 2798 345 2816 a
360 2785 497 2816 Brunsio
514 2789 546 2815 et
561 2786 732 2816 Iuvenatio
746 2785 950 2815 consiliorum
968 2789 1000 2815 et
1045 2795 1078 2815 re
1103 2786 1208 2815 multo
1234 2784 1335 2823 magis
1359 2795 1454 2823 quam
1482 2785 1584 2815 verbis
1608 2787 1716 2817 confu-

327 2829 472 2858 laborum
505 2827 658 2858 societate
688 2829 813 2858 Romae
838 2828 1001 2861 smihoret,
1046 2831 1188 2857 tntnrnin
1210 2838 1286 2858 esse.
1334 2827 1409 2858 Vid.
1428 2838 1523 2866 supra
1549 2832 1614 2859 not.
1640 2839 1668 2866 4.
1685 2832 1717 2860 ct

326 2880 390 2900 non
419 2870 638 2909 praesagiebat
665 2870 802 2905 aninum,
827 2869 998 2900 Brunsinm
1047 2878 1096 2908 31.
1113 2874 1210 2909 atque
1228 2870 1385 2901 Niebuhr.
1405 2880 1434 2909 p.
1452 2872 1502 2908 87.

327 2912 411 2943 Livii
433 2913 650 2952 fragmentum
667 2913 832 2951 aliquanto
849 2911 1002 2951 integrius
