1888 3194
318 155 398 193 190
832 151 981 192 ΤΙΤΙ
1017 149 1196 192 LIVII

108 251 152 283 U.
169 251 207 282 C.
230 252 301 291 585.
317 240 535 282 Cicereius
566 239 708 282 multis
741 249 837 282 ante
871 240 993 281 annis
1023 249 1191 296 praetor
1222 238 1376 294 fuerat)
1408 238 1455 279 P.
1480 236 1707 278 Terentius

104 294 145 325 A.
169 294 209 326 C·
233 294 302 334 ¹57·
316 298 630 348 Tuscivicanus,
653 297 700 339 P.
720 297 935 338 Manilius.
998 297 1157 339 Moniti
1178 295 1333 338 deinde
1362 294 1553 337 consules
1580 309 1605 336 a
1624 294 1706 336 Pa-

314 355 458 405 tribus,
481 364 542 405 ut,
564 356 762 412 quoniam
796 355 973 396 alterum
1006 369 1060 396 ex
1095 355 1159 395 his
1195 353 1418 395 succedere
1455 352 1505 394 C.
1525 351 1705 402 Licinio,

315 413 387 468 qui
423 412 584 468 legatus
615 413 854 454 nominatus
890 420 990 462 erat,
1023 411 1068 452 in
1099 411 1280 453 Galliam
1313 418 1537 466 oporteret,
1568 408 1705 465 primo

314 485 484 526 quoque
515 479 702 525 tempore
733 469 966 525 provincias
998 477 1069 509 aut
1100 476 1391 524 compararent
1417 468 1529 508 inter
1555 481 1611 516 se,
1634 473 1706 507 aut

314 528 574 576 sortirentur,
591 527 722 568 sortiti
747 534 854 567 sunt.
904 525 965 566 M.
983 525 1106 566 Iunio
1122 526 1243 566 Pisae
1265 526 1539 573 obvenerunt,
1557 523 1706 578 (quem

313 584 440 639 prius,
464 599 591 640 quam
623 584 667 624 in
699 583 956 639 provinciam
989 583 1080 631 iret,
1110 583 1352 638 legationes,
1375 596 1482 637 quae
1514 579 1704 635 undique

316 641 495 682 Romam
527 641 778 696 gratulatum
811 647 1111 688 convenerunt,
1140 639 1407 679 introducere
1438 638 1483 678 in
1513 646 1702 678 senatum
1720 647 1737 681 7

313 697 491 753 placuit)
530 698 583 744 Q.
604 697 729 738 Aelio
765 696 914 737 Gallia.
981 695 1183 736 Ceterum
1219 710 1462 750 quanquam
1496 694 1598 735 tales
1627 693 1705 735 viri

314 755 590 803 mitterentur,
614 768 792 809 quorum
815 753 867 793 de
889 752 1062 793 consilio
1090 752 1246 807 sperari
1270 759 1409 807 posset
1433 751 1705 806 imperatores

313 811 419 852 nihil
441 811 663 866 indignum
685 825 763 850 nec
785 809 1009 850 clementia
1029 824 1108 850 nec
1128 809 1330 865 gravitate
1352 807 1498 864 populi
1520 807 1736 848 Romanis

313 868 553 909 decreturos
574 882 675 916 esse,
699 876 840 907 tamen
862 866 906 906 in
927 874 1074 907 senatu
1095 881 1264 922 quoque
1287 865 1442 921 agitata
1461 872 1524 905 est
1543 879 1706 905 summa

314 924 595 974 consiliorum,
614 932 661 964 ut
681 924 877 965 inchoata
898 923 1038 964 omnia
1058 923 1185 979 legati
1206 924 1257 964 ab
1279 923 1405 964 domo
1425 921 1531 963 ferre
1553 921 1606 963 ad
1626 921 1706 962 im-

172 981 235 1018 18·
313 990 524 1038 peratores
558 990 738 1037 possent.
803 981 1037 1023 ‘Omnium
1073 981 1255 1036 primum
1290 980 1442 1021 liberos
1477 979 1584 1020 esse’
1615 978 1706 1034 pla-

104 1035 142 1107 ᾗ
155 1036 251 1108 (25³2
314 1040 435 1080 cebat
466 1045 478 1063 ‘
496 1038 755 1080 Macedonas
775 1046 901 1094 atque
924 1037 1100 1094 Illyrios,
1123 1046 1170 1078 ut
1195 1037 1389 1079 omnibus
1413 1036 1616 1092 gentibus.
1632 1051 1706 1091 ap-

103 1088 201 1152 nigrce
227 1088 257 1109 θ’
316 1103 327 1121 ‘
343 1105 520 1153 pareret,
543 1111 657 1138 arma
682 1095 828 1152 populi
859 1095 1041 1136 Romani
1070 1110 1156 1136 non
1184 1094 1325 1136 liberis
1352 1094 1608 1143 servitutem,
1631 1092 1705 1134 sed

315 1159 328 1178 ‘
343 1163 489 1195 contra
515 1153 790 1194 servientibus
816 1152 1052 1193 libertatem
1080 1153 1253 1201 afferre3
1286 1160 1334 1192 ut
1364 1159 1407 1192 et
1437 1151 1482 1191 in
1511 1150 1704 1192 libertate

315 1216 489 1266 ‘gentes
525 1226 632 1267 quae
669 1218 819 1259 essent,
856 1217 987 1250 tutam
1024 1225 1116 1250 eam
1152 1209 1230 1250 sibi
1264 1216 1596 1264 perpetuamque
1627 1207 1704 1249 sub

315 1274 328 1292 ⁶
344 1268 475 1309 tutela
502 1267 647 1324 populi
671 1267 854 1308 Romani
883 1282 985 1316 esse,
1008 1275 1050 1307 et
1071 1281 1178 1322 quae
1206 1266 1283 1307 sub
1311 1266 1479 1321 regibus
1499 1265 1703 1314 viverent,

315 1331 385 1366 ‘et
411 1325 455 1366 in
483 1339 679 1381 praesens
705 1332 869 1380 tempus
896 1323 1081 1365 mitiores
1109 1338 1179 1365 eos
1207 1323 1484 1378 iustioresque
1512 1329 1706 1377 respectu

315 1382 487 1438 ‘populi
514 1381 697 1423 Romani
727 1381 880 1422 habere
908 1396 965 1430 se,
988 1389 1042 1430 et,
1065 1381 1098 1422 si
1120 1380 1290 1436 quando
1317 1379 1476 1421 bellum
1502 1393 1599 1420 cum
1629 1393 1705 1434 po-

315 1440 442 1495 ‘pulo
465 1439 659 1480 Romano
687 1439 852 1494 regibus
880 1438 1025 1479 fuisset
1052 1438 1149 1487 suis,
1179 1437 1340 1478 exitum
1371 1437 1460 1477 eius
1487 1436 1705 1478 victoriam

316 1497 561 1545 ‘Romanis,
598 1496 676 1536 sibi
716 1495 951 1536 libertatem
987 1494 1208 1536 allaturum
1244 1494 1475 1534 crederent.
1538 1492 1737 1538 Metalli9

316 1559 328 1578 ‘
343 1569 512 1610 quoque
530 1552 812 1601 Macedonici,
836 1552 951 1607 quod
971 1552 1119 1607 ingens
1140 1550 1319 1606 vectigal
1339 1558 1440 1599 erat,
1458 1549 1706 1591 locationes-

315 1616 327 1635 ‘
343 1626 425 1666 que
447 1610 714 1666 praediorum
735 1610 985 1650 rusticorum
1006 1608 1113 1649 tolli'
1134 1608 1337 1664 placebat.
1401 1613 1413 1631 ‘
1429 1606 1543 1648 Nam
1564 1621 1704 1663 neque

314 1668 430 1709 ‘sine
461 1667 686 1723 publicano
717 1666 904 1707 exerceri
933 1681 1082 1721 posse3
1115 1674 1170 1715 et,
1202 1666 1275 1707 ubi
1304 1664 1553 1721 publicanus
1583 1672 1704 1714 esset,

314 1725 399 1766 ‘ibi
427 1733 500 1766 aut
527 1724 591 1765 ius
618 1723 834 1780 publicum
855 1739 1023 1773 vanum,
1046 1732 1118 1764 aut
1141 1723 1378 1764 libertatem
1402 1722 1524 1763 sociis
1544 1721 1704 1763 nullam
1720 1739 1733 1760 1

314 1788 327 1806 ‘
342 1797 441 1823 esse.
505 1781 574 1822 Ne
600 1782 710 1837 ipsos
732 1781 904 1837 quidem
927 1780 1186 1822 Macedonas
1210 1780 1324 1821 idem
1350 1794 1544 1820 exercere
1570 1793 1701 1835 posse.
1717 1795 1736 1816 2

313 1845 326 1864 ‘
344 1839 429 1880 Ubi
452 1839 496 1879 in
517 1838 658 1880 medio
678 1838 833 1894 praeda
856 1838 1242 1879 administrantibus
1263 1845 1383 1886 esset,
1406 1837 1464 1878 ibi
1485 1850 1705 1892 nunquam

315 1902 484 1938 ‘causas
511 1896 767 1937 seditionum
789 1904 832 1936 et
859 1895 1098 1936 certaminis
1119 1894 1273 1936 defore.
1339 1893 1578 1935 Commune
1604 1907 1704 1933 con-

314 1953 485 1994 ‘cilium
515 1953 652 2008 gentis
682 1960 802 2001 esset,
834 1967 887 1992 ne
924 1952 1162 2006 improbum
1191 1951 1341 2006 vulgus
1371 1951 1422 1991 ab
1453 1957 1599 1991 senatu
1630 1949 1735 1991 ali-3

313 2016 326 2034 ‘
342 2009 512 2065 quando
533 2009 769 2050 libertatem
790 2008 943 2049 salubri
960 2007 1245 2049 moderatione
1263 2007 1403 2048 datam
1421 2007 1474 2048 ad
1489 2007 1705 2048 licentiam

313 2073 326 2091 ‘
341 2066 608 2123 pestilentem
639 2065 831 2106 traheret.
893 2065 945 2105 In
970 2073 1168 2120 quattuor
1194 2064 1387 2120 regiones
1407 2064 1587 2106 describi
1608 2063 1705 2105 Ma-

359 2214 376 2246 7
399 2206 643 2244 Convenerunt]
676 2206 912 2243 Convenerant,
946 2215 986 2235 ex
1078 2215 1090 2235 1
1118 2206 1170 2236 Ibi
1200 2209 1258 2236 aut
1288 2207 1339 2236 ius
1365 2206 1533 2245 publicum
1562 2205 1701 2246 vanum]

315 2249 540 2280 emendatione
567 2248 706 2285 Dukeri‚
732 2247 873 2287 reposuit
901 2247 986 2278 Bek-
1033 2247 1101 2278 Ubi
1122 2248 1316 2287 publicanus
1335 2251 1393 2285 est,
1409 2248 1601 2278 alterutrum
1620 2248 1704 2279 aeci-

316 2292 384 2323 ker,
1032 2290 1107 2320 dere
1122 2300 1251 2321 necesse
1267 2294 1324 2321 est.
1355 2290 1422 2320 Aut
1437 2290 1599 2321 remissius
1610 2300 1704 2331 agere

359 2334 377 2363 8
401 2334 522 2373 Populi
542 2331 696 2372 Romani]
724 2332 796 2362 Has
819 2342 911 2362 voces
933 2333 986 2362 ad·
1032 2332 1198 2371 publicani
1221 2333 1433 2363 iubebuntur:
1457 2336 1536 2363 tunc
1555 2333 1606 2363 ius
1622 2334 1703 2372 pub-

316 2375 398 2407 didit
415 2375 570 2415 Sigonius.
1033 2375 1131 2404 licum
1149 2385 1267 2405 vanum
1283 2374 1354 2412 erit,
1369 2375 1402 2405 id
1422 2378 1481 2413 est,
1496 2385 1536 2405 ex
1556 2374 1626 2405 iure
1645 2375 1703 2406 illo

358 2427 378 2458 9
401 2419 531 2449 Metalli
543 2417 895 2457 quoquelllacedonici]
916 2416 985 2446 Du-
1030 2417 1174 2456 publico,
1208 2418 1259 2447 vel
1296 2417 1434 2454 metalli,
1471 2417 1522 2447 vel
1559 2417 1702 2456 portorii,

315 2460 404 2490 bium
429 2470 496 2489 esse
521 2463 638 2498 potest,
658 2463 765 2488 utrum
789 2459 868 2488 haec
889 2459 987 2488 verba
1030 2459 1110 2489 nihil
1131 2463 1187 2489 aut
1210 2459 1453 2499 perpaullulum
1476 2459 1633 2498 pecuniae
1655 2469 1702 2490 re·

314 2502 480 2533 referenda
503 2502 566 2531 sint
589 2502 630 2531 ad
649 2502 795 2540 veotz'yal,
815 2511 856 2531 an
877 2501 919 2530 ad
943 2502 985 2531 lo-
1031 2501 1176 2540 cipietur.
1221 2502 1290 2532 Aut
1320 2501 1513 2540 publicanus
1540 2501 1640 2541 rigide
1669 2505 1702 2532 et

313 2546 462 2575 cationes.
531 2543 693 2573 Posterius
730 2543 830 2582 magis
868 2543 983 2582 placet.
1030 2543 1174 2573 districte
1203 2547 1297 2583 aget:
1337 2547 1415 2573 tunc
1444 2543 1575 2574 libertas
1608 2543 1702 2574 sociis

316 2586 406 2623 Quid
431 2586 493 2617 sint
519 2585 581 2615 hoc
606 2586 675 2615 loco
700 2586 869 2616 locationes
890 2596 985 2624 prae·
1029 2586 1121 2616 nulla
1136 2585 1204 2616 erit.
1229 2586 1336 2616 CREV.

314 2631 439 2659 diorum
465 2629 668 2662 rusticorum,
694 2627 780 2657 haud
811 2627 906 2657 facile
932 2627 985 2657 de·
1074 2637 1090 2656 2
1113 2629 1202 2658 Idem
1238 2638 1385 2658 emm-cere
1419 2628 1527 2666 posse]
1566 2628 1609 2658 Id
1642 2637 1701 2667 pro

317 2671 408 2701 finire
425 2680 602 2709 possumus.
649 2670 796 2700 Fortasse
816 2669 876 2698 hoc
892 2669 985 2699 intel·
1029 2670 1111 2700 idem
1126 2669 1252 2699 mavult
1267 2668 1458 2700 Crevierius.

316 2713 480 2753 ligendum
503 2716 551 2742 est
574 2713 613 2742 de
637 2711 786 2751 praediiS,
808 2721 891 2749 quae
916 2720 985 2749 pro·
1073 2720 1090 2749 3
1116 2712 1228 2742 Gentis
1270 2712 1366 2748 esset]
1417 2711 1530 2742 Gentis
1571 2712 1700 2742 nullum

316 2756 421 2795 prium
443 2758 547 2785 essent
566 2764 676 2793 regum
698 2753 983 2784 Macedonicorum
1027 2758 1106 2784 esset
1132 2752 1313 2784 Crevierius
1342 2756 1374 2782 et
1402 2752 1700 2791 Drakenborchius‚

314 2797 556 2837 patrimonium,
574 2807 657 2835 quae
680 2806 779 2835 quum
802 2796 985 2825 locarentur
1028 2799 1160 2825 auctore
1171 2794 1311 2833 Sigonio‚
1321 2795 1543 2834 reponendum
1556 2800 1700 2834 censent,

314 2851 334 2870 a
354 2839 490 2879 regibus,
505 2849 524 2869 a
546 2838 704 2870 Romanis
723 2838 773 2869 vel
791 2838 984 2876 venduntur,
1029 2847 1164 2876 quorum
1187 2837 1243 2867 ille
1263 2838 1430 2868 consilium
1451 2847 1508 2877 pro
1529 2839 1699 2870 concilium

315 2883 366 2913 vel
382 2883 553 2914 donantur.
576 2881 683 2914 CREV.
1029 2880 1201 2919 legendum
1218 2880 1341 2911 suadet.
