1888 3194
578 371 628 424 E
658 371 707 425 P
736 372 762 425 I
793 372 843 425 L
873 370 923 425 O
952 370 1006 424 G
1038 370 1094 425 U
1127 371 1162 424 S

449 521 766 577 FRANC.
828 520 1286 576 GOELLERI

227 675 321 723 AD
364 674 636 723 LIBRUM
681 673 1007 721 TERTIUM
1053 672 1521 720 TRIGESIMUM.

776 832 970 855 ...4—

262 963 344 1006 ED
366 963 470 1006 haee
492 962 666 1020 quidem
687 961 903 1004 hactenus.
968 960 1200 1018 Reliquum
1222 970 1297 1011 est,
1320 969 1368 1003 ut
1389 960 1442 1003 de
1468 960 1574 1002 libro

181 969 253 1073 S
289 1036 418 1063 manu
450 1021 604 1076 scripto
637 1019 789 1069 dicam,
821 1019 936 1060 unde
968 1018 1073 1060 haec
1104 1033 1213 1060 nova
1243 1018 1339 1059 libri
1371 1017 1575 1074 trigesimi

172 1079 284 1120 tertii
320 1078 451 1120 editio
486 1085 643 1134 parata,
678 1077 857 1118 varietas
889 1076 1082 1117 lectionis
1118 1076 1162 1116 in
1198 1074 1288 1117 aliis
1321 1075 1575 1132 quibusdam

171 1135 288 1177 libris
309 1135 425 1176 Livii
446 1135 569 1176 obvia
589 1143 758 1175 enotata
779 1142 854 1174 est.

230 1191 273 1234 Is
293 1201 357 1234 est
381 1192 738 1241 membranaceus,
761 1190 975 1246 octoginta
994 1189 1218 1239 foliorum3
1251 1189 1296 1230 in
1320 1189 1579 1231 bibliotheca

171 1249 307 1307 Lycei
326 1249 453 1306 Regii
470 1248 793 1304 Bambergensis
810 1257 1054 1296 asservatur,
1073 1246 1307 1288 secundum
1324 1246 1575 1303 catalogum,

173 1322 199 1349 a
218 1307 248 1349 J
251 1307 444 1350 oachimo
466 1306 493 1347 J
498 1306 632 1356 ackio,
655 1306 729 1361 qui
751 1320 865 1346 nunc
887 1304 946 1345 illi
968 1303 1248 1346 bibliothecae
1276 1313 1452 1360 praeest,
1476 1318 1577 1345 con-

171 1364 330 1407 fectum
385 1364 588 1406 librorum
646 1362 777 1405 MSS.
830 1362 989 1404 ordinis
1043 1362 1182 1417 quarti
1237 1370 1375 1402 tomus
1424 1376 1574 1402 nonus.

173 1421 258 1477 (M.
278 1421 355 1463 IV.
373 1422 435 1477 9.)
494 1421 547 1462 In
567 1430 708 1463 vetere
730 1419 932 1476 catalogo,
957 1419 1211 1461 concinnato
1232 1433 1257 1459 a
1280 1418 1440 1460 Graffio
1465 1418 1505 1460 S.
1525 1418 1574 1468 I.,

172 1479 452 1521 bibliothecae
486 1479 596 1520 circa
627 1493 787 1519 annum
820 1477 917 1519 MD
930 1476 1114 1518 CCXL.
1145 1476 1345 1526 antistite,
1374 1475 1577 1517 librorum

173 1536 468 1578 historicorum
500 1535 630 1578 MSS.
659 1544 797 1576 tomus
827 1543 980 1576 sextus.
1014 1533 1093 1588 (H
1110 1533 1211 1589 VI.)
1275 1532 1403 1575 Hunc
1424 1533 1578 1574 librum

174 1593 400 1651 probabilis
428 1603 491 1635 est
518 1593 662 1649 opinio
684 1591 862 1633 Martini
883 1591 936 1633 de
961 1591 1133 1640 Reider,
1156 1605 1296 1632 rerum
1325 1606 1420 1632 cum
1447 1590 1578 1632 medii

175 1651 280 1701 aevi,
299 1660 389 1692 tum
407 1650 520 1692 urbis
537 1650 694 1707 patriae
716 1648 970 1705 peritissimi,
985 1648 1051 1689 vel
1067 1647 1304 1704 sumptibus
1322 1647 1502 1689 Henrici
1517 1647 1574 1689 11.

175 1709 232 1750 im
267 1708 441 1750 cratoris
470 1707 767 1763 conscriptum,
797 1705 863 1747 vel
896 1706 1078 1763 pecunia
1105 1714 1348 1760 coemptum
1380 1705 1425 1745 in
1453 1719 1577 1746 usum

179 1765 232 1808 Sc
267 1765 356 1807 olae
397 1765 597 1807 ecclesiae
639 1762 890 1805 cathedralis
932 1762 1254 1818 Bambergensis
1296 1776 1393 1802 cum
1435 1761 1579 1803 multis

176 1823 268 1865 aliis
299 1823 414 1864 libris
443 1822 643 1864 traditum
676 1836 777 1862 esse.
842 1820 1001 1862 Floruit
1036 1820 1149 1861 enim
1175 1818 1389 1874 quondam
1423 1819 1467 1859 in
1500 1819 1578 1861 hac

177 1881 279 1922 urbe
309 1881 419 1921 inter
440 1879 709 1921 celeberimas
737 1877 891 1927 schola,
915 1877 983 1919 cui
1011 1877 1171 1934 primus
1196 1875 1447 1932 Egilbertus,
1470 1876 1579 1932 epis-

177 1952 308 1994 copus
347 1937 705 1993 Bambergcnsis1,
737 1935 973 1991 praefectus
1005 1943 1067 1975 est
1102 1935 1153 1975 ab
1187 1933 1336 1975 eodem
1373 1933 1577 1984 Henrico,

176 1995 250 2052 qui
279 1994 504 2036 condiditss.
567 1993 670 2035 Post
697 2007 794 2034 eum
823 1991 1069 2033 Scholastici
1100 2006 1274 2032 munere
1302 1991 1435 2032 functi
1466 2000 1578 2041 sunt,

177 2052 251 2109 qui
277 2067 354 2109 per
380 2066 548 2092 omnem
582 2049 857 2091 Germaniam
890 2064 1054 2090 summa
1081 2048 1295 2104 quondam
1330 2048 1577 2089 auctoritate

176 2109 372 2167 pollebat,
409 2109 552 2158 Anno,
587 2107 926 2164 archiepiscopus
965 2105 1245 2155 Coloniensis,
1285 2104 1462 2146 lIenrici
1499 2105 1577 2146 IV.

177 2167 382 2224 pueritiae
404 2181 501 2207 cum
525 2165 759 2206 Adalberto
782 2164 1002 2205 Bremensi
1029 2172 1142 2205 tutor
1163 2162 1276 2203 idem
1298 2177 1346 2204 ac
1368 2162 1578 2218 magister,

178 2233 221 2266 et
255 2224 366 2266 circa
406 2238 564 2264 annum
608 2221 851 2263 MLXVII.
887 2220 1123 2270 Wilramus,
1167 2219 1364 2261 Lutetiae
1407 2235 1578 2276 quoque

178 2281 433 2323 Parisiorum
450 2281 579 2323 bonas
594 2279 734 2322 literas
755 2279 975 2336 professus,
998 2277 1193 2321 coenobii
1215 2276 1580 2333 Merseburgcnsis

179 2339 315 2381 abbas.

239 2396 411 2438 Codicis
434 2395 757 2451 Bambergensis
777 2394 847 2435 hic
869 2393 1037 2435 habitus
1057 2403 1133 2443 cst,
1155 2392 1261 2433 haec
1282 2392 1440 2434 forma:

235 2454 398 2510 Pagina
418 2453 592 2495 adversa
638 2452 731 2493 rimi
748 2451 848 2501 folii,
867 2467 891 2492 a
908 2451 1148 2506 bibliopcgo
1170 2450 1315 2491 inserti
1337 2450 1388 2490 ab
1406 2449 1578 2491 homine

179 2512 320 2553 nescio
349 2526 434 2567 quo
465 2518 561 2551 ante
593 2468 798 2551 graffium
831 2508 1110 2550 bibliothecae
1140 2507 1351 2564 praefecto
1385 2507 1488 2548 haec
1516 2507 1581 2548 in-

180 2569 350 2641 scriptio
372 2568 618 2624 consignata
640 2567 770 2608 literis
791 2575 879 2607 est:

240 2632 250 2650 ‘
275 2626 356 2667 riti
394 2625 505 2666 Livii
538 2625 589 2666 ab
625 2624 679 2666 U.
713 2625 762 2666 C.
798 2623 1064 2664 historiarum
1101 2621 1209 2663 liber
1249 2622 1402 2664 XXV.
1439 2632 1481 2663 et
1517 2637 1580 2662 se-

181 2687 384 2739 ‘quentes
404 2682 605 2738 deinceps
626 2696 758 2738 usque
781 2680 835 2722 ad
858 2679 1099 2722 XXXIX!

232 2835 241 2856 ι
272 2825 346 2856 vid.
362 2827 517 2858 Mass.
535 2830 612 2856 tom.
628 2825 739 2856 xxviii.
754 2825 785 2856 in
802 2824 856 2856 vit.
903 2828 980 2855 tum.
1007 2834 1033 2855 v.
1061 2824 1130 2856 libr.
1156 2836 1181 2857 v.
1204 2836 1272 2864 cap.
1295 2835 1324 2865 c).
1348 2829 1427 2856 extr.
1454 2834 1483 2863 p.
1512 2832 1579 2862 270.

187 2867 320 2898 lIenrici
341 2867 388 2898 11.
408 2879 436 2907 p.
457 2877 526 2907 7¹5.
551 2867 588 2898 E.
610 2868 644 2898 F.
906 2866 1104 2898 Frankcnth.

229 2919 244 2939 2
267 2909 338 2940 vid.
353 2909 508 2940 Schmidt.
522 2909 640 2941 Gesch.
655 2910 685 2940 11.
703 2909 858 2940 Deutsch.
