1888 3194
383 178 436 218 76
896 172 1045 215 TITI
1081 172 1259 214 LIVII

171 278 215 309 U.
232 278 274 309 C.
296 278 367 317 581.
383 270 394 288 ‘
408 264 596 306 tentione
617 272 756 305 ortum
777 264 1014 305 certamen!
1075 263 1307 320 Utriusque
1334 272 1474 305 tamen
1495 263 1622 319 partis
1642 262 1768 319 legati

169 321 209 351 Α·
234 322 271 352 C.
299 328 366 360 171·
381 322 434 363 ad
457 321 671 363 Romanos
692 331 909 371 venerunt,
932 331 974 362 et
995 321 1160 363 exsules
1185 330 1524 377 accusatoresque
1546 320 1766 371 Ismeniae,

233 383 301 420 44.
381 389 424 421 et
444 379 672 421 Ismenias
663 395 762 435 ipse.
828 378 1074 420 Chalcidem
1092 388 1139 420 ut
1154 388 1326 420 ventum
1343 389 1416 428 est,
1436 378 1607 419 aliarum
1624 378 1768 420 civita-

381 438 486 478 tium
507 437 730 493 principes,
752 436 797 477 id
821 437 936 492 quod
956 437 1136 477 maxime
1158 446 1323 492 gratum
1344 445 1432 477 erat
1455 436 1669 486 Romanis,
1691 451 1767 477 suo

381 495 538 551 quique
569 494 737 551 proprio
768 494 936 535 decreto
967 494 1125 550 regiam
1154 494 1395 535 societatem
1426 493 1647 549 aspernati,
1677 494 1768 534 Ro-

380 553 514 594 manis
554 567 597 593 se
639 551 950 608 adiungebant:
994 551 1196 593 Ismenias
1230 560 1400 608 gentem
1432 550 1686 592 Boeotorum
1722 550 1767 591 in

380 610 509 651 fidem
538 609 829 650 Romanorum
856 609 1042 665 permitti
1070 624 1251 664 aequum
1280 609 1486 650 censebat.
1549 607 1656 649 Inde
1677 623 1768 649 cer-

382 668 536 708 tamine
567 675 672 715 orto,
704 666 783 708 nisi
813 667 858 707 in
889 665 1070 707 tribunal
1098 666 1329 722 legatorum
1359 666 1621 722 perfugisset,
1653 665 1768 706 haud

380 725 560 766 multum
587 724 733 773 abfuit,
756 724 858 779 quin
888 724 939 764 ab
961 723 1174 764 exsulibus
1197 723 1508 778 fautoribusque
1537 738 1682 764 eorum
1702 723 1767 763 in-

380 783 650 823 terficeretur.
713 781 886 822 Thebae
915 796 1084 836 quoque
1112 781 1237 836 ipsae,
1267 780 1382 836 quod
1413 779 1612 821 Boeotiae
1641 789 1767 836 caput

380 849 455 889 est,
488 839 530 879 in
568 853 719 893 magno
752 838 937 878 tumultu
967 846 1096 887 erant,
1129 837 1218 878 aliis
1253 838 1306 878 ad
1335 852 1477 893 regem
1507 837 1767 878 trahentibus

379 897 603 945 civitatem,
622 895 712 936 aliis
728 895 782 936 ad
804 895 1028 936 Romanos.
1093 895 1148 935 Et
1169 895 1291 936 turba
1309 894 1624 936 Coronaeorum
1646 894 1767 935 Hali-

379 954 664 1009 artiorumque
696 962 948 994 convenerat
969 952 1022 993 ad
1043 952 1356 993 defendendum
1385 952 1600 993 decretum
1627 952 1766 1008 regiae

379 1011 597 1052 societatis.
663 1010 747 1052 Sed
771 1010 1005 1051 constantia
1031 1010 1283 1066 principum,
1312 1010 1555 1051 docentium
1580 1009 1766 1051 cladibus

379 1068 568 1125 Philippi
596 1067 898 1124 Antiochique,
928 1077 1085 1124 quanta
1114 1077 1221 1109 esset
1250 1068 1310 1109 vis
1341 1076 1383 1109 et
1406 1067 1612 1109 fortuna
1602 1067 1767 1133 lmperii

381 1126 578 1175 Romani,
607 1126 716 1167 victa
743 1126 890 1167 eadem
918 1125 1144 1166 multitudo
1173 1134 1226 1175 et,
1249 1134 1296 1166 ut
1322 1125 1536 1166 tolleretur
1562 1125 1677 1181 regia
1700 1140 1766 1166 so-

379 1184 520 1233 cietas,
544 1184 741 1233 decrevit,
765 1195 808 1225 et
835 1199 917 1232 eos,
941 1183 1014 1239 qui
1044 1192 1231 1224 auctores
1258 1182 1530 1248 paciscendae
1559 1182 1765 1224 amicitiae

378 1242 555 1291 fuerant,
578 1241 631 1282 ad
652 1241 988 1282 satisfaciendum
1009 1240 1154 1297 legatis
1173 1240 1418 1282 Chalcidem
1440 1240 1564 1290 misit,
1581 1239 1766 1296 fideique

378 1299 610 1364 legatorum
642 1298 926 1340 commendari
957 1298 1167 1340 civitatem
1198 1298 1326 1339 iussit
1388 1297 1614 1339 Thebanos
1650 1297 1767 1339 Mar-

378 1357 466 1398 cius
487 1365 530 1398 et
552 1356 709 1397 Atilius
736 1356 834 1397 laeti
855 1355 1090 1405 audierunt,
1115 1364 1389 1411 auctoresque
1411 1364 1452 1396 et
1480 1355 1556 1405 his,
1579 1363 1622 1396 et
1648 1364 1797 1411 sepa-8

378 1415 500 1455 ratim
531 1414 704 1470 singulis
731 1413 901 1455 fuerunt
925 1413 978 1454 ad
1007 1413 1290 1454 renovandam
1318 1412 1543 1454 amicitiam
1570 1413 1767 1454 mittendi

379 1471 560 1513 Romam
582 1471 750 1527 legatos.
813 1471 928 1512 Ante
951 1471 1092 1512 omnia
1113 1470 1277 1512 exsules
1297 1470 1459 1512 restitui
1479 1470 1700 1520 iusserunt,
1723 1479 1767 1511 et

166 1538 359 1586 Boeqtffcum
378 1538 566 1570 auctores
582 1530 719 1585 regiae
735 1529 943 1570 societatis
959 1528 1126 1578 decreto
1141 1544 1215 1570 suo
1231 1528 1494 1569 damnarunt.
1557 1527 1633 1578 Ita,
1651 1527 1766 1583 quod
1778 1543 1798 1574 9

167 1583 341 1654 gqnmhum
377 1587 557 1628 maxime
575 1587 783 1635 volebant,
801 1586 984 1627 discusso
1002 1586 1203 1627 Boeotico
1220 1586 1409 1635 001101110,
1427 1585 1767 1650 Peloponnesum

190 1634 354 1656 1scussum.
376 1645 709 1701 proficiscuntur,
746 1643 831 1685 Ser.
859 1643 1058 1685 Cornelio
1093 1643 1341 1684 Chalcidem
1373 1643 1576 1684 arcessito.
1639 1643 1766 1699 Argis

375 1702 613 1767 praebitum
629 1711 692 1743 est
712 1701 761 1742 iis
778 1701 1025 1742 concilium:
1060 1701 1133 1742 ubi
1155 1701 1258 1741 nihil
1281 1700 1395 1741 aliud
1416 1716 1440 1741 a
1459 1710 1584 1757 gente
1599 1700 1767 1742 Achae-

376 1775 496 1801 orum
516 1759 742 1816 petierunt,
765 1773 891 1814 quam
913 1769 960 1799 111
990 1758 1103 1799 mille
1132 1758 1286 1799 milites
1312 1758 1470 1800 darent.
1533 1757 1584 1799 Id
1611 1759 1767 1824 praesi-

376 1817 494 1858 dium
523 1817 576 1858 ad
600 1816 848 1858 Chalcidem
878 1816 1090 1881 tuendam,
1114 1815 1216 1856 dum
1239 1816 1456 1857 Romanus
1484 1816 1692 1857 exercitus
1721 1816 1766 1856 in

380 1874 601 1916 Graeciam
639 1875 908 1923 traiiceretur,
946 1874 1118 1914 missum
1159 1882 1233 1914 031.
1296 1873 1483 1914 Marcius
1518 1882 1560 1914 et
1594 1873 1764 1922 Atilius,

376 1933 566 1988 peractis,
598 1947 705 1987 quae
737 1931 899 1986 agenda
933 1931 977 1971 in
1012 1930 1191 1971 Graecia
1220 1939 1349 1979 erant,
1381 1930 1587 1986 principio
1617 1930 1765 1971 hiemis

380 1989 560 2030 Romam
581 1989 807 2029 redierunt.

229 2050 297 2088 45.
435 2046 541 2087 Inde
563 2045 716 2101 legatio
738 2046 814 2086 sub
831 2045 942 2086 idem
966 2053 1130 2100 tempus
1147 2044 1190 2084 in
1212 2044 1358 2085 Asiam
1375 2053 1418 2085 et
1434 2045 1589 2086 circum
1611 2045 1765 2086 insulas

167 2104 289 2153 Legati.
378 2103 511 2144 missa.
574 2103 680 2143 Tres
701 2110 820 2143 erant
844 2102 982 2157 legati,
1007 2102 1072 2142 Ti.
1095 2100 1311 2151 Claudius,
1338 2102 1406 2167 Sp.
1424 2101 1675 2152 Postumius,
1699 2103 1762 2145 M.

167 2147 364 2221 ἓζῐξέξέω
378 2160 536 2201 Ι11111113.
599 2159 636 2201 Ii
664 2160 971 2201 circumeuntes
999 2159 1272 2200 hortabantur
1299 2160 1430 2201 socios
1455 2160 1508 2201 ad
1535 2161 1765 2217 suscipien-

166 2232 223 2263 las.
377 2218 479 2259 dum
500 2217 695 2259 3111013113
723 2217 876 2258 Persea
899 2232 973 2272 pio
1005 2216 1209 2257 RomaniS
1232 2216 1412 2258 bellum:
1447 2226 1501 2268 et,
1525 2233 1608 2273 quo
1637 2233 1764 2283 quac-

377 2291 459 2340 que
496 2274 734 2331 opulentior
768 2274 911 2315 civitas
947 2283 1045 2323 erat,
1081 2289 1131 2315 eo
1173 2275 1403 2315 300111311113
1440 2275 1630 2331 agebant,
1665 2275 1764 2331 quia

377 2348 558 2374 mmores
598 2341 812 2373 secuturae
848 2332 1052 2372 maiorum
1085 2332 1375 2373 auctmitatem
1411 2342 1540 2374 erant.
1604 2333 1764 2374 Rhodii

377 2390 550 2431 maximi
582 2389 636 2430 ad
669 2390 810 2431 omnia
841 2389 1043 2429 momenti
1075 2389 1347 2439 habebantm,
1381 2390 1480 2446 quia
1508 2406 1593 2432 non
1623 2390 1761 2432 fovere

377 2456 552 2497 tantum,
584 2447 658 2488 sed
688 2447 881 2487 adiuvare
913 2447 1038 2487 etiam
1070 2447 1225 2487 viribus
1255 2448 1338 2488 suis
1367 2447 1526 2489 bellum
1555 2456 1761 2513 poterant,

375 2504 652 2561 quadraginta
667 2520 747 2545 nav
738 2504 842 2545 ⁷ibus
858 2512 1023 2545 auctore
1043 2503 1325 2560 Hegesilocho
1341 2507 1604 2562 praeparatis.
1660 2505 1791 2557 Qui,1

418 2633 437 2662 8
460 2633 678 2672 Auctoresque
700 2637 731 2662 et
752 2633 812 2669 his,
828 2637 857 2662 et
875 2634 1048 2671 separatim
1093 2636 1164 2663 ceta
1186 2634 1325 2672 quodam
1348 2634 1381 2663 in
1405 2645 1564 2665 carcerem
1588 2635 1762 2673 coniectus,

375 2676 528 2714 sinyulis]
570 2675 623 2705 Ita
648 2680 733 2704 recte
758 2674 950 2707 Gronovius,
973 2686 1046 2705 nuc·
1091 2686 1154 2705 non
1178 2676 1281 2706 multo
1304 2680 1376 2714 post
1402 2680 1536 2707 mortem
1561 2677 1619 2707 sibi
1643 2678 1762 2708 consci-

377 2722 519 2757 toresque
542 2722 571 2748 et
597 2718 658 2754 his,
682 2727 798 2755 nempe
822 2717 995 2753 Thebanis,
1018 2722 1048 2748 et
1092 2718 1146 2748 vit.
1189 2718 1295 2748 Testis
1309 2722 1354 2748 est
1372 2719 1528 2758 Polybius
1545 2719 1674 2750 ibidem.
1699 2721 1761 2751 CR.

376 2761 549 2800 separatim
574 2760 710 2798 sin-(lulis
734 2759 888 2789 Boeotiae
912 2759 1046 2789 eivitati-
1138 2770 1149 2789 1
1175 2760 1398 2800 Heyesilocho]
1434 2761 1522 2792 Olim
1544 2763 1694 2801 Heyesilo
1717 2762 1761 2792 10-

376 2803 444 2833 bus.
492 2802 532 2832 Id
548 2805 579 2832 et
595 2803 737 2840 postulat
757 2812 877 2839 sensus,
893 2806 925 2832 et
941 2802 1046 2832 firmat
1090 2803 1234 2842 gebatur,
1260 2803 1314 2833 sed
1340 2804 1546 2843 Heyesilocho
1578 2814 1618 2834 ex
1645 2804 1760 2844 Polyb.

377 2844 506 2884 Polybii
522 2844 706 2882 auctoritas,
720 2844 817 2874 xxvii.
836 2854 863 2874 2.
1090 2845 1188 2876 xxvii.
1206 2855 1234 2877 2.
1255 2845 1364 2877 xxviii.
1381 2855 1427 2884 14.
1446 2845 1584 2877 Ursinus
1605 2850 1692 2877 recte
1714 2857 1761 2878 re-

420 2898 440 2929 9
461 2889 616 2918 Auo-tores
631 2888 739 2926 reyiae
753 2888 909 2917 societatis
925 2888 1046 2918 decreto
1091 2888 1204 2919 stituit..

377 2942 435 2969 suo
458 2930 672 2967 damnarunt]
707 2929 863 2960 Ismenias
890 2940 963 2960 cum
988 2929 1045 2960 Ni-
