1888 3194
503 201 783 244 LIBROR.
831 201 1130 245 DEPERD.
1436 211 1519 250 269

690 455 959 498 CXXXIII.

120 572 183 615 M.
207 571 552 622 ANTONIUS,
586 571 640 613 ad
673 572 848 614 Aetium
880 571 1008 614 classe
1041 572 1188 623 vietus,
1215 572 1521 616 Alexandriam

118 630 326 688 profugit3
360 631 635 686 obsessusque
657 645 681 671 a
702 630 894 679 Caesare,
916 630 962 670 in
987 629 1135 671 ultima
1162 644 1303 672 rerum
1325 630 1521 688 despera-

119 688 247 739 tione,
269 688 495 745 praecipue
521 687 680 729 occisae
705 686 954 743 Cleopatrae
974 686 1077 728 falso
1104 702 1273 729 rumore
1302 688 1520 745 impulsus,

47 748 51 752 ’
119 760 163 787 se
178 746 266 803 ipse
281 745 505 787 interfecit.
555 746 723 794 Caesar,
739 744 1004 786 Alexandria
1025 744 1069 785 in
1086 745 1522 802 potestatemredacta,

120 802 358 860 Cleopatra,
376 818 431 844 ne
453 803 498 844 in
519 803 736 844 arbitrium
751 802 922 844 victoris
936 802 1113 852 veniret,
1130 802 1368 845 voluntaria
1387 813 1521 846 morte

120 859 334 911 defuncta,
353 861 399 902 in
419 861 568 902 urbem
589 875 790 910 reversus,
814 868 896 902 tres
918 860 1152 916 triumphos
1173 860 1259 916 egit
1276 877 1285 902 :
1316 876 1451 903 unum
1471 876 1526 903 ex

118 917 302 976 Illyrico,
325 918 504 960 alterum
529 933 584 959 ex
606 917 784 959 Actiaca
803 917 988 967 victoria,
1011 918 1182 959 tertium
1204 918 1257 959 de
1281 918 1521 975 Cleopatra,

119 975 316 1033 imposito
341 977 426 1017 fine
454 975 646 1017 civilibus
674 975 794 1017 bellis
821 974 953 1017 altero
980 983 1024 1016 et
1043 975 1244 1017 vicesimo
1269 990 1393 1017 anno.
1456 976 1521 1018 M.

120 1033 324 1091 Lepidus,
357 1033 525 1089 Lepidi,
559 1033 632 1089 qni
667 1033 859 1074 triumvir
891 1032 1039 1082 fuerat,
1074 1032 1197 1082 filius,
1232 1033 1523 1075 coniuratione

119 1100 265 1133 contra
281 1092 503 1134 Caesarem
525 1090 647 1139 facta,
664 1089 822 1131 bellum
844 1089 1035 1139 moliens,
1053 1105 1274 1146 oppressus
1296 1099 1339 1132 et
1359 1091 1522 1133 occisus

119 1157 193 1190 est.

684 1320 950 1362 CXXXIV.

122 1436 386 1487 CAESAR,
429 1436 553 1478 rebus
593 1436 847 1493 compositis,
890 1445 933 1477 et
975 1436 1172 1478 omnibus
1213 1437 1439 1493 provinciis
1479 1437 1524 1477 in

120 1503 277 1538 certam
308 1494 486 1536 formam
514 1494 707 1544 redactis,
740 1494 961 1550 Augustus
993 1509 1163 1550 quoque
1201 1494 1523 1550 cognominatus

120 1561 210 1595 est:
245 1561 289 1593 et
323 1552 478 1593 mensis
517 1551 688 1593 Sextilis
728 1552 772 1592 in
808 1551 1012 1593 honorem
1049 1551 1141 1592 eius
1177 1551 1411 1608 appellatus
1447 1561 1522 1593 est.

125 1609 272 1658 Quum
313 1608 383 1650 ille
419 1618 677 1650 conventum
714 1608 916 1650 Narbone
953 1617 1107 1665 ageret,
1144 1624 1295 1651 census
1330 1624 1355 1650 a
1390 1609 1522 1650 tribus

124 1666 287 1716 Galliis,
310 1681 414 1722 quas
437 1667 591 1708 Caesar
611 1675 730 1722 pater
749 1667 918 1715 vicerat,
942 1675 1070 1708 actus.
1134 1665 1303 1708 Bellum
1324 1666 1523 1707 adversus

122 1723 358 1774 Bastarnas,
381 1733 424 1765 et
447 1723 630 1774 Moesos,
654 1732 697 1765 et
725 1723 825 1765 alias
853 1732 1014 1780 gentes,
1037 1738 1061 1764 a
1083 1724 1145 1766 M.
1165 1725 1316 1766 Crasso
1343 1732 1523 1780 gestum,

121 1782 308 1824 refertur.

701 1953 939 1994 CXXXV.

123 2068 384 2113 BELLUM
406 2084 431 2110 a
453 2069 515 2111 M.
533 2068 684 2111 Crasso
705 2068 904 2110 adversus
926 2069 1125 2119 Thracas,
1143 2079 1185 2111 et
1207 2085 1231 2111 a
1253 2070 1430 2111 Caesare
1453 2070 1526 2111 ad—

121 2143 265 2171 versus
291 2127 506 2183 Hispanos
534 2136 698 2183 gestum
728 2126 929 2168 refertur:
964 2136 1006 2169 et
1039 2126 1201 2177 Salassi,
1224 2142 1328 2183 gens
1352 2127 1524 2183 Alpina,

121 2185 357 2243 perdomiti.

692 2357 956 2399 CXXXVI.

127 2474 365 2518 RAETIA
403 2489 427 2515 a
469 2473 534 2514 Ti.
576 2473 748 2515 Nerone
792 2483 835 2515 et
877 2474 1031 2524 Druso,
1075 2475 1265 2517 Caesaris
1311 2475 1527 2532 privignis,

123 2533 294 2575 domita.
359 2531 564 2587 Agrippa,
601 2532 789 2573 Caesaris
821 2547 964 2588 gener,
1000 2542 1215 2581 mortuus;
1254 2542 1294 2574 et
1329 2548 1354 2574 a
1388 2533 1528 2574 Druso

124 2606 274 2633 census
294 2599 411 2631 actus
432 2598 506 2630 est.

682 2754 971 2796 CXXXVII.

133 2870 470 2913 CIVITATES
494 2871 763 2921 Germaniae,
792 2872 851 2912 cis
878 2871 1078 2913 Rhenum
1111 2881 1152 2912 et
1187 2880 1297 2912 trans
1328 2871 1525 2912 Rhenum

131 2928 304 2985 positae,
323 2938 622 2984 oppugnantur
643 2945 666 2969 a
689 2929 853 2978 l)rus‹›;
884 2939 925 2970 et
949 2929 1168 2978 tumultus,
1185 2929 1257 2984 qui
1282 2930 1334 2969 ob
1357 2943 1526 2969 censum
