1888 3194
348 140 400 177 24
487 169 492 173 .
859 137 1006 179 ΤΙΤΙ
1042 137 1220 179 LIVII

147 235 189 266 U.
210 236 247 267 c.
266 235 335 276 576.
350 237 485 268 tarnas
505 242 589 269 non
617 227 742 269 modo
769 243 852 269 non
879 227 1080 270 excedere
1108 229 1261 270 finibus
1280 228 1375 278 suis,
1398 228 1512 285 quod
1532 243 1720 285 sperave-

143 279 182 309 A
207 280 244 310 C.
269 279 337 319 Ι76·
349 293 454 335 rant,
482 285 555 326 sed
581 285 787 341 graviores
812 286 939 327 fieri
928 302 973 326 m
1000 286 1089 328 dies
1116 295 1346 336 cernerent,
1374 286 1561 328 subnisos
1586 286 1720 328 Thra-

349 358 444 384 cum
465 342 694 384 accolarum
715 352 757 384 et
780 343 1088 385 Scordiscorum
1109 343 1284 394 auxiliis,
1301 343 1541 385 audendum
1562 343 1721 400 aliquid

348 400 414 442 vel
442 408 595 442 temere
623 401 714 451 rati,
740 416 883 442 omnes
908 401 1093 457 undique
1121 401 1267 442 armati
1291 401 1344 442 ad
1371 401 1584 466 oppidum,
1605 400 1720 457 quod

347 458 584 514 ploximum
619 459 759 500 castris
789 458 1082 500 Bastarnarum
1112 467 1211 509 erat,
1243 459 1509 500 conveniunt.
1570 458 1720 500 Hiems

348 524 448 565 erat,
469 524 511 557 et
530 515 574 556 id
599 516 697 556 anni
726 524 887 572 tempus
908 516 1129 572 elegerant,
1151 526 1198 557 ut
1218 516 1402 557 Thraces
1432 515 1720 572 Scordiscique

348 574 392 613 in
419 573 522 614 fines
549 588 644 614 suos
669 574 842 615 abirent.
907 573 1034 621 Quod
1064 574 1136 614 ubi
1160 573 1218 614 ita
1240 573 1408 624 factum,
1436 583 1479 615 et
1504 573 1611 615 solos
1636 573 1720 614 iam

349 645 435 671 esse
467 630 686 671 Bastarnas
715 631 950 681 audierunt,
978 630 1166 672 bifariam
1196 631 1391 672 dividunt
1419 630 1580 688 copias:
1643 645 1718 680 arS,

347 696 393 728 ut
413 696 525 729 recto
545 688 694 729 itinere
715 688 768 730 ad
794 688 1080 729 lacessendum
1101 703 1154 729 ex
1174 696 1315 744 aperto
1335 688 1438 738 iret3
1469 703 1575 744 pars,
1596 646 1719 730 diivio

347 745 453 786 saltu
469 745 764 810 circumducta,
781 746 832 787 ab
854 753 970 801 tergo
986 745 1290 801 aggrederetur.
1355 744 1569 795 Ceterum,
1585 745 1719 802 prius—

347 817 472 858 quam
511 802 727 844 circumire
768 811 900 844 castra
938 803 1120 843 hostium
1154 810 1334 858 possent,
1369 812 1601 858 pugnatum
1632 811 1716 852 est;

345 859 526 915 victique
558 859 746 900 Dardani
771 859 1113 924 compelluntur
1103 875 1147 900 m
1177 860 1335 909 urbem,
1364 874 1470 916 quae
1499 859 1585 901 fere
1615 859 1720 901 duo-

139 926 304 957 Dardano-
346 916 481 958 decim
502 917 631 958 millia
650 917 701 957 ab
722 917 863 958 castris
885 916 1176 958 Bastarnarum
1197 918 1348 958 aberat.
1409 915 1600 959 Victores
1620 931 1735 958 con-.

140 971 299 1041 ulnam-bs
344 974 481 1015 festim
515 974 815 1016 circumsidunt
849 975 1008 1026 urbem,
1039 975 1153 1016 haud
1189 974 1315 1016 dubie
1355 982 1520 1031 postero
1549 974 1617 1016 die
1647 983 1719 1017 aut

139 1022 273 1044 massa.
344 1039 460 1073 metu
489 1032 691 1073 dedituris
721 1047 763 1073 se
794 1032 993 1082 hostibus,
1024 1041 1097 1074 aut
1122 1032 1163 1074 vi
1193 1032 1483 1088 expugnaturi.
1543 1031 1718 1074 Interim

344 1088 637 1130 Dardanorum
664 1090 792 1131 altera
818 1105 976 1140 manus,
1005 1105 1111 1146 quae
1139 1090 1422 1131 circumducta
1447 1096 1548 1141 erat,
1575 1089 1719 1146 ignara

342 1147 469 1188 cladis
509 1162 690 1212 suoru-m,
723 1155 856 1189 castra
888 1147 1181 1188 Bastarnarum
1214 1147 1302 1188 sine
1334 1147 1539 1204 praesidio
1573 1147 1718 1190 relicta

346 1204 480 1260 [nullo
501 1205 669 1261 negotio
689 1206 811 1261 cepit.
873 1204 1111 1255 Bastarnae,
1133 1205 1247 1246 omni
1267 1213 1310 1246 et
1329 1213 1561 1246 commeatu
1583 1214 1626 1247 et
1645 1220 1718 1262 ap-

341 1270 487 1318 palatu
513 1262 675 1313 bellico,
698 1263 771 1319 qui
791 1263 835 1303 in
856 1263 997 1304 castris
1020 1263 1165 1312 fuerat,
1187 1263 1317 1312 exuti,
1339 1278 1470 1319 quum
1490 1262 1579 1305 eius
1598 1278 1717 1319 repa-

341 1320 460 1361 randi
489 1319 660 1361 facultas
687 1336 740 1362 ex
770 1320 910 1361 hostili
934 1320 1116 1376 regione,
1142 1329 1183 1361 et
1209 1319 1359 1362 infesto
1386 1329 1572 1377 tempore
1603 1321 1714 1372 anni,

340 1377 455 1418 nulla
484 1386 603 1427 esset,
634 1379 786 1434 patrias
816 1378 934 1419 sedes
964 1387 1150 1443 repetere
1180 1387 1423 1419 statuerunt.
1485 1377 1632 1434 Itaque
1662 1378 1746 1425 ad3

341 1434 532 1476 Histrum
553 1436 739 1491 regressi,
761 1450 847 1476 non
868 1436 955 1477 sine
976 1435 1137 1491 ingenti
1158 1435 1314 1477 laetitia
1333 1436 1491 1477 flumen
1515 1435 1597 1477 alta
1616 1451 1715 1478 con-

339 1501 497 1534 cretum
517 1492 648 1548 glacie
670 1493 947 1543 offenderunt,
965 1508 1071 1549 quae
1088 1493 1249 1534 nullum
1271 1508 1375 1534 onus
1394 1508 1582 1535 recusare
1597 1493 1715 1536 vide-

338 1558 463 1591 retur.
525 1549 684 1592 Verum
701 1551 968 1592 incumbente
984 1550 1269 1592 festinantium
1284 1565 1412 1607 seque
1433 1566 1558 1592 cursu
1573 1551 1715 1617 agglo-

338 1608 587 1649 merantium
620 1608 838 1650 hominum
869 1623 916 1649 ac
947 1608 1228 1650 iumentorum
1260 1616 1348 1650 toto
1377 1607 1500 1649 simul
1533 1609 1712 1665 agmine,

336 1665 488 1720 glacies
509 1666 615 1707 sub
605 1681 807 1707 immenso
828 1665 1012 1721 pondere
1033 1665 1225 1707 fatiscens
1252 1666 1388 1707 subito
1409 1665 1598 1716 dissiluit,
1620 1666 1746 1711 uni-4

337 1737 582 1779 versumque
604 1738 765 1779 agmen,
788 1723 902 1779 quod
922 1723 996 1764 diu
1016 1723 1278 1773 sustinuerat,
1300 1723 1447 1764 mediis
1466 1724 1712 1789 gurgitibus,

338 1780 445 1821 victa
465 1756 653 1821 tandeni³
655 1789 697 1822 et
718 1780 985 1830 comminuta,
1007 1779 1205 1822 destituit.
1266 1755 1443 1822 Plurimi
1463 1781 1601 1822 statim
1619 1797 1713 1823 vor-

337 1837 485 1879 ticibus
510 1838 646 1879 hausti
670 1847 778 1879 sunt.
841 1837 1001 1878 Multos
1028 1846 1194 1878 enatare
1221 1846 1418 1878 conantes
1441 1848 1601 1880 crustae
1629 1839 1713 1880 dis-

337 1894 493 1936 solutae
513 1895 715 1951 fragmina
741 1894 1038 1950 superinducta
1063 1903 1305 1935 merserunt.
1366 1894 1496 1937 Pauci
1523 1910 1576 1936 ex
1596 1896 1711 1937 omni

336 1952 491 2007 populo
525 1967 600 2008 per
631 1962 850 2008 utramque
886 1951 1017 2007 ripam
1049 1951 1119 1991 vix
1151 1951 1324 1997 concisis
1359 1951 1581 1994 visceribus
1615 1968 1710 1995 eva-

337 2017 489 2050 serunt.

396 2065 499 2122 [Per
525 2082 574 2107 ea
601 2074 786 2122 tempora
814 2065 1062 2115 Antiochus,
1086 2064 1234 2121 Magni
1261 2065 1465 2107 Antiochi
1490 2066 1613 2117 filius,
1635 2069 1708 2124 qui

336 2123 409 2164 diu
451 2124 609 2165 Romae
650 2124 767 2164 obses
793 2123 946 2173 fuerat,
983 2131 1146 2164 mortuo
1161 2102 1357 2165 DSeleuco
1391 2123 1527 2174 fratre,
1563 2123 1707 2182 Syriae

336 2196 511 2236 regnum
538 2181 765 2237 occupavit.
827 2180 1023 2236 Namque
1055 2180 1264 2230 Seleucus,
1286 2195 1412 2237 quem
1439 2180 1707 2238 Philopatora

339 2238 489 2279 Graeci
509 2253 719 2288 vocavere,
741 2253 872 2294 quum
898 2238 1080 2294 paternis
1101 2238 1287 2279 cladibus
1309 2238 1456 2280 fractas
1479 2238 1705 2282 admodum

337 2295 479 2352 Syriae
510 2311 608 2351 opes
638 2296 874 2351 accepisset,
906 2304 999 2351 post
1033 2295 1209 2336 otiosum
1241 2295 1448 2352 nullisque
1478 2296 1704 2339 admodum

332 2354 455 2394 rebus
482 2353 607 2409 gestis
627 2353 891 2394 nobilitatum
918 2367 1121 2394 annorum
1141 2353 1362 2394 duodecim
1382 2368 1569 2410 regnum,
1591 2354 1704 2398 hunc

334 2410 535 2451 minorem
563 2419 664 2452 natu
689 2410 868 2460 fratrem,
894 2411 1018 2451 misso
1050 2410 1228 2451 Romam
1257 2411 1302 2451 in
1331 2411 1420 2452 eius
1450 2411 1587 2453 locum
1616 2412 1702 2454 filio

332 2482 406 2508 suo
437 2468 666 2518 Demetrio,
698 2468 916 2517 revocavit,
945 2483 998 2508 ex
1027 2467 1203 2509 foederis
1233 2467 1405 2524 legibus,
1437 2484 1520 2524 quo
1550 2471 1731 2523 mutari5

331 2524 559 2566 identidem
579 2525 742 2566 obsides
758 2526 983 2581 oportebat.
1049 2524 1130 2565 Vix
1150 2525 1219 2566 ille
1237 2525 1427 2567 Athenas
1442 2537 1698 2582 pervenerat,

329 2597 458 2638 quum
482 2582 678 2624 Seleucus
699 2583 858 2623 insidiis
887 2582 1119 2632 Heliodori,
1141 2583 1263 2624 unius
1284 2598 1336 2624 ex
1357 2584 1603 2640 purpuratis,
1626 2600 1699 2642 op-

369 2731 385 2762 3
409 2723 522 2763 Itaque
538 2724 580 2753 ad
598 2723 658 2752 Ili
657 2727 745 2752 'mem
767 2723 917 2761 ‘rem-essi]
951 2721 989 2750 01’.
1036 2725 1071 2750 111
1075 2721 1278 2759 umuntium,
1311 2726 1342 2752 et
1375 2723 1488 2753 mediis
1522 2725 1698 2764 gurgitibus

328 2766 416 2798 Oros.
434 2766 474 2796 iv
492 2775 540 2796 2¹0.
1034 2763 1064 2793 h
1066 2768 1231 2801 iustorum,
1263 2745 1349 2804 ipud
1379 2766 1461 2796 Aes<
1464 2766 1529 2806 hyl
1557 2768 1584 2798 Ρ
1587 2778 1644 2800 ers.
1669 2780 1698 2800 v.

369 2821 387 2848 4
409 2809 572 2839 Fatis-cens
585 2808 703 2845 subz'lo]
730 2806 839 2838 Cuivis
854 2806 884 2836 in
903 2817 987 2837 men-
1033 2814 1103 2845 473.
1120 2817 1199 2836 1111111
1203 2810 1234 2836 m
1237 2817 1256 2838 1,.

325 2855 390 2882 tem
408 2850 526 2881 venerit
546 2851 653 2880 clides
675 2850 718 2880 illa
721 2861 731 2879 ι
748 2851 774 2880 l'
777 2860 914 2879 e1·;·snu111
932 2860 988 2889 per
1073 2857 1090 2888 5
1114 2851 1147 2879 Ε
1146 2862 1168 2879 a
1189 2850 1331 2887 jbea'eris
1361 2852 1498 2891 leyibus]
1533 2852 1570 2885 cf.
1599 2853 1692 2894 Supr.

328 2894 457 2924 fluvium
475 2894 652 2932 Strvmonel
656 2903 675 2922 11
691 2892 791 2929 11111010
804 2896 986 2922 0011011111111
1031 2891 1162 2922 xxxviii.
1178 2892 1226 2929 38.
