1888 3194
182 282 319 320 U.C.5

179 324 220 355 A.
243 325 281 356 C.
308 334 319 355 1

253 1030 315 1069 19.

386 185 465 223 118
895 182 1043 225 ΤΙΤΙ
1084 182 1262 224 LIVII

324 283 374 321 83.
386 288 519 330 posse,
543 288 621 315 nec
642 274 692 315 ab
714 273 908 315 Romano
928 273 1038 315 bello
1059 282 1222 315 tantum
1246 273 1334 329 regi
1354 272 1579 314 laxamenti
1599 272 1698 322 fore,
1720 280 1768 314 ut

325 324 376 366 69·
388 339 526 388 posset
555 331 716 373 morari.
781 330 995 382 Ceterum,
1023 341 1244 389 postquam
1272 331 1414 373 vineas
1444 330 1523 386 agi,
1551 338 1768 386 turresque

389 389 562 431 excitari
582 389 790 439 viderunt,
811 389 921 431 victa
943 390 1171 446 pertinacia
1191 398 1264 431 est.
1327 388 1452 438 Nam,
1476 397 1768 444 praeterquam

389 447 504 503 quod
527 446 721 488 adversus
748 447 831 488 vim
862 463 981 503 pares
1011 463 1097 489 non
1127 456 1256 497 erant,
1285 462 1339 488 ne
1370 445 1568 486 frumenti
1597 444 1768 500 quidem

390 513 462 546 aut
482 504 606 546 ullius
626 505 794 546 alterius
815 506 875 546 rei
895 505 1015 561 copia
1043 506 1153 547 intus
1174 515 1273 554 erat,
1295 513 1343 545 ut
1362 504 1407 545 in
1426 503 1676 559 necopinata
1695 502 1770 543 ob·-

390 562 562 604 sidione.
624 562 772 619 Itaque
798 578 929 618 quum
953 563 1041 619 spei
1065 563 1171 604 nihil
1195 563 1249 604 ad
1275 561 1552 604 resistendum
1572 569 1691 610 esset,
1716 558 1767 600 C.

394 620 600 662 Carvilius
637 620 875 677 Spoletinus
905 629 948 661 et
980 620 1030 661 C.
1054 620 1253 662 Afranius
1283 635 1307 661 a
1339 619 1546 676 praesidio
1577 618 1770 660 Romano

390 679 516 728 missi,
539 678 612 734 qui
633 694 657 719 a
683 678 836 719 Perseo
864 687 1067 734 peterent,
1088 678 1236 734 primo,
1258 686 1305 718 ut
1325 685 1504 719 armatos
1529 690 1686 732 suaque
1707 689 1773 716 se-

392 751 489 777 cum
508 736 687 776 ferentes
714 736 825 776 abire
854 736 1034 785 sineret3
1067 735 1179 785 dein,
1200 735 1234 776 si
1254 734 1299 775 id
1325 735 1463 775 minus
1485 735 1770 790 impetrarent,

391 794 499 834 vitae
533 801 695 834 tantum
727 792 1011 848 libertatisque
1044 792 1171 834 fidem
1207 792 1453 847 acciperent.
1500 791 1772 832 'Promissum

391 851 437 892 id
466 850 688 906 benignius
715 859 777 891 est
807 851 858 891 ab
885 865 996 906 rege,
1025 865 1151 906 quam
1181 849 1436 906 praestitum.
1499 848 1628 890 Exire
1658 847 1772 889 enim

392 924 466 950 sua
495 923 636 949 secum
666 907 934 949 efferentibus
961 908 1079 949 iussis
1109 907 1290 963 primum
1320 922 1434 948 arma
1462 906 1628 949 ademit.
1691 904 1773 947 His

394 966 495 1007 urbe
531 965 716 1021 egressis,
748 974 790 1006 et
824 964 1061 1022 Illyriorum
1094 965 1254 1015 cohors,
1286 964 1527 1022 (quingenti
1561 961 1700 1020 erant)
1730 971 1774 1004 et

395 1023 659 1065 Uscanenses
689 1038 732 1064 se
763 1023 993 1079 urbemque
1021 1022 1286 1064 dediderunt.
1348 1022 1537 1072 Perseus,
1565 1019 1773 1078 praesidio

395 1081 588 1123 Uscanae
617 1081 823 1137 imposito,
850 1081 1164 1122 multitudinem
1190 1096 1357 1122 omnem
1387 1080 1639 1129 deditorum,
1664 1093 1772 1135 quae

392 1155 522 1196 prope
543 1154 718 1180 numero
740 1139 969 1180 exercitum
987 1139 1203 1195 aequabat,
1229 1137 1448 1179 Stuberam
1464 1136 1644 1179 abducit.
1706 1135 1774 1176 Ibi

393 1197 609 1247 Romanis,
635 1196 852 1252 (quattuor
879 1196 1007 1237 millia
1034 1205 1173 1237 autem
1200 1195 1419 1237 hominum
1446 1193 1584 1250 erant)
1610 1201 1805 1250 praeterz

423 1255 614 1311 rincipes,
651 1254 695 1295 in
735 1254 966 1295 custodiam
1005 1254 1234 1295 civitatium
1275 1253 1427 1301 divisis,
1462 1251 1775 1294 Uscanensibus

392 1271 631 1370 ffilyriisque
672 1311 864 1361 venditis,
901 1312 945 1352 in
985 1311 1224 1353 Penestiam
1260 1311 1492 1352 exercitum
1522 1308 1686 1351 reducit
1720 1308 1775 1350 ad

396 1370 616 1412 anneum
637 1369 839 1426 oppidum
860 1370 904 1410 in
924 1378 1172 1426 potestatem
1192 1368 1479 1425 redigendum.
1542 1367 1599 1408 Et
1619 1365 1776 1422 alioqui

394 1436 628 1485 opportune
650 1428 788 1477 situm,
811 1436 853 1468 et
880 1427 1075 1468 transitus
1096 1442 1145 1468 ea
1165 1435 1226 1468 est
1250 1427 1294 1467 in
1322 1426 1538 1475 Labeates,
1560 1425 1633 1466 ubi
1657 1423 1775 1465 Gen-

392 1487 477 1527 tius
506 1486 715 1542 regnabat.
776 1485 1067 1526 Praetereunti
1096 1485 1291 1540 frequens
1322 1483 1548 1533 castellum,
1580 1481 1775 1523 Drauda-

394 1559 491 1585 cum
518 1544 701 1593 nomine,
723 1542 950 1599 peritorum
978 1542 1149 1599 quidam
1176 1542 1357 1597 regionis
1385 1542 1486 1591 eius,
1510 1539 1640 1580 ‘nihil
1664 1538 1775 1581 an-

395 1606 501 1642 ‘neo
522 1610 644 1657 capto
664 1616 768 1657 opus
788 1601 902 1650 esse,’
923 1600 992 1650 ait,
1017 1606 1028 1623 ⁶
1043 1600 1122 1640 nisi
1143 1600 1186 1640 in
1207 1607 1411 1655 potestate
1433 1606 1475 1639 et
1502 1596 1776 1639 Draudacum

396 1659 494 1700 ‘sitz
529 1658 803 1714 opportunius
824 1658 948 1699 etiam
970 1658 1023 1699 ad
1050 1657 1190 1698 omnia
1213 1657 1394 1712 positum
1416 1656 1528 1697 esse.’
1587 1654 1775 1696 Admoto

395 1717 595 1765 exercitu,
618 1731 761 1757 omnes
782 1715 994 1771 extemplo
1015 1714 1267 1756 dediderunt
1291 1729 1391 1755 sese.
1456 1713 1553 1762 Qua
1573 1727 1645 1769 spe
1666 1711 1775 1753 cele-

394 1775 501 1816 riore
538 1773 750 1815 deditione
788 1783 960 1822 erectus,
993 1781 1214 1829 postquam
1253 1771 1557 1821 animadvertit,
1593 1778 1776 1827 quantus

395 1832 572 1888 agminis
600 1832 663 1872 sui
685 1841 814 1872 terror
834 1840 953 1881 esset,
976 1830 1173 1871 undecim
1200 1829 1281 1871 alia
1304 1829 1470 1871 castella
1489 1828 1639 1870 eodem
1659 1836 1776 1868 metu

394 1891 438 1930 in
469 1898 715 1946 potestatem
747 1889 909 1944 redigit.
973 1887 1044 1928 Ad
1074 1902 1282 1943 perpauca
1310 1887 1350 1927 vi
1382 1902 1485 1942 opus
1514 1886 1605 1935 fuit,
1637 1893 1776 1926 cetera

395 1947 608 1988 voluntate
625 1947 788 1987 dedita:
823 1955 865 1986 et
886 1946 928 1985 in
950 1945 1014 1986 his
1034 1945 1191 2000 recepti
1211 1944 1323 1985 mille
1341 1953 1383 1984 et
1400 1942 1619 1999 quingenti
1635 1941 1775 1997 dispo-

393 2005 463 2045 siti
490 2019 565 2059 per
590 2003 795 2059 praesidia
821 2002 972 2043 milites
1004 2001 1197 2043 Romani.
1260 2000 1419 2057 BIagno
1444 2001 1537 2042 usui
1568 1999 1776 2041 Carvilius

398 2061 636 2117 Spoletinus
664 2060 815 2101 eratin
842 2059 1071 2115 colloquiis,
1094 2059 1286 2108 dicendo,
1308 2058 1414 2099 nihil
1440 2058 1484 2098 in
1511 2058 1621 2114 ipsos
1645 2056 1776 2099 saevi-

396 2129 497 2159 tum.
560 2118 632 2158 Ad
656 2118 874 2160 anneum
896 2126 1141 2172 perventum
1162 2125 1237 2166 cst,
1260 2115 1374 2171 quod
1401 2116 1489 2157 sine
1514 2116 1623 2156 iusta
1643 2129 1776 2171 oppu-

395 2177 592 2232 gnatione
629 2176 721 2231 capi
755 2190 841 2216 non
870 2183 1043 2230 poterat.
1105 2173 1162 2215 Et
1197 2174 1349 2215 maiore
1385 2173 1612 2229 aliquanto,
1649 2186 1776 2228 quam

397 2242 546 2283 cetera,
575 2233 803 2282 iuventute,
831 2241 872 2272 et
899 2231 1082 2272 validum
1110 2231 1312 2287 oppidum
1341 2231 1559 2272 moenibus
1586 2239 1698 2272 erat:
1732 2224 1776 2271 et

396 2291 494 2332 hinc
520 2291 651 2331 amnis
677 2291 850 2331 Artatus
877 2289 1060 2339 nomine,
1087 2289 1184 2330 hinc
1213 2304 1332 2330 mons
1355 2288 1562 2345 praealtus
1589 2297 1632 2329 et
1659 2286 1777 2328 aditu

397 2348 574 2389 difficilis
606 2348 809 2404 cingebat.
873 2346 990 2387 Haec
1021 2362 1136 2403 spem
1169 2347 1220 2387 ad
1250 2346 1526 2388 resistendum
1556 2344 1776 2402 oppidanis

397 2406 561 2447 dabant.
624 2405 813 2454 Perseus,
845 2404 1152 2445 circumvallato
1182 2404 1350 2460 oppido,
1382 2419 1575 2461 aggerem
1605 2418 1630 2444 a
1657 2410 1775 2459 parte

398 2463 606 2519 superiore
629 2462 779 2503 ducere
802 2462 992 2511 instituit,
1010 2462 1127 2503 cuius
1148 2462 1367 2503 altitudine
1389 2477 1528 2503 muros
1548 2467 1772 2517 superaret.

402 2520 530 2569 Quod
550 2535 652 2576 opus
680 2520 778 2560 dum
808 2519 1032 2575 perficitur,
1055 2520 1208 2560 crebris
1228 2520 1395 2560 interim
1422 2518 1601 2575 proeliis,
1623 2518 1776 2574 quibus

399 2594 471 2633 per
492 2578 754 2619 excursiones
772 2588 812 2617 ct
833 2577 997 2618 moenia
1017 2592 1089 2617 sua
1106 2577 1304 2632 oppidani
1322 2577 1576 2626 tutabantur,
1593 2585 1636 2616 et
1651 2589 1777 2631 opera

398 2636 578 2676 hostium
600 2635 894 2690 impediebant,
913 2650 1062 2690 magna
1078 2650 1221 2675 corum
1237 2634 1462 2674 multitudo
1479 2634 1599 2674 variis
1614 2633 1776 2674 casibus

398 2694 615 2748 absumpta
635 2702 717 2733 est:
752 2701 805 2741 ct,
829 2692 900 2747 qui
930 2702 1184 2747 supererant,
1206 2691 1344 2732 labore
1373 2691 1523 2731 diurno
1551 2699 1778 2731 nocturno-

399 2765 479 2806 que
511 2760 551 2790 et
580 2749 818 2790 vulneribus
849 2749 1016 2790 inutiles
1047 2759 1172 2789 erant.
1237 2748 1323 2788 Ubi
1350 2748 1530 2803 primum
1559 2761 1683 2802 agger
1713 2746 1776 2787 in-

443 2869 458 2888 r2
482 2860 634 2889 Romanis
652 2882 658 2888 .
677 2882 682 2887 .
701 2881 707 2888 .
726 2882 731 2888 .
749 2862 875 2896 practer
890 2857 1063 2896 prim-ipss,
1109 2861 1159 2886 tui·
1175 2866 1213 2886 ex
1230 2856 1267 2886 iis
1283 2866 1363 2894 quae
1380 2855 1528 2885 (licuntur
1547 2854 1629 2885 infra
1644 2855 1683 2886 de
1699 2855 1775 2886 Car-

399 2905 430 2932 in
448 2903 619 2932 custodiam
634 2902 810 2931 civitatium
826 2901 951 2936 divisis]
975 2899 1062 2929 Prin·
1110 2898 1193 2928 vilio.
1240 2898 1370 2928 Ceteros
1390 2898 1613 2929 custodiendos
1629 2907 1686 2937 per
1701 2897 1775 2928 civi-

400 2945 484 2983 cipes
501 2954 617 2983 nempe
633 2953 739 2974 secum
757 2941 879 2979 habuit,
896 2946 929 2972 ut
946 2941 1063 2981 colligi-
1110 2945 1190 2972 tates
1206 2941 1319 2971 divisit.
1344 2942 1448 2972 Cum:
