1888 3194
638 204 929 244 INDEX.

134 285 181 321 ta,
200 280 355 322 donisque
376 284 410 312 et
429 278 560 312 auxiliis
580 279 682 310 mittit
708 288 759 317 22,

136 333 187 365 37.
215 323 393 356 Victoriam
415 332 546 353 auream
569 322 678 362 pondo
697 324 759 352 tre·

134 365 265 398 centum
294 365 404 406 viginti
428 365 512 396 dono
542 365 608 402 dat,
634 364 710 395 ibid.
739 374 760 395 a

134 410 234 441 classe
249 408 374 440 Punica
388 411 530 439 vastatur
543 407 611 438 eius
625 416 759 446 regnum

134 451 185 492 56.
208 450 361 482 Hieronis
374 460 459 481 mors
473 459 525 488 24,
534 461 564 488 4.
587 449 656 480 eius
663 453 758 480 testa-

133 498 280 526 mentum
295 493 423 533 publice
438 492 618 530 recitatum,
633 492 709 523 ibid.

91 536 272 574 Hierocles,
282 535 518 577 Agrigentinus,
527 535 624 566 tradit
634 535 758 575 Zacyn-

132 579 226 610 thum
254 579 393 610 insulam
417 577 556 610 Achaeis
581 576 633 617 36,
660 587 696 618 31
725 583 758 610 et

156 631 184 653 2.

91 631 322 706 Hieronymus,
342 675 443 705 nepos
465 663 619 695 Hieronis
637 668 669 695 et
689 673 758 695 suc-

132 717 237 739 cessor
252 717 303 746 24,
318 720 348 747 4.
371 708 440 738 eius
455 707 531 738 vitia
548 715 576 746 5.
600 706 758 746 conspira-

131 750 178 782 tio
196 750 231 782 in
250 751 357 789 illum,
373 750 449 782 ibid.
475 750 517 781 ad
539 749 758 780 Hannibalem

131 792 266 825 inclinat
280 792 310 825 6.
334 793 429 834 legati
450 793 546 824 Rom.
563 793 648 823 male
663 793 704 823 ab
720 801 758 823 eo

132 836 272 877 excepti,
280 836 356 867 ibid.
380 836 449 867 eius
462 836 575 867 foedus
587 845 659 866 cum
677 835 757 866 Poe-

130 879 192 917 nis,
206 879 283 911 ibid.
305 889 326 910 a
340 879 512 910 coniuratis
527 878 683 909 occiditur
700 886 726 917 7.

91 921 270 961 Hilermus,
284 932 340 953 rex
357 922 556 962 quomndam
578 920 757 961 Hispaniae

131 965 338 1005 populorum,
352 965 443 995 vivus
457 964 583 1004 capitur
597 972 649 1003 35,
667 971 693 1002 7.

90 1007 239 1045 Himeia,
253 1007 368 1045 amnis,
383 1007 526 1039 Siciliam
545 1007 692 1037 dividens
707 1015 757 1044 24,

132 1048 163 1082 6.
179 1050 219 1081 cf.
235 1054 267 1082 et
284 1059 334 1090 25,
351 1060 399 1088 40.

90 1091 248 1130 Himilco,
260 1093 308 1123 vir
321 1092 469 1124 factionis
481 1091 651 1129 Barcinae,
661 1091 757 1122 victo—

130 1135 179 1166 ria
200 1135 396 1166 Hannibalis
417 1135 458 1165 ad
479 1135 609 1166 Cannas
624 1134 757 1166 Cartha-

129 1177 237 1218 ginem
259 1177 420 1215 nuntiata,
438 1177 635 1208 Hannonem
657 1177 757 1207 incre-

131 1224 188 1261 pat
205 1229 256 1260 23,
275 1230 322 1252 12.

89 1262 236 1295 Himilco
251 1273 325 1294 cum
341 1262 484 1294 exercitu
498 1262 531 1293 in
548 1262 691 1294 Siciliam
708 1272 758 1293 ve-

130 1306 181 1338 nit
197 1315 248 1345 24,
264 1314 314 1346 35.
339 1306 407 1337 eius
428 1316 478 1336 res
498 1310 618 1346 gestae,
633 1305 709 1336 ibid.
726 1309 758 1335 et

131 1347 182 1389 36.
211 1349 421 1390 Agrigentum
437 1359 471 1380 se
490 1348 603 1388 recipit
621 1357 670 1390 39.
701 1347 758 1388 Sy-

130 1392 292 1424 racusanis
300 1391 465 1433 suppetias
473 1391 534 1423 fert
545 1400 595 1431 25,
603 1390 651 1423 26.
667 1395 758 1431 peste

131 1434 227 1476 perit,
239 1435 318 1466 ibid.

90 1477 237 1509 Himilco
261 1477 392 1509 Punicis
417 1477 625 1509 auxiliaribus
646 1476 758 1508 Castu-

133 1520 207 1552 lone
222 1525 347 1561 praeest
365 1520 415 1557 28,
433 1530 481 1552 20.

91 1563 240 1601 Hiostus,
250 1563 334 1594 filius
347 1563 592 1612 Hampsicorae,
608 1561 760 1602 principis

132 1606 317 1643 Sardorum,
332 1606 364 1637 in
380 1606 449 1637 acie
464 1606 550 1636 cadit
568 1615 617 1645 23,
632 1614 682 1643 4ο.

91 1649 315 1689 Hippagogus,
329 1659 429 1689 genus
444 1648 533 1679 navis
548 1659 600 1686 44,
617 1648 666 1679 28.

91 1691 247 1732 Hippias,
268 1692 377 1723 Persei
399 1692 521 1722 amicus
536 1701 588 1729 42,
605 1700 654 1732 39.
671 1691 711 1721 cf.
727 1694 759 1721 et

133 1744 185 1773 4²
202 1739 356 1776 51et59·
379 1743 478 1773 44⁹2
494 1739 694 1773 4223et45-

91 1777 244 1818 Hippias,
257 1777 485 1809 Thessalorum
502 1782 628 1817 praetor
643 1785 695 1815 42,
707 1783 756 1816 54.

92 1820 208 1861 Hippo
222 1821 326 1861 regius
343 1830 393 1862 29,
410 1830 441 1861 3,
431 1832 475 1859 ,4
491 1824 523 1851 et
539 1829 589 1858 32.

92 1863 219 1904 Hippo,
232 1864 308 1894 urbs
324 1863 503 1903 Hispaniae
520 1872 571 1905 39,
587 1871 637 1901 30.

92 1905 319 1946 Hippocrates.
335 1906 375 1937 cf.
388 1906 559 1947 Epicydes.
594 1905 683 1936 Dum
699 1904 759 1936 fra-

132 1953 181 1980 ter
203 1953 328 1990 praeest
344 1948 518 1990 Syracusis,
541 1949 620 1996 ipse,
644 1948 760 1979 Poenis

132 1992 334 2029 coniunctus,
358 1992 480 2023 bellum
505 1991 587 2032 gerit
611 1992 760 2022 adsersus

132 2035 329 2066 Marcellum
362 2044 413 2073 24,
444 2043 493 2075 35.
545 2034 680 2065 vincitur
710 2032 759 2073 36.

132 2077 351 2119 Murgantiam
371 2088 404 2108 se
424 2076 536 2118 recipit
551 2086 600 2119 39.
626 2077 760 2118 Syracu-

132 2120 217 2152 sanis
242 2120 407 2161 suppetias
431 2120 491 2151 sert
516 2128 566 2159 25,
590 2118 638 2151 26.
671 2124 760 2160 peste

133 2163 227 2204 perit,
241 2163 319 2195 ibid.

92 2205 322 2247 Hippolochus
337 2204 388 2245 36,
402 2216 432 2248 9.

92 2248 236 2289 Hirpini,
263 2249 376 2290 populi
401 2258 452 2287 22,
478 2258 524 2289 13.
561 2258 581 2279 a
604 2248 760 2280 Romanis

133 2291 288 2323 deficiunt
312 2292 355 2323 ad
380 2292 506 2323 Poenos
527 2290 578 2323 61.
600 2296 633 2323 et
657 2300 759 2330 23,1.

133 2344 176 2366 ex
198 2333 347 2375 Hirpinis
367 2334 430 2366 tria
449 2334 570 2375 oppida
592 2339 721 2374 recepta
741 2344 760 2365 a

135 2376 293 2409 Romanis
307 2386 359 2416 23,
371 2386 421 2417 37.
446 2377 577 2417 Hirpini
591 2379 712 2409 dedunt
727 2386 760 2408 se

134 2419 294 2452 Romanis
309 2428 360 2460 27,
378 2427 425 2459 15.

92 2462 251 2504 Hispalae
261 2462 432 2502 Feceniae,
441 2462 539 2494 nobili
551 2467 666 2501 scorto,
673 2472 761 2503 prae-

133 2505 236 2538 mium
261 2516 282 2537 a
305 2509 419 2537 senatu
442 2506 566 2543 datum,
586 2506 671 2546 quod
694 2505 762 2536 eius

133 2559 233 2590 opera
258 2548 478 2581 Bacchanalia
506 2549 634 2580 detecta
655 2556 708 2589 39,
729 2558 761 2589 9,

138 2595 224 2631 14et
242 2601 254 2623 1

94 2601 362 2683 Hispania9iuter
385 2634 512 2666 Poenos
537 2638 569 2666 et
596 2634 762 2666 Romanos

135 2676 238 2709 divina
258 2688 355 2709 amne
379 2678 473 2709 Ibero
496 2687 546 2715 21,
564 2687 591 2709 2.
626 2677 763 2715 citerior,

135 2719 267 2751 ulterior
296 2729 348 2769 32,
377 2721 426 2753 28.
471 2720 609 2757 citerior,
629 2719 670 2751 111
699 2730 763 2760 qun

135 2761 344 2803 Sempronius
373 2763 557 2795 Tuditanus
594 2765 761 2804 proconsul

136 2772 236 2836 fususp
238 2809 271 2836 et
284 2805 411 2846 fugatus
427 2815 479 2846 33,
491 2815 542 2845 25.
564 2806 706 2842 ulterior
717 2806 761 2838 in-

136 2857 199 2887 que
211 2857 250 2878 ea
263 2847 373 2897 ingens
388 2849 509 2880 bellum
525 2858 576 2898 33,
588 2849 763 2889 21.prima

138 2889 295 2921 Romanis
319 2890 397 2922 inita
419 2891 665 2940 provinciarum,
680 2903 763 2932 quae

137 2933 268 2973 quidem
292 2933 484 2965 continentis
506 2933 581 2971 sint.
605 2939 763 2974 postrema

845 281 1025 320 perdomita
1052 286 1111 322 est,
1137 282 1236 315 ductu
1263 285 1469 336 auspicioque

845 323 983 364 Augusti
997 325 1141 357 Caesaris
1157 327 1273 364 28,12.
1301 329 1420 367 primus
1433 329 1467 360 in

844 375 917 396 eam
933 366 1100 399 Romanus
1114 368 1288 409 imperator
1300 374 1469 411 transgres-

844 418 897 438 sus
912 408 972 440 Οτ1.
985 409 1092 450 Scipio
1110 419 1160 448 21,
1176 419 1226 450 32.
1251 419 1301 450 25,
1317 420 1367 451 37.
1392 413 1468 444 His-

844 450 941 490 pania
962 452 1081 483 multas
1102 453 1200 484 habet
1221 456 1333 491 turres,
1355 455 1470 494 quibus

843 502 900 533 pro
915 495 1053 534 speculis
1064 499 1097 526 et
1112 477 1360 536 propugnaculis
1373 502 1468 528 utun-

842 539 895 567 tur
911 537 1062 568 adrersus
1080 538 1219 569 latrones
1235 548 1285 577 22,
1304 548 1351 581 19.
1381 540 1468 570 bello

842 580 1019 619 reparando
1041 580 1207 620 aptissima
1229 581 1353 618 28,12.
1380 581 1469 613 arido

843 626 876 652 et
909 621 1031 654 inculto
1061 624 1128 654 solo
1157 633 1306 664 magnam
1340 624 1468 655 urbium

843 665 1085 697 multitudinem
1102 667 1188 697 alere
1208 676 1272 697 non
1296 670 1401 707 potest
1416 677 1468 706 41,

844 715 874 746 3.
912 712 1046 748 pacatur
1070 709 1111 740 ab
1134 709 1183 740 M.
1201 709 1316 740 Porcio
1343 710 1470 742 Catone

845 758 895 788 34,
921 760 969 782 21.
1007 750 1187 792 Hispaniae
1215 752 1287 783 loca
1316 753 1470 793 pleraque

844 793 960 824 crebris
981 793 1115 825 saltibus
1135 794 1259 826 inclusa
1283 795 1404 833 28,11.
1433 795 1470 826 li-

843 839 913 866 tora
943 837 1140 877 populantur
1168 837 1309 868 Romani
1341 847 1391 876 22,
1419 847 1468 870 20.

842 887 959 919 magna
983 890 1055 919 pars
1080 881 1222 917 subacta,
1245 880 1320 911 ibid.
1358 891 1470 912 omnes

843 921 908 952 fere
930 923 1043 962 populi
1065 923 1106 954 ad
1127 923 1293 954 Romanos
1314 923 1469 955 deficiunt

844 973 894 1003 23,
911 974 961 1006 49.
991 966 1024 996 in
1042 966 1201 1006 Hispania
1218 975 1268 996 res
1283 966 1409 997 Poenos
1423 967 1470 997 in-

843 1010 892 1037 ter
916 1011 948 1038 et
974 1008 1140 1039 Romanos
1163 1013 1271 1049 gestae
1298 1018 1348 1047 22,
1377 1018 1413 1050 19
1436 1012 1470 1040 et

843 1059 909 1089 S‘lq·

803 1091 943 1132 Hispani
964 1093 1176 1125 sollicitantur
1197 1104 1217 1125 a
1239 1094 1352 1134 legatis
1372 1095 1468 1128 Rom.

845 1139 955 1166 contra
982 1137 1108 1167 Poenos
1136 1146 1260 1179 21,19.
1298 1137 1471 1178 suppositis

843 1176 1031 1209 incubantes
1043 1179 1147 1217 cenis,
1158 1179 1354 1211 Rhodanum
1370 1184 1470 1211 trans-

844 1223 957 1251 natant
974 1229 1021 1260 27.
1050 1222 1092 1252 ad
1113 1223 1365 1253 concursandum
1388 1223 1471 1254 inter

844 1272 921 1293 saxa
937 1273 1095 1304 rupesque
1109 1265 1177 1305 apti
1195 1274 1231 1295 22
1236 1266 1311 1302 ,.18
1335 1265 1471 1305 inquieti

844 1305 1022 1345 avidique
1012 1316 1046 1337 ιιι
1067 1317 1116 1337 res
1131 1317 1229 1338 novas
1245 1317 1294 1338 21.
1322 1312 1470 1348 spectant

844 1348 886 1378 ad
914 1349 1128 1380 defectionem
1157 1350 1469 1389 Carthaginiensium

846 1400 894 1422 22.
932 1391 1041 1423 allecti
1071 1393 1190 1432 praeda
1215 1393 1393 1424 caeduntur
1420 1394 1471 1431 28,

847 1442 895 1473 33.
920 1434 1091 1466 vincuntur
1105 1445 1125 1466 a
1140 1436 1281 1467 Lentulo
1297 1439 1328 1467 et
1344 1436 1471 1467 Manlio

845 1477 984 1508 Acidino
1002 1487 1052 1520 29,
1070 1488 1086 1509 2
1103 1483 1135 1509 et
1151 1487 1180 1517 3.
1209 1489 1230 1509 a
1244 1478 1395 1510 Cornelio
1411 1479 1471 1511 Ce-

845 1519 941 1560 thego
959 1529 1011 1559 31,
1027 1531 1077 1562 49.
1100 1531 1120 1552 a
1142 1520 1287 1552 Minucio
1304 1530 1355 1561 33,
1376 1532 1426 1560 44.
1453 1532 1473 1552 a

845 1563 970 1594 Catone
984 1573 1034 1604 34,
1050 1572 1149 1603 14,15
1163 1567 1194 1594 et
1212 1563 1258 1595 16.
1284 1564 1363 1596 aTi.
1372 1564 1471 1596 Grac-

845 1605 906 1636 cho
922 1615 973 1644 41,
991 1616 1018 1646 3.
1043 1606 1182 1646 Hispani
1197 1617 1290 1647 aegre
1307 1607 1473 1647 patiuntur

844 1648 903 1679 sibi
926 1649 1079 1689 adempta
1105 1659 1205 1686 arma,
1227 1649 1386 1690 multique
1412 1649 1472 1681 sibi

845 1691 1045 1722 consciscunt
1063 1702 1176 1723 necem
1193 1700 1309 1732 34,17.
1335 1702 1472 1733 querun-

844 1737 897 1764 tur
919 1735 959 1766 de
984 1734 1227 1783 magistratuum
1251 1735 1347 1767 Rom.
1371 1735 1471 1767 avari-

844 1777 900 1814 tia,
919 1781 951 1808 et
970 1777 1110 1843 aliquod
1122 1777 1296 1826 impetrant
1317 1788 1338 1809 a
1358 1782 1472 1810 senatu

845 1820 991 1851 levamen
1018 1830 1069 1860 43,
1095 1830 1122 1851 2.
1162 1820 1256 1860 primi
1286 1821 1472 1852 mercenarii

844 1863 932 1902 apud
948 1863 1114 1894 Romanos
1131 1873 1182 1901 24,
1197 1873 1246 1905 49.
1271 1864 1472 1904 praestantis-

845 1905 916 1936 simi
945 1906 1064 1937 milites
1091 1906 1249 1937 exercitus
1278 1906 1473 1938 Hannibalis

847 1956 898 1987 27,
925 1958 970 1987 14.
1007 1949 1225 1989 Hispanorum
1251 1949 1336 1980 acies
1363 1959 1414 1991 29,
1441 1959 1471 1989 3.

846 1999 898 2032 39,
914 1999 964 2029 31.
993 1992 1118 2032 gladius
1139 2000 1167 2030 7,
1187 2001 1233 2023 10.
1267 1992 1392 2024 obsides
1415 1992 1471 2024 Sa-

844 2034 935 2074 gunti
959 2043 1010 2072 22,
1034 2044 1083 2066 22.
1118 2034 1273 2075 Hispanis
1295 2036 1335 2066 ab
1357 2039 1471 2066 senatu

845 2078 1039 2114 consultum,
1060 2088 1102 2109 ne
1127 2082 1254 2118 praetor
1279 2082 1405 2118 cogeret
1427 2078 1471 2109 vi-

847 2120 980 2151 cesimas
1006 2121 1142 2152 vendere
1172 2120 1336 2161 Hispanos
1359 2121 1470 2161 quanti

846 2162 915 2203 ipse
930 2163 1028 2194 vellet
1043 2173 1095 2203 43,
1112 2173 1140 2195 2.

805 2206 928 2243 Hister,
944 2206 1051 2238 Tusco
1067 2207 1162 2238 verbo
1183 2212 1314 2238 vocatur
1336 2205 1424 2238 ludio
1442 2216 1471 2246 7,

848 2259 875 2280 2.

805 2290 928 2329 Hister,
944 2292 1059 2323 fluvius
1074 2303 1126 2331 40,
1143 2302 1178 2323 21
1197 2296 1229 2324 et
1246 2300 1295 2333 57.

805 2334 982 2373 Histiaeus,
997 2336 1063 2366 dux
1082 2335 1190 2367 Persei
1205 2347 1258 2375 44,
1273 2345 1324 2375 32.

805 2377 998 2416 Histriones,
1009 2379 1095 2410 unde
1110 2378 1187 2410 dicti
1201 2387 1231 2418 7,
1245 2388 1272 2410 2.
1295 2378 1333 2409 iis
1347 2379 1388 2410 ad
1404 2389 1469 2410 ma-

847 2431 925 2452 num
940 2421 1060 2452 cantari
1077 2426 1240 2462 coeptum,
1254 2421 1330 2453 ibid.

807 2464 907 2501 Holo,
922 2464 1077 2505 oppidum
1095 2464 1274 2505 Hispaniae
1291 2473 1341 2504 35,
1357 2473 1406 2495 22.

806 2506 1010 2546 Homolium,
1030 2507 1186 2548 oppidum
1208 2507 1394 2539 Thessaliae
1416 2512 1473 2539 aut

847 2531 1060 2581 Macedoniae
1076 2559 1128 2589 42,
1144 2551 1194 2590 38.

806 2592 972 2632 Honosca,
985 2594 1060 2625 urbs
1076 2602 1127 2631 22,
1143 2603 1193 2625 20.

807 2635 979 2675 Honunus,
1001 2636 1225 2668 Dardanorum
1251 2636 1400 2677 princeps
1421 2648 1473 2676 44,

849 2687 899 2716 30.

808 2720 946 2752 Horatia
960 2731 980 2752 a
995 2722 1090 2754 fmtre
1105 2722 1209 2754 occisa
1228 2731 1255 2760 1,
1273 2721 1321 2753 26.

809 2764 946 2795 Horatia
964 2765 1037 2796 Pila
1055 2774 1083 2803 1,
1100 2764 1148 2797 26.

808 2807 1015 2839 Horatiorum
1037 2813 1069 2839 et
1087 2807 1315 2844 Curiatiorum,
1336 2807 1471 2845 trigemi-

848 2860 960 2881 norum
983 2851 1129 2887 fratrum,
1152 2856 1312 2881 certamen
1335 2859 1360 2886 1,
1384 2859 1420 2887 ²⁴
1439 2856 1471 2880 ct

850 2902 899 2933 25.
923 2903 1032 2924 eorum
1048 2894 1194 2934 scpulcra
1211 2901 1260 2931 25.

809 2935 974 2973 Horatius,
984 2946 1075 2967 caeso
1091 2935 1193 2972 hoste,
1207 2936 1286 2974 petit
1300 2934 1470 2965 secundam

1196 2976 1246 3017 ‘a
