1888 3194
929 200 1221 240 INDEX.

385 277 578 310 Heraclides
603 277 694 309 classi
720 275 904 318 praeficitur
929 287 949 307 a
976 276 1052 308 Phi-

427 321 519 370 lippo
539 332 612 361 rege
630 319 738 361 31,16
758 324 790 351 et
811 329 861 360 33.
884 319 1054 351 coniicitur

426 364 460 395 in
479 363 606 395 vincula
622 370 705 403 32,5
689 388 717 402 ι.

386 407 578 439 Heraclides
592 405 777 446 Byzantius,
790 404 942 436 Antiochi
957 405 998 435 ad
1014 404 1052 435 L.

428 449 611 490 Scipionem
647 449 810 479 consulem
844 449 968 487 legatus
1003 454 1053 494 37,

429 501 479 531 34.
503 492 646 522 eiusdem
668 492 768 522 oratio
789 499 839 530 35.
862 493 966 521 tentat
987 489 1052 519 ani-

427 545 518 565 mum
543 535 580 565 P.
598 534 755 574 Scipionis
778 533 920 564 Africani
944 531 993 570 36.
1025 530 1053 561 ei

429 577 553 617 egregie
568 577 739 616 respondet
754 576 934 612 Africanus,
948 574 1023 604 ibid.

388 620 585 657 Heraclitus,
616 619 667 649 cui
703 618 831 649 Scotino
867 626 1054 656 cognomen,

429 663 552 702 legatus
580 662 661 701 regis
688 659 835 700 Philippi
859 660 900 690 ad
928 658 1054 688 Hanni-

429 705 537 735 balem
556 713 606 742 23,
623 713 672 743 39.

389 747 530 783 Heraea,
547 744 760 784 Peloponnesi
780 745 855 774 urbs
877 743 927 781 28,
945 750 961 782 7
978 746 1009 772 et
1026 743 1054 773 8.

430 789 574 819 redditur
589 787 727 818 Achaeis
745 796 795 826 32,
811 794 839 825 5.
865 795 915 825 33,
933 795 981 824 34.

389 832 592 863 Heraeorum
607 830 756 860 ludorum
777 828 897 859 curatio
919 829 961 858 ad.
982 826 1056 858 Phi-

431 874 557 913 lippum
574 873 713 903 defertur
730 879 780 911 27,
796 880 846 910 30.

390 917 557 947 Heraeum
574 924 625 955 33,
645 922 691 954 17.

391 959 582 996 Herbessus,
609 959 684 988 urbs
714 957 841 988 Siciliae
872 966 922 994 24,
953 965 1002 995 30.
1039 965 1059 985 a

432 1001 590 1032 Marcello
606 1000 759 1039 recipitur
774 1008 824 1039 35.

392 1043 561 1081 Hercatcs,
577 1043 689 1083 populi
705 1053 756 1081 41,
774 1053 789 1072 2
795 1052 823 1081 3.

391 1086 646 1123 Herculaneum,
669 1086 825 1125 oppidum
852 1084 885 1114 in
915 1083 1057 1121 Samnio,

434 1132 565 1168 captum
586 1139 606 1159 a
625 1129 680 1167 Sp.
698 1127 838 1159 Carvilio
861 1127 990 1157 consule
1010 1136 1057 1164 10,

394 1214 554 1245 Hercules
572 1213 658 1244 venit
678 1213 711 1243 in
731 1212 860 1244 Latium
886 1222 913 1249 1,
936 1219 962 1250 7.
992 1211 1059 1242 eius

435 1267 508 1287 cum
536 1256 698 1293 Evandro,
723 1259 793 1295 post
818 1256 941 1286 Cacum
965 1254 1059 1284 inter-

434 1300 568 1336 fectum,
591 1308 782 1337 congressus,
803 1298 879 1328 ibid.
911 1297 1060 1336 Geryone

435 1342 614 1378 interfecto,
626 1341 704 1370 mira
719 1340 824 1380 specie
839 1341 935 1370 boves
950 1339 1060 1378 abigit,

436 1384 512 1415 ibid.
542 1383 684 1414 Tiberim
706 1383 812 1413 nando
834 1382 963 1419 traiicit,
984 1381 1060 1412 ibid.

436 1427 469 1456 in
496 1426 564 1456 eius
584 1426 735 1456 honorem
754 1425 983 1455 lectisternium
1006 1424 1060 1453 ha-

436 1469 538 1499 bitum
558 1477 587 1507 5,
607 1477 652 1507 13.
679 1467 831 1498 Herculis
846 1467 981 1497 ministri
1000 1467 1060 1496 Po-

437 1511 499 1542 titii
520 1521 545 1549 1,
559 1519 584 1550 7.
609 1521 639 1552 9,
652 1520 700 1551 29.
724 1520 778 1540 ara
788 1511 827 1539 ab
846 1510 996 1540 Evandro
1008 1509 1061 1539 de-

439 1555 544 1585 dicata
577 1563 603 1591 1,
633 1562 658 1591 7.
696 1563 750 1582 ara
780 1552 927 1583 Maxima
956 1562 987 1592 9,
1013 1561 1062 1592 29.

438 1598 534 1627 aedes
548 1596 685 1626 rotunda
704 1605 752 1632 10,
769 1603 817 1633 23.
840 1595 878 1625 cf.
896 1598 927 1625 et
945 1604 995 1632 21,
1011 1593 1061 1624 62.

439 1649 492 1678 32,
522 1649 548 1669 1.
579 1639 630 1677 38,
657 1645 706 1677 35.
738 1638 906 1667 columnae
934 1646 983 1674 21,
1013 1645 1063 1675 43.

439 1683 460 1713 f
462 1692 550 1712 11111111
563 1691 614 1719 40,
626 1688 674 1719 51.
699 1680 903 1710 simulacrum
913 1689 1065 1719 magnum

439 1725 472 1755 in
489 1726 523 1756 C
519 1724 652 1764 ipitolio
671 1722 811 1762 positum
834 1727 866 1753 et
882 1722 1065 1753 dedicatum

440 1778 472 1808 9,
494 1779 545 1806 44.
576 1766 735 1805 templum
759 1764 808 1803 26,
831 1775 876 1796 10.
899 1765 938 1795 cf.
960 1768 991 1795 et
1016 1773 1066 1811 3¹1,

443 1820 491 1848 24.
524 1809 659 1839 mortale
686 1818 800 1847 corpus
829 1811 1005 1838 crematum
1031 1807 1064 1836 in

441 1853 524 1890 1000,
545 1862 640 1891 quem
664 1852 781 1891 Pyram
804 1854 919 1881 xocant
941 1849 992 1889 36,
1015 1858 1064 1888 30.

442 1895 580 1926 Herculi
590 1905 678 1925 sacra
686 1904 706 1924 a
717 1894 858 1923 Romulo
868 1893 931 1923 ritu
942 1893 1066 1923 Graeco

440 1939 522 1968 fiunt
551 1948 578 1975 1,
607 1945 634 1977 7.
666 1936 811 1967 Gadibus
835 1939 909 1966 vota
933 1935 1067 1965 exsolvit

441 1980 609 2011 Hannibal
632 1989 681 2017 21,
704 1989 752 2010 21.
780 1978 968 2009 sacrificium
989 1977 1066 2008 facit

440 2023 473 2053 in
486 2027 595 2053 monte
612 2023 696 2053 Oeta
711 2022 770 2052 Μ’.
782 2021 906 2052 Αο111115
922 2020 1067 2058 Glabrio,

441 2066 551 2096 consul
569 2064 619 2104 36,
642 2075 694 2104 30.

400 2108 558 2148 Hercynii
575 2108 673 2138 saltus
690 2115 720 2146 5,
737 2117 786 2147 34.

401 2151 566 2190 Hercyna,
583 2151 655 2181 Dea
671 2158 722 2189 45,
741 2157 790 2189 ‘²7-

402 2193 580 2230 Herdonia,
610 2194 684 2223 urbs
716 2201 766 2231 25,
794 2201 843 2222 21.
881 2199 932 2230 27,
965 2199 990 2221 1.
1027 2191 1067 2220 ab

445 2236 631 2266 Hannibale
647 2236 783 2271 deletur,
799 2238 830 2264 et
842 2232 994 2273 oppidani
1010 2232 1067 2262 mi-

443 2288 532 2317 grare
549 2277 709 2313 iubentur,
724 2277 799 2306 ibid.

402 2321 466 2360 Ap.
481 2319 664 2350 Herdonius
677 2319 812 2349 Sabinus
822 2327 895 2347 cum
908 2316 1069 2347 exsulibus

445 2366 477 2393 et
500 2361 596 2391 servis
617 2360 814 2399 Capitolium
838 2364 869 2389 et
891 2369 996 2390 arcem
1019 2369 1069 2389 oc-

446 2407 543 2444 cupat
560 2412 590 2442 3,
610 2411 655 2442 15.
679 2402 867 2432 interficitur
886 2402 931 2432 18.

404 2447 504 2479 Turn.
526 2444 710 2476 Herdonius
731 2445 763 2474 in
787 2443 997 2483 Tarquinium
1024 2443 1069 2473 in-

447 2489 573 2520 vehitur
602 2498 629 2526 1,
657 2496 705 2526 50.
736 2487 926 2526 opprimitur
949 2497 968 2517 a
992 2486 1070 2517 Tar-

448 2531 556 2572 quinio
573 2539 621 2569 51.

406 2574 591 2607 Herennius
622 2573 740 2603 Bassus
768 2573 808 2602 ab
838 2572 1000 2602 Hannone
1030 2582 1070 2602 ex

449 2617 538 2649 Nola
561 2616 601 2646 ad
632 2615 827 2653 colloquium
858 2618 989 2645 vocatur
1020 2623 1069 2653 23,

449 2669 499 2699 43.
525 2657 679 2688 Hannoni
695 2658 864 2696 respondet
881 2668 930 2695 44.

408 2701 593 2734 Herennius
603 2699 774 2737 Cerrinius,
785 2699 921 2730 Bacchis
932 2699 1074 2730 initiatus

493 2767 502 2781 5
522 2753 568 2782 13·

410 2755 595 2819 He3r9ennius
611 2784 756 2822 Pontius.
770 2784 969 2824 imperatoris
984 2784 1073 2815 Sam-

452 2830 566 2861 nitium
586 2831 687 2867 pater,
703 2827 749 2858 vir
764 2827 1027 2867 prudentissimus
1043 2837 1073 2874 9,

455 2883 481 2904 1.
505 2872 571 2903 eius
581 2869 736 2901 discordia
746 2880 895 2909 responsa
904 2870 944 2900 de
954 2869 1070 2899 exerci-

453 2915 537 2946 tibus
549 2914 782 2951 Romanorum,
796 2913 836 2944 ad
852 2912 1012 2945 Caudium
1025 2911 1070 2943 in-

1138 274 1234 305 clusis
1249 283 1278 314 3.

1096 318 1134 350 C.
1151 316 1347 355 Herennius,
1368 315 1515 347 triumvir
1540 315 1684 348 coloniae
1709 317 1763 348 de-

1140 361 1306 391 ducendae
1324 369 1374 398 21,
1391 367 1440 399 25.

1097 403 1217 434 Herius
1238 402 1363 433 Pettius
1378 403 1419 433 ab
1441 403 1604 433 Hannone
1620 412 1660 433 ex
1676 401 1765 434 Nola

1139 446 1181 476 ad
1197 445 1392 484 colloquium
1409 449 1540 475 vocatur
1557 453 1607 484 23,
1622 454 1674 485 43.

1098 488 1297 518 Hermaeum
1316 496 1366 527 35,
1383 495 1434 526 50.

1098 530 1330 567 Hermandica,
1352 531 1438 568 urbs,
1459 531 1500 560 ab
1524 529 1712 560 Hannibale
1733 528 1764 559 vi

1142 576 1237 611 capta
1254 582 1304 609 21,
1321 579 1348 610 5.

1098 614 1162 645 Lar
1179 614 1379 651 Herminius,
1394 624 1455 645 cos.
1473 623 1503 653 3,
1518 613 1568 654 65.

1099 657 1139 688 T.
1153 655 1351 693 Herminius,
1361 666 1474 696 genere
1483 657 1638 696 factisque
1649 657 1767 695 clarus,

1142 709 1216 729 cum
1237 698 1374 728 Horatio
1396 699 1521 729 Coclite
1542 702 1674 738 pontem
1694 700 1766 730 sub-

1142 741 1253 771 licium
1283 750 1455 780 parumper
1483 741 1626 771 defendit
1656 751 1685 779 2,
1718 751 1766 773 10.

1143 787 1270 814 strenue
1293 783 1425 813 adiuvat
1445 783 1609 813 victoriam
1628 783 1768 814 consulis

1142 827 1182 856 de
1200 825 1343 856 Etruscis
1362 835 1407 857 11.
1430 826 1588 856 occiditur
1606 825 1640 856 in
1660 835 1769 866 pugna

1142 869 1183 899 ad
1201 869 1366 908 Regillum
1383 869 1490 899 lacurn
1508 878 1556 900 2ο.

1104 911 1331 942 Hermionicus
1346 921 1419 951 ager
1435 920 1486 950 31,
1502 921 1552 950 44.

1103 954 1238 985 Hernici
1253 958 1367 994 parant
1388 954 1511 984 bellum
1533 963 1563 992 2,
1579 963 1628 984 22.
1652 952 1770 984 devicti

1144 1007 1195 1035 40.
1228 1007 1301 1027 cum
1327 996 1365 1027 iis
1388 996 1487 1026 ictum
1513 997 1627 1027 foedus
1650 1005 1701 1034 41.
1730 995 1770 1026 iis

1143 1040 1206 1079 agri
1239 1041 1322 1070 duae
1346 1045 1452 1079 partes
1481 1040 1662 1079 ademptae,
1691 1038 1769 1070 ibid.

1143 1092 1253 1112 eorum
1269 1092 1358 1122 agros
1368 1082 1606 1121 depopulantur
1621 1080 1725 1120 Aequi
1737 1085 1770 1112 et

1145 1125 1255 1155 Volsci
1288 1135 1317 1165 3,
1347 1124 1376 1156 6.
1415 1124 1566 1155 Hernicis
1594 1123 1697 1154 tristia
1722 1134 1769 1154 re-

1143 1178 1259 1207 sponsa
1287 1178 1306 1198 a
1335 1170 1448 1198 senatu
1477 1167 1564 1205 data,
1587 1166 1662 1197 ibid.
1693 1166 1770 1197 defi-

1145 1210 1233 1240 ciunt
1253 1221 1273 1240 a
1294 1210 1450 1241 Romanis
1470 1208 1501 1247 6,
1518 1219 1547 1246 2,
1566 1217 1594 1249 7,
1609 1209 1628 1239 8
1649 1211 1682 1239 et
1701 1218 1769 1248 sqq.

1145 1252 1182 1283 iis
1210 1253 1333 1284 bellum
1355 1252 1494 1283 inferunt
1519 1250 1659 1283 Romani
1689 1258 1717 1291 7,
1739 1250 1770 1283 6.

1146 1296 1284 1326 caedunt
1306 1296 1481 1333 Romanos,
1495 1294 1571 1325 ibid.
1594 1294 1705 1333 ingens
1719 1303 1770 1324 eo-

1145 1348 1216 1368 rum
1240 1338 1397 1368 exercitus
1421 1346 1447 1377 7.
1473 1338 1624 1376 fugantur
1642 1337 1670 1367 8.
1695 1335 1771 1367 victi

1146 1391 1165 1410 a
1181 1381 1218 1411 C.
1233 1380 1363 1411 Plautio
1379 1380 1508 1410 consule
1524 1379 1710 1418 subactique
1723 1386 1771 1417 15.

1148 1423 1305 1454 Romanis
1334 1423 1458 1452 bellum
1488 1421 1635 1452 indicunt
1664 1431 1694 1462 9,
1719 1430 1770 1459 42.

1148 1465 1222 1495 victi
1249 1476 1281 1495 se
1305 1466 1428 1495 dedunt
1451 1473 1500 1503 43.
1529 1463 1568 1494 115
1591 1473 1666 1494 suae
1687 1463 1774 1504 leges

1148 1508 1291 1538 redditae
1307 1508 1383 1538 ibid.

1108 1550 1299 1587 Herodicus,
1316 1550 1463 1590 princeps
1478 1549 1716 1588 Thessalorum,
1727 1548 1774 1579 in-

1148 1593 1302 1623 terficitur
1317 1604 1335 1623 a
1352 1592 1506 1632 Philippo
1522 1602 1574 1630 40,
1589 1603 1618 1631 4.

1109 1636 1296 1666 Herodorus
1311 1636 1442 1673 Cianus,
1457 1639 1613 1665 mercator
1629 1641 1680 1674 35,
1697 1640 1746 1674 37.

1110 1679 1306 1716 Herodorus,
1331 1678 1479 1718 princeps
1505 1677 1680 1708 amicorum
1707 1677 1773 1708 De-

1150 1721 1266 1757 metrii,
1283 1721 1450 1751 coniicitur
1469 1720 1501 1750 in
1524 1719 1701 1750 custodiam
1722 1729 1774 1759 40,

1153 1773 1202 1803 23.
1225 1764 1359 1794 moritur
1373 1763 1405 1793 in
1421 1762 1598 1800 tormentis,
1612 1762 1689 1793 ibid.

1109 1806 1300 1846 Herophon,
1321 1807 1444 1846 legatus
1465 1805 1573 1837 Persei
1590 1805 1633 1836 ad
1655 1805 1774 1836 Eume-

1151 1860 1224 1879 nem
1242 1860 1292 1887 44,
1310 1859 1360 1886 24,
1378 1856 1415 1887 27
1432 1852 1463 1879 et
1480 1849 1529 1880 28.

1111 1891 1264 1928 Hersilia,
1280 1902 1360 1922 uxor
1374 1891 1509 1922 Romuli
1528 1901 1554 1929 1,
1573 1900 1621 1922 11.

1112 1934 1332 1971 Hetriculum,
1354 1934 1553 1965 Bruttiorum
1574 1933 1742 1973 oppidum,
1756 1943 1776 1963 a

1154 1977 1271 2008 Poenis
1286 1976 1394 2007 deficit
1409 1978 1451 2007 ad
1467 1977 1633 2007 Romanos
1648 1985 1698 2015 3ο,
1717 1984 1764 2015 19.

1112 2020 1311 2059 Hexapylon
1336 2019 1498 2059 Syracusis
1526 2029 1575 2056 24,
1599 2027 1647 2049 21.
1680 2017 1720 2049 cf.
1743 2020 1776 2048 et

1155 2072 1206 2101 32,
1231 2072 1280 2102 39.
1308 2062 1483 2101 Hexapylo
1506 2061 1646 2091 vicinum
1667 2060 1776 2090 locum

1155 2105 1280 2135 Leonta
1297 2108 1410 2135 vocant
1428 2114 1478 2142 24,
1494 2112 1543 2144 39.

1113 2147 1252 2178 Hexeris
1267 2147 1356 2177 navis
1372 2156 1422 2187 29,
1437 2156 1466 2187 9.
1491 2153 1541 2185 37,
1559 2154 1607 2183 23.

1112 2189 1342 2224 Hibernacula,
1353 2199 1402 2218 res
1416 2198 1498 2218 nova
1512 2187 1608 2217 militi
1623 2187 1720 2229 Rom.
1735 2188 1778 2219 ad

1156 2231 1254 2262 Veios
1268 2230 1428 2261 aedificari
1445 2234 1570 2269 coepta,
1585 2233 1618 2260 et
1633 2240 1729 2270 super
1740 2241 1778 2262 ea

1154 2284 1187 2304 re
1213 2273 1370 2303 orationes
1395 2273 1595 2303 tribunorum
1619 2273 1722 2312 plebis
1745 2276 1778 2304 et

1154 2317 1217 2355 Ap.
1234 2316 1363 2347 Claudii
1394 2324 1423 2354 5,
1451 2314 1541 2346 2—6.
1571 2315 1780 2347 hibernacula

1156 2359 1338 2389 Poenorum
1358 2358 1391 2388 in
1406 2362 1470 2388 tres
1490 2361 1595 2397 partes
1610 2357 1712 2389 divisa
1728 2357 1779 2396 26,

1157 2411 1205 2432 2ο.
1229 2401 1436 2431 hibernacula
1459 2401 1640 2432 Poenorum
1656 2404 1688 2431 et
1708 2401 1779 2432 Nu—

1155 2443 1314 2518 midarur6n
1338 2444 1566 2475 comburuntur
1587 2452 1608 2472 a
1630 2442 1779 2483 Scipione

1157 2496 1207 2525 30³
1224 2495 1285 2525 3—
1307 2511 1314 2518 ·

1115 2529 1232 2559 Hiems
1246 2530 1352 2568 gelida
1367 2532 1399 2559 et
1414 2529 1535 2566 nivosa,
1549 2530 1586 2558 ut
1606 2527 1677 2559 viae
1692 2529 1778 2559 clau-

1156 2582 1208 2602 sae
1224 2577 1256 2602 et
1269 2571 1392 2602 Tiberis
1405 2571 1627 2611 innavigabilis
1641 2570 1736 2602 fuerit
1748 2578 1778 2610 5,

1160 2624 1206 2653 13.

1117 2656 1220 2687 Hiera
1229 2657 1330 2688 Come
1347 2656 1396 2695 38,
1412 2665 1459 2687 12.
1482 2655 1526 2686 ibi
1541 2657 1651 2687 fanum
1666 2666 1779 2696 augus-

1159 2703 1227 2729 tum
1245 2699 1414 2738 Apollinis,
1429 2702 1461 2729 et
1476 2700 1641 2730 oraculum
1660 2707 1706 2737 13.

1117 2741 1219 2772 Hiero
1245 2741 1427 2780 pollicetur,
1451 2741 1547 2781 gratis
1571 2753 1604 2773 se
1629 2743 1780 2773 daturum

1160 2783 1315 2815 Romanis
1336 2784 1512 2823 legionibus
1527 2784 1724 2815 frumentum
1741 2795 1786 2816 ac

1160 2826 1348 2857 vestimenta
1365 2836 1414 2864 21,
1428 2833 1477 2865 5ο.
1501 2830 1572 2866 post
1584 2837 1723 2868 pugnam
1738 2827 1782 2858 ad

1157 2869 1379 2900 Trasimenum
1391 2869 1497 2900 lacum
1508 2869 1628 2910 legatos
1640 2870 1781 2901 Romam

1157 2922 1231 2944 cum
1247 2912 1345 2943 classe
1361 2922 1476 2951 magno
1492 2915 1674 2944 commeatu
1688 2921 1780 2943 onus-
