1888 3194
176 171 557 215 EDITIONIS
599 172 1366 217 DRAKENBORCHIANAE.
1419 178 1503 218 515

105 261 286 304 —Ibid.
309 263 365 304 ab
386 260 639 315 triumviris]
663 276 690 302 a
711 261 958 303 triumviris.
973 286 1031 291 ——
1045 261 1155 303 Ibid.
1178 277 1287 304 nave
1307 264 1503 318 egresso]

105 334 254 361 navem
275 318 654 375 egressa—Cap.
683 318 746 358 14.
776 318 965 359 omnibus
993 333 1085 360 eum
1098 319 1302 373 functum
1330 320 1502 374 officiis]

107 375 502 430 omnibussuncturn
525 375 693 430 officiis.
712 399 768 403 —
785 375 891 430 Cap.
918 377 980 416 15.
1003 390 1060 417 ex
1080 390 1127 416 se
1147 382 1274 416 natus
1294 376 1424 430 esset]
1448 392 1504 418 ex

106 432 475 474 senatusconsulto
511 438 633 473 esset.
656 456 713 460 —
735 431 848 472 Ibid.
882 433 938 473 ab
972 431 1286 487 superioribus]
1321 447 1348 472 a
1381 448 1505 488 supe-

105 489 308 530 rioribus.
323 513 381 518 —
394 488 507 529 Ibid.
530 495 680 529 senatu
697 490 849 529 remoti
867 488 980 542 sunt]
1004 495 1156 530 senatu
1177 489 1305 530 emoti
1325 495 1434 530 sunt.
1449 513 1507 518 ———

106 545 218 586 Ibid.
245 546 360 586 tribu
389 545 535 599 emoti]
565 545 678 586 tribu
708 546 870 586 remoti.
889 570 946 574 —-
962 546 1072 586 Ibid.
1096 546 1198 586 anni
1227 552 1269 586 et
1294 561 1375 587 sex
1397 561 1507 587 men-

105 601 234 656 sium]
264 603 367 643 anni
396 608 438 643 et
469 602 678 643 bimensis.
695 625 752 630 —
769 602 879 643 Ibid.
904 604 1053 644 aedem
1075 603 1281 644 BIonetae
1307 603 1349 643 in
1370 609 1508 644 monte

106 658 297 713 Albano]
319 673 466 700 aeaern
487 659 529 699 in
551 665 687 700 monte
706 659 889 701 Albano.
904 684 958 688 ——
975 659 1082 714 Cap.
1103 661 1166 700 16.
1187 661 1321 700 donec
1342 661 1395 700 de
1415 674 1507 700 sen-

107 716 242 757 tentia
265 717 507 771 legatorum
529 731 598 757 res
624 722 666 757 et
695 717 804 758 bello
834 717 1046 766 turbatas,
1071 723 1112 758 et
1133 717 1177 758 in
1199 722 1355 757 statum
1377 717 1506 757 aliurn

107 787 164 814 ex
198 787 334 828 regno
353 773 618 828 formandas
654 773 1004 829 composuissent]
1042 775 1175 814 donec
1207 775 1260 814 de
1295 774 1508 814 sententia

108 829 350 885 legatorum
371 836 413 871 et
433 845 503 871 res
527 830 636 871 bello
659 831 869 878 turbatim,
885 837 927 872 et
943 837 1101 871 statum
1123 831 1252 871 alium
1272 831 1363 871 eius
1383 831 1508 885 regni

93 886 332 941 formando
379 887 723 941 composuissent.
742 911 800 916 ——-
818 888 928 928 Ibid.
971 903 1062 928 cum
1109 888 1220 928 binis
1266 888 1508 942 legionibus

109 943 279 997 quinum
298 944 472 984 millium
490 945 700 999 peditum,
719 950 758 985 et
775 945 960 1009 equitum
979 943 1390 999 quadringenorum]
1416 959 1508 985 cum

108 1000 222 1040 binis
252 1001 493 1055 legionibus
514 1002 724 1055 pediturn,
751 1009 791 1041 et
822 1002 1008 1055 equiturn
1038 1002 1433 1056 quadringentenis.
1451 1025 1509 1030 —

108 1055 221 1098 Ibid.
255 1033 339 1097 M’.
362 1056 566 1110 Iuventii]
601 1057 667 1097 M.
693 1057 891 1098 Iuventii.
909 1082 966 1086 ——
981 1058 1094 1099 Ibid.
1117 1060 1237 1099 deum
1261 1057 1506 1111 Penatium]

108 1113 305 1154 Deorum
337 1113 576 1154 Penatium.
593 1113 778 1154 ——lbid.
815 1128 870 1155 ex
888 1113 1020 1168 foco]
1053 1129 1076 1155 e
1093 1116 1217 1168 foco.
1233 1115 1410 1169 —Cap.
1446 1117 1506 1154 17.

116 1169 443 1223 Tusciuicanus]
482 1170 828 1211 Tusciveicanus.
851 1171 1030 1225 —Cap.
1061 1159 1123 1211 18.
1155 1172 1226 1211 ubi
1250 1172 1510 1226 publicanus

109 1226 239 1281 esset]
263 1227 334 1267 ubi
348 1227 611 1282 publicanus
631 1234 705 1268 est.
724 1251 782 1255 —
799 1226 910 1267 Ibid.
935 1228 991 1268 ab
1019 1227 1188 1281 senatu]
1216 1243 1243 1268 a
1272 1234 1437 1268 senatu.
1452 1252 1512 1258 —

110 1283 216 1338 Cap.
245 1285 306 1324 19.
338 1290 627 1339 acceptaeque
654 1284 807 1332 cladis,
839 1299 924 1338 qua
957 1299 1132 1340 regumn
1165 1286 1208 1325 in
1237 1285 1408 1325 dubium
1434 1286 1512 1325 ad-

110 1341 278 1382 ductum
300 1340 430 1395 esset]
454 1340 758 1396 Adaertaeque
781 1341 951 1395 gladiis
977 1356 1155 1397 regnum
1177 1341 1220 1382 in
1242 1342 1414 1382 dubium
1435 1343 1513 1382 ad-

109 1399 276 1438 ductum
316 1412 423 1439 esse.
440 1421 493 1428 -—
512 1397 622 1438 Ibid.
666 1397 812 1452 veluti]
856 1398 978 1438 velut.
996 1422 1054 1427 -—
1072 1398 1184 1439 Ibid.
1225 1399 1328 1453 quia
1365 1405 1512 1440 aetate

103 1455 334 1510 proximus
365 1454 439 1508 sit]
478 1455 580 1509 quia
613 1461 760 1496 aetate
786 1455 1230 1509 proximus—Ibid.
1266 1455 1385 1501 Quid
1409 1457 1512 1497 atti-

110 1511 229 1566 nere]
258 1511 377 1557 Quid
396 1512 624 1552 adtineret.
639 1512 820 1553 ——Ibid.
844 1513 904 1552 ad
929 1527 1019 1553 eum
1050 1527 1148 1553 mox
1170 1512 1390 1566 venturae]
1413 1528 1513 1554 mox

111 1570 174 1610 ad
192 1584 284 1609 eum
309 1569 584 1609 adventurae.
602 1593 659 1597 —
677 1568 790 1610 Ibid.
820 1569 994 1610 iniuriis
1014 1569 1296 1624 probrisque]
1325 1570 1511 1610 iniuriis.

110 1625 295 1667 —Ibid.
326 1626 386 1666 ad
414 1624 620 1679 ultimum]
654 1641 709 1666 an
741 1625 941 1666 ultimum.
960 1626 1139 1680 —Cap.
1162 1628 1229 1666 20.
1259 1627 1515 1681 gratulatus

111 1683 339 1724 victoriani
379 1681 459 1736 est]
498 1682 751 1737 gratulatus
791 1683 1026 1723 victoriam.
1049 1707 1107 1711 —-
1128 1682 1238 1723 Ibid.
1280 1689 1321 1723 et
1357 1689 1515 1737 gratu-

113 1738 269 1793 lantes]
329 1740 618 1795 gratulantes.
641 1763 698 1768 -—
721 1738 832 1780 Ibid.
891 1742 1123 1780 amicorum
1198 1739 1512 1795 sociorumque]

112 1797 346 1837 amicorum
391 1797 614 1837 sociorum.
638 1820 694 1824 —
716 1795 826 1836 Ibid.
869 1795 1214 1850 condemnarent]
1266 1798 1515 1837 condemna-

112 1860 275 1894 rentur.
293 1852 473 1906 —Cap.
499 1854 568 1894 21.
599 1853 750 1893 deinde
779 1868 834 1893 ea
862 1854 1124 1894 auctoritate
1147 1854 1188 1893 P
1187 1860 1325 1894 atrum
1352 1854 1412 1894 ad
1431 1869 1515 1909 po-

106 1910 256 1965 pulum
288 1909 438 1963 latum]
475 1910 629 1950 deinde
662 1910 723 1949 ad
751 1910 957 1965 populum
990 1911 1133 1950 latum.
1157 1934 1213 1938 —
1237 1910 1345 1950 Ibid.
1383 1917 1426 1950 ut
1458 1916 1513 1959 e‚t

114 1966 207 2022 qui]
231 1972 289 2016 ut,
314 1967 399 2021 qui.
418 1990 475 1995 —
492 1966 601 2007 Ibid.
628 1966 843 2020 oratione]
868 1967 1048 2007 ratione.
1067 1991 1124 1996 -—
1143 1967 1249 2021 Cap.
1274 1969 1340 2007 22.
1366 1967 1413 1988 *⁴¹*
1435 1973 1512 2016 est,

113 2029 193 2073 est,
216 2022 612 2078 peccaverimusne]
644 2022 715 2043 μ’*
733 2024 1123 2078 peccaverimusne.
1145 2048 1203 2052 —
1225 2024 1335 2064 Ibid.
1370 2026 1515 2065 decer-

113 2079 249 2134 εον-ἑο]
268 2081 518 2122 diversorio.
537 2104 594 2109 ——
611 2080 716 2134 Cap.
736 2081 803 2121 23.
830 2080 921 2121 IIic
941 2080 1025 2121 iam
1048 2079 1146 2133 non]
1173 2080 1292 2121 Hinc
1314 2082 1397 2121 iam
1420 2096 1513 2122 non.

113 2160 170 2166 —
188 2137 300 2179 lbid.
326 2137 427 2178 Non
450 2138 596 2192 utique
609 2137 864 2192 praeteribo
890 2136 955 2191 id]
980 2137 1082 2178 Non
1101 2138 1356 2192 praeteribo
1386 2139 1442 2178 id.
1464 2162 1517 2167 —

115 2193 223 2249 Cap.
246 2195 314 2235 24.
338 2194 571 2248 offensione
592 2193 776 2248 aurium]
810 2194 1099 2249 obsensionem
1121 2195 1301 2235 aurium.
1325 2219 1380 2223 ——
1405 2195 1514 2235 Ibid.

114 2251 154 2292 si
175 2251 248 2306 qui
269 2250 411 2304 vellet]
435 2252 473 2292 si
495 2251 592 2307 quis
614 2251 750 2293 vellet.
773 2275 829 2279 —
852 2251 961 2292 Ibid.
989 2267 1072 2292 una
1102 2258 1242 2292 autern
1271 2252 1402 2292 dubia
1433 2251 1515 2305 est]

115 2322 200 2348 una
231 2308 361 2349 dubia
391 2314 536 2348 est.—-
558 2307 664 2362 Cap.
687 2310 755 2349 25.
789 2323 915 2362 quae,
946 2323 1058 2364 quae
1089 2314 1337 2363 agerentur,
1365 2308 1516 2362 sciret]

117 2379 230 2419 quae
260 2371 509 2419 agerentur,
538 2365 682 2406 sciret.
706 2388 763 2395 —-
785 2365 896 2406 Ibid.
929 2365 981 2405 In
1005 2366 1261 2421 praesentia
1286 2366 1518 2421 praesidia

117 2421 346 2476 deducere]
381 2421 435 2462 In
460 2422 715 2476 praesentia
746 2423 967 2462 deducere.
989 2446 1048 2451 -—
1069 2422 1178 2463 Ibid.
1221 2421 1516 2475 Theaetetum]

125 2478 398 2520 Theodotum.
410 2502 465 2507 -—
477 2478 588 2519 Ibid.
605 2480 741 2519 maior
753 2494 780 2519 a
795 2479 969 2533 repulsa
985 2479 1222 2533 ignominia
1237 2479 1366 2532 esset]
1385 2480 1519 2519 maior

117 2536 304 2590 repulsis
320 2535 557 2590 ignominia
571 2534 883 2576 esset.—Ibid.
899 2535 1189 2589 absciderent]
1205 2536 1517 2577 abscinderent.

119 2590 232 2632 Ibid.
249 2593 288 2633 si
306 2593 413 2648 quid
425 2606 533 2647 opus
550 2591 678 2645 esset]
696 2592 734 2632 si
751 2592 820 2632 cui
837 2607 944 2647 opus
959 2598 1083 2633 esset.
1099 2616 1155 2621 ——
1168 2592 1275 2647 Cap.
1295 2594 1362 2633 26.
1385 2593 1518 2640 Ilinc,

111 2649 341 2703 praesidio
369 2648 587 2703 imposito]
621 2649 949 2704 leic,praesidio
979 2649 1179 2703 inposito.
1204 2673 1259 2678 -
1283 2649 1392 2690 Ibid.
1418 2649 1521 2690 ciri-

120 2704 268 2760 tatem]
307 2706 509 2746 civitatis.
531 2730 587 2734 —
611 2705 723 2746 Ibid.
755 2706 947 2761 vectigal
974 2706 1194 2747 dimidium
1225 2707 1317 2747 eius
1350 2705 1520 2760 imposi-

121 2760 223 2814 tum]
255 2762 446 2817 vectigal
475 2763 693 2803 dimidium
715 2764 819 2804 eius.
843 2787 899 2791 —
922 2763 1032 2803 Ibid.
1062 2762 1386 2818 pependissent]
1416 2776 1521 2817 pin-

121 2817 293 2858 disscnt.
316 2842 372 2847 —
395 2818 503 2871 Cap.
533 2820 600 2859 27.
633 2819 706 2859 Ad
735 2819 966 2861 leniorum
999 2835 1165 2875 quoque
1196 2820 1336 2860 urbcm
1369 2818 1522 2871 diripi·

122 2872 292 2926 endam]
326 2873 399 2914 Ad
428 2874 659 2916 Aeniorum
694 2890 861 2931 quoque
893 2877 1106 2917 hostiliter
1138 2876 1279 2916 urbem
1314 2875 1521 2928 diripim-
