1888 3194
586 148 1042 199 KREYSSIGII.
1444 149 1524 187 361

129 263 309 304 demunt.
326 283 383 290 -
398 258 511 301 Ibid.
534 256 896 313 populandosque
926 267 1007 309 pro
1035 252 1456 308 depopulandosque.
1473 277 1530 282 —

131 330 241 386 Cap.
259 330 327 371 23.
350 328 394 369 in
415 341 462 368 se
483 325 547 366 uti
567 339 650 380 pro
668 325 794 366 iusto.
808 347 866 352 —
879 322 992 364 Ibid.
1016 325 1320 362 concurrerent
1337 334 1417 374 pro
1435 336 1532 361 con-

132 392 568 448 currissent.—-Cap.
598 392 669 434 28.
700 406 756 433 ex
788 391 834 433 S.
865 390 928 440 C„
955 389 999 430 id
1029 395 1097 431 est
1124 394 1301 429 senatus
1326 389 1531 437 consulto,

131 479 212 521 pro
233 464 287 506 ei.
302 461 481 516 -Cap.
505 460 573 501 40.
605 465 720 500 mota
741 473 820 513 pro
842 463 960 498 nata.
976 481 1033 485 -—
1047 455 1147 497 Lib.
1171 453 1398 496 XXXIII.
1423 454 1532 507 Cap.

136 533 200 575 17.
231 532 276 572 in
309 530 512 571 ditionem
547 542 626 582 pro
662 527 704 567 in
737 523 1205 577 deditionem—Cap.
1244 523 1308 562 18.
1345 522 1405 562 ad
1435 522 1534 576 ipsa

139 600 182 642 T
177 613 286 654 enpe
307 598 501 639 admovet
522 610 602 650 pro
624 595 685 636 acl
702 594 801 649 ipsa
826 592 1027 634 Tendeba
1049 591 1191 631 movit.
1205 614 1262 618 ——
1278 589 1392 631 Ibid.
1418 589 1538 630 acies

132 673 318 722 utraque
337 679 417 720 pro
440 664 560 705 acies
581 669 798 717 utraeque.
816 685 873 690 —
888 660 1000 701 Ibid.
1022 659 1315 713 circumagere
1344 672 1425 712 pro
1456 656 1538 697 cir-

133 731 584 786 cumiacere.—Cap.
620 732 683 771 19.
719 730 924 786 exigente
955 744 1036 783 pro
1070 728 1258 783 eligente
1287 726 1354 768 vel
1383 726 1538 781 profli-

129 807 349 858 gante.—
364 800 474 842 Ibid.
509 799 552 840 in
583 798 789 854 expedito
813 812 893 852 pro
922 796 1182 852 expeditior.
1200 793 1382 835 —Ibid.
1405 794 1539 834 nihilo

136 869 352 926 quietiora
374 883 426 910 ea
449 868 558 923 ipsis
580 867 758 908 aestivis
780 865 930 906 habuit
954 880 1034 920 pro
1056 864 1190 905 nihilo
1213 862 1449 918 quietiores
1469 876 1540 903 res

134 937 444 979 Pausistratus
474 935 636 976 habuit.
656 933 839 975 —Ibid.
872 932 1073 988 coniungi
1105 946 1196 972 eum
1219 930 1431 985 Philippo
1460 943 1539 984 pro

137 1004 341 1059 coniungi
373 1018 463 1045 cum
489 1000 909 1057 Philippo.-—Ibid.
944 1000 1176 1041 omiserant
1207 997 1428 1039 consilium
1459 1011 1540 1052 pro

137 1072 248 1114 omni
269 1077 393 1113 erant
416 1070 650 1111 consilium.
668 1092 725 1098 —-
740 1069 846 1122 Cap.
870 1069 938 1109 22.
968 1067 1014 1108 C.
1034 1066 1250 1122 Afranius
1271 1080 1350 1120 pro
1384 1065 1430 1106 C'.
1460 1065 1542 1105 Ur-

136 1139 296 1181 sanius.
314 1137 499 1180 —Ibid.
529 1137 612 1178 sibi
639 1136 831 1177 meritum
864 1135 1122 1190 triumphum
1152 1148 1232 1188 pro
1264 1133 1433 1174 sibimet
1463 1133 1542 1174 tri-

137 1206 416 1262 umphum.—
437 1205 548 1246 Ibid.
590 1205 665 1245 Cn.
688 1204 919 1259 Ligurium
953 1203 1138 1259 legionis
1171 1208 1357 1257 quartae
1389 1216 1470 1256 pro
1501 1207 1541 1242 et

143 1273 190 1315 C.
209 1273 456 1315 Labeonem
487 1273 580 1313 eius
595 1272 804 1328 fratrem.
822 1295 879 1300 —
895 1271 1001 1326 Cap.
1025 1272 1092 1312 25.
1125 1269 1187 1310 uti
1217 1283 1352 1324 rogas
1377 1283 1456 1323 pro
1482 1268 1544 1308 uti

138 1349 336 1400 rogatae.
353 1366 410 1372 —-
425 1341 536 1383 Ibid.
560 1342 742 1383 relatum
764 1355 844 1395 pro
866 1341 1010 1381 latum.
1026 1364 1082 1368 —
1100 1339 1206 1394 Cap.
1226 1340 1294 1380 26.
1315 1338 1365 1379 Ρ.
1392 1338 1543 1380 Villius

139 1426 270 1467 eques
305 1411 526 1452 Romanus
565 1424 646 1464 pro
682 1409 733 1449 L.
758 1409 898 1451 Iulius
940 1408 1401 1465 Sequestris.—lbid.
1445 1409 1544 1450 inde

146 1479 351 1521 Gernzalo
386 1493 464 1533 pro
495 1477 923 1532 Intemelio.—Cap.
954 1478 1022 1519 27.
1052 1477 1236 1533 perinde
1265 1483 1396 1533 atque
1426 1478 1545 1533 ipsos

143 1548 230 1589 sive
251 1547 394 1602 potius
416 1546 526 1601 ipsis
548 1546 604 1587 iis
624 1551 666 1586 et
686 1561 768 1587 non
793 1545 997 1592 Quinctio
1025 1552 1067 1587 et
1089 1546 1300 1587 Romanis
1328 1545 1376 1586 id
1401 1546 1546 1586 datum

143 1622 254 1658 esset
281 1631 362 1671 pro
383 1615 567 1670 perinde
596 1620 726 1669 atque
755 1615 811 1655 ab
836 1615 930 1669 ipso
962 1615 1006 1656 hi
1039 1621 1080 1656 et
1111 1630 1194 1656 non
1221 1629 1248 1655 a
1275 1614 1476 1660 Quinctio
1504 1620 1545 1655 et

144 1683 358 1725 Romanis
379 1683 473 1723 dati
495 1688 709 1724 essent.—-
725 1681 831 1736 Cap.
852 1683 919 1723 28.
937 1697 1023 1738 per
1040 1688 1171 1723 totam
1189 1681 1331 1722 urbem
1353 1695 1432 1735 pro
1454 1687 1546 1722 tota

145 1750 434 1792 urba—Ibid.
459 1750 568 1790 velut
586 1765 640 1790 ex
657 1756 757 1790 ante
774 1749 934 1790 indicto
953 1764 1032 1804 pro
1050 1750 1159 1791 velut
1177 1755 1353 1790 ewtante
1371 1749 1544 1790 indicio.

145 1844 202 1849 —
219 1819 329 1860 Ibid.
373 1819 588 1860 constanti
628 1819 768 1859 animo
810 1833 888 1872 pro
930 1819 1141 1860 consimili
1187 1818 1340 1858 animo.
1360 1841 1417 1846 ——
1435 1816 1544 1858 Ibid.

145 1888 290 1928 statim
315 1901 392 1941 pro
412 1886 508 1926 sibi.
528 1910 584 1914 —
601 1886 705 1940 Cap.
730 1887 796 1926 29.
816 1886 1220 1940 jaeinorajiebant
1250 1899 1328 1939 pro
1357 1899 1410 1925 ca
1423 1884 1549 1939 faei-

146 1969 254 1996 nora
272 1955 595 2009 faciebant.—
615 1953 722 1994 Ibid.
762 1955 1049 2008 quaerendum
1089 1969 1169 2008 pro
1206 1954 1474 2008 querendum.
1493 1978 1549 1983 —

147 2021 258 2064 Ibid.
294 2022 516 2063 Plurimae
551 2021 706 2062 caedes
742 2034 822 2075 pro
855 2021 1041 2062 Plurimi
1066 2021 1451 2076 pedites.—Ibid.
1488 2023 1550 2063 in-

147 2091 346 2147 terempti
368 2105 446 2146 pro
468 2091 709 2145 intercepti.
725 2114 781 2118 ——
796 2089 901 2144 Cap.
918 2091 986 2130 30.
1016 2090 1262 2144 Cariaeque
1283 2104 1362 2143 pro
1390 2089 1551 2131 Cariae

149 2159 484 2216 atqua—Cap.
509 2160 575 2200 32.
609 2159 871 2200 sermonibus
901 2159 1030 2199 etiam
1045 2158 1257 2213 serebant
1289 2171 1368 2212 pro
1397 2172 1553 2199 sermo-

149 2228 273 2269 nibus
294 2228 424 2269 etiam
446 2228 657 2269 serebant.
677 2251 732 2256 —
750 2226 859 2267 Ibid.
884 2242 1031 2268 aream
1059 2241 1138 2280 pro
1163 2240 1351 2267 arenam.
1370 2249 1426 2254 —
1443 2225 1549 2280 Cap.

150 2295 218 2336 34.
249 2295 433 2336 Isthmia
467 2311 544 2350 pro
575 2295 660 2336 ista
692 2295 985 2336 ianz.—lbid.
1020 2294 1312 2335 denemtiatum-
1342 2309 1423 2348 pro
1448 2308 1553 2348 pro-

152 2363 398 2404 nuntiatum.
417 2386 474 2392 —
493 2362 602 2404 Ibid.
625 2363 814 2418 juerant
846 2362 1111 2417 profuerat.
1130 2386 1186 2390 —-
1204 2362 1309 2416 Cap.
1339 2362 1406 2402 36.
1442 2362 1554 2402 inter

151 2432 332 2474 tumulos
349 2432 555 2487 quosdam
583 2446 662 2486 pro
691 2432 734 2472 in
762 2432 920 2471 tumulo
943 2432 1139 2486 quodam.
1158 2454 1214 2459 --
1232 2429 1341 2471 Ibid.
1366 2444 1457 2470 cum
1479 2444 1554 2484 op-

146 2500 380 2555 posuisset,
410 2500 596 2554 equilum
626 2513 705 2553 pro
733 2499 949 2554 opposuit,
979 2505 1019 2539 et
1048 2499 1230 2553 equitem
1261 2497 1328 2539 vel
1353 2497 1550 2552 equitum.

152 2590 209 2597 —
225 2567 330 2621 Cap.
354 2568 421 2608 37.
439 2582 524 2622 per
545 2567 759 2622 Ligurum
781 2567 1124 2621 e.1:treneosJines
1146 2581 1224 2621 pro
1248 2566 1460 2621 Ligurum
1480 2580 1554 2606 ea·-

154 2635 582 2689 tremostne.—1bid.
616 2651 708 2676 cum
740 2636 909 2690 collega
937 2636 1125 2676 secunda
1158 2649 1236 2689 pro
1269 2635 1464 2689 collegae
1491 2649 1555 2674 se-

156 2703 306 2744 cumla.
324 2704 502 2758 —Cap.
526 2703 594 2743 38.
629 2703 743 2758 quod
770 2703 1035 2744 intenderent
1067 2717 1147 2758 pro
1176 2716 1282 2757 quos
1312 2702 1355 2742 in
1393 2702 1554 2750 Theba,

156 2769 273 2822 quod
302 2784 356 2812 ex
387 2771 503 2826 quod
528 2770 801 2812 intendebant
831 2771 1057 2812 subortum
1080 2771 1262 2811 videtur.
1283 2794 1336 2799 -—
1355 2770 1460 2823 Cap.
1486 2770 1552 2808 -κΙ,

155 2838 428 2890 praeveni-ret
450 2854 530 2893 pro
548 2839 808 2894 perveniret.
827 2864 883 2868 ---
902 2839 1011 2881 lbid.
1035 2839 1073 2880 si
1095 2846 1179 2880 tune
1202 2843 1454 2893 occupasset
1477 2851 1555 2891 pro
