1888 3194
686 174 978 215 INDEX.

178 246 233 279 nia
260 249 362 281 Poeni
388 249 439 288 28,
466 248 514 281 16.
551 249 664 280 foedus
691 259 712 280 a
741 248 807 280 Sei-

176 290 275 330 pione
289 302 363 323 cum
377 291 527 332 Syphace
541 290 643 321 ictum
662 300 674 321 1
683 298 699 330 7
711 294 744 322 et
759 291 806 322 18.

176 333 311 374 Syphax
328 335 369 365 ab
385 333 543 365 Romanis
561 343 619 373 per
633 333 806 373 Sophonis-

174 375 236 407 bae
250 376 380 416 nuptias
389 375 592 407 abalienatus
605 385 654 417 29,
666 385 682 406 2
686 385 714 415 3.
739 375 804 406 Sci-

173 417 229 458 pio
249 418 460 458 proficiscitur
473 419 514 450 ad
529 418 744 449 invadendam
761 419 803 449 A-

172 459 284 491 srioem
302 469 435 501 24-27.
473 465 577 492 castra
592 460 749 501 Syphacis
771 464 804 491 et

174 502 390 534 Hasdrubalis
404 514 424 534 a
439 503 590 543 Scipione
604 503 735 534 incensa
751 512 804 542 30,

172 544 265 584 3—6.
298 546 431 586 Syphax
453 546 556 578 victus
577 550 610 577 et
632 550 746 586 captus
765 555 798 576 11

171 591 205 618 et
232 597 279 619 12.
316 588 538 629 Sophonisbae
565 589 699 630 nuptiae
728 599 801 620 cum

170 630 343 662 Masinissa
369 636 402 663 et
427 642 513 662 mors
539 640 670 671 12-15.
710 632 801 663 Han-

169 672 259 704 nibal
285 674 415 706 Italiam
438 675 591 715 relinquit
608 684 656 706 20.
686 675 802 705 ultima

170 715 240 747 eius
263 726 371 757 pugna
395 727 468 748 cum
492 718 642 758 Scipione
667 725 800 758 29—35.

169 758 247 789 belli
273 760 379 791 exitus
400 772 451 800 44.
479 761 519 792 cf.
540 765 573 791 et
599 760 799 800 Carthagini-

169 811 270 833 enses.

127 843 308 884 Pupillares
333 845 490 886 pecuniae
512 845 544 876 in
567 845 724 876 auxilium
748 855 799 876 ae-

169 887 241 917 rarii
260 888 399 919 Romani
416 889 554 919 collatae
571 898 621 927 24,
641 888 687 919 18.

127 929 266 969 Pupinia
279 931 380 962 tribus
397 930 448 969 26,
463 941 493 973 9.

127 972 329 1012 Pupiniensis
344 984 419 1014 ager
433 984 464 1015 9,
481 984 531 1012 4¹·

125 1014 186 1046 Cn.
199 1015 328 1056 Pupius,
339 1017 491 1047 duumvir
501 1016 590 1048 aedis
599 1015 798 1048 Concordiae

167 1058 336 1090 faciendae
351 1070 448 1090 causa
465 1069 516 1097 22,
532 1069 581 1099 33.

125 1099 164 1132 L.
189 1101 319 1142 Pupius,
348 1102 462 1132 aedilis
492 1111 543 1143 39,
574 1111 624 1143 39.
673 1105 799 1133 creatur

167 1149 305 1184 praetor,
321 1149 353 1175 et
368 1145 498 1175 sortitur
512 1145 665 1184 Apuliam
683 1154 733 1184 45.

124 1185 161 1217 P.
177 1187 295 1227 Pupius
309 1187 393 1218 inter
408 1187 528 1227 primos
549 1197 567 1218 e
591 1188 686 1227 plebe
702 1197 796 1228 quae-

166 1233 266 1260 stores
282 1241 312 1268 4,
329 1239 379 1269 54.

123 1272 288 1312 Purpurae
313 1283 402 1310 usus,
424 1272 541 1312 quibus
564 1272 671 1303 licitus
694 1282 746 1312 34,
769 1280 796 1313 7.

166 1316 295 1355 quando
311 1315 533 1355 deponendus,
548 1315 624 1347 ibid.

123 1358 251 1390 Puteoli
269 1367 319 1397 24,
340 1367 385 1389 12.
412 1367 463 1398 25,
480 1367 528 1388 22.
554 1356 605 1396 26,
626 1366 672 1398 17.
700 1359 795 1390 Pute-

165 1401 235 1432 olos
263 1405 369 1432 tentat
396 1401 575 1438 Hannibal,
602 1400 718 1432 frustra
747 1411 797 1440 24,

170 1453 217 1483 13.
256 1444 410 1475 Puteolos
433 1443 560 1474 colonia
582 1444 721 1475 deducta
744 1453 796 1484 34,

123 1495 248 1569 Pydsna,
274 1529 432 1569 oppidum
459 1540 511 1568 44,
539 1528 570 1561 6.
607 1529 756 1569 diripitur
777 1540 797 1561 a

167 1572 325 1603 Romanis
340 1581 391 1611 45.

123 1614 267 1655 Pydnaei
284 1627 337 1654 44,
354 1624 403 1655 45.

125 1658 255 1698 Pygela,
271 1662 382 1698 portus
398 1666 449 1697 37,
469 1668 515 1689 11.

124 1701 224 1741 Pylae
240 1710 291 1740 32,
309 1713 337 1740 4.
362 1700 414 1739 36,
434 1709 481 1739 15.

123 1745 345 1784 Pylaemenes,
362 1753 415 1774 rex
435 1742 601 1775 Henetiam
623 1754 650 1781 1,
669 1753 694 1775 1.

122 1787 291 1827 Pylaicum
311 1786 482 1817 concilium
500 1796 552 1826 31,
567 1796 617 1826 32.
641 1787 681 1818 cf.
698 1791 730 1818 et
746 1795 798 1827 33,

124 1873 239 1913 Ρ)·1118,
254 1872 411 1912 oppidum
430 1882 480 1912 27,
497 1881 546 1911 3ο.

124 1916 222 1957 Pyra,
238 1916 328 1946 locus
350 1915 382 1946 in
404 1920 514 1946 monte
531 1916 626 1953 Oeta,
641 1915 695 1946 ubi
714 1915 796 1946 Her-

166 1958 246 1990 culis
265 1959 402 1989 mortale
421 1968 536 1999 corpus
551 1962 727 1989 crematum
744 1957 796 1997 36,

165 2010 216 2041 3ο.

122 2044 283 2085 Pyrenaei
309 2048 435 2075 montes
456 2053 508 2082 21,
528 2053 577 2084 23.
610 2048 721 2085 portus
743 2053 795 2083 34,

124 2130 310 2171 Pyrenaeus
324 2129 425 2160 saltus
442 2139 492 2167 21,
507 2139 522 2160 2
527 2139 557 2169 3,
574 2140 622 2169 24.

124 2173 267 2213 Pyrenes
284 2173 537 2212 promontorium
557 2172 606 2211 26,
627 2183 672 2215 ¹9-

124 2215 267 2256 Pyrenes
281 2215 389 2255 iugum
409 2225 460 2254 31,
475 2224 526 2254 30.

124 2258 234 2299 Pyrgi,
249 2258 376 2289 colonia
391 2257 443 2296 36,
461 2268 488 2298 3.
519 2259 548 2289 ei
568 2263 684 2299 negata
705 2270 794 2290 vaca-

165 2301 211 2331 tio
227 2301 270 2332 rei
288 2300 420 2338 navalis,
435 2300 511 2333 ibid.

124 2344 261 2384 Pyrgus‚
276 2344 444 2374 castellum
463 2344 616 2375 Eleorum
633 2353 684 2384 27,
701 2353 750 2383 32.

124 2386 317 2427 Pyrrheum,
344 2386 433 2417 locus
462 2386 493 2417 in
520 2388 598 2417 urbe
624 2387 796 2419 Ambracia

167 2430 219 2468 38,
236 2437 264 2467 5-

124 2471 288 2513 Pyrrhias,
308 2472 373 2502 dux
397 2474 429 2502 et
453 2475 580 2511 praetor
595 2472 796 2510 Aetolorum,

168 2514 305 2546 vincitur
319 2525 338 2544 11
356 2514 508 2554 Philippo
528 2523 577 2554 27,
594 2524 643 2553 30.

123 2557 252 2599 Pyrrhi,
269 2557 477 2598 Proserpinae
492 2558 601 2588 fanum
619 2557 797 2598 spoliantis,

164 2601 267 2632 fatum
287 2610 336 2642 29,
356 2601 403 2632 18.
437 2600 521 2641 regia
539 2601 728 2632 Ambraciae
745 2601 796 2640 38,

125 2653 241 2726 Py9rrhi
257 2690 370 2724 castra,
387 2687 475 2717 locus
491 2695 542 2726 35,
558 2694 608 2726 27.

126 2728 279 2769 Pyrrhus,
292 2728 498 2769 Epirotarum
512 2739 579 2766 rex,
592 2733 626 2760 ut
638 2729 795 2760 auxilium

167 2771 352 2802 Tarentinis
372 2772 479 2810 ferret,
500 2771 533 2803 in
558 2772 688 2803 ltaliam
711 2773 797 2803 venit

127 2820 327 2898 Pyzhzgorss
335 2856 462 2888 Samius
472 2856 570 2888 serior
580 2857 691 2888 Numa
702 2859 792 2888 Pom-

169 2899 247 2940 pilio
268 2908 294 2938 1,
314 2899 360 2931 18.
393 2899 462 2931 eius
481 2899 608 2932 auditor
623 2911 665 2932 an
683 2900 795 2932 Numa

895 251 1073 292 Pompilius
1086 253 1182 285 fuerit
1192 257 1208 286 ἓ
1234 264 1286 293 4ο,
1301 263 1352 297 29.

852 291 1062 334 Pythagoras,
1075 305 1173 337 gener
1190 295 1339 334 Nabidis,
1358 301 1392 329 et
1413 298 1522 330 uxoris

892 335 960 366 eius
977 337 1085 376 frater,
1100 342 1148 370 est
1167 339 1349 379 praefectus
1370 341 1519 380 praesidii

892 377 1059 410 Laconum
1074 381 1167 421 Argis
1182 389 1235 420 34,
1251 389 1300 420 25.
1331 392 1404 413 cum
1426 383 1519 415 mille

890 422 1094 454 mercenariis
1109 428 1140 454 et
1155 424 1281 454 duobus
1301 424 1445 456 millibus
1461 426 1519 457 Ar-

887 462 1032 502 givorum
1057 465 1333 497 Lacedaemonem
1356 467 1397 498 ad
1419 467 1519 498 Nabi-

888 505 963 536 dem
990 506 1077 538 venit
1106 517 1154 548 29,
1192 508 1331 539 mittitur
1355 508 1388 539 111
1415 513 1519 541 castra

888 547 1040 580 Romana
1056 550 1098 581 ad
1114 549 1153 581 T.
1165 550 1358 587 Quinctium
1375 561 1424 591 30.
1460 551 1518 583 ite-

887 601 958 622 rum
995 602 1025 624 0.

846 603 1004 673 Pythicis
1015 635 1137 676 Apollo
1150 643 1180 675 5,
1191 645 1207 666 2
1215 645 1240 667 1.
1262 635 1438 677 Pythicum
1449 646 1516 668 ora-

887 677 998 708 culum
1015 687 1045 718 5,
1064 686 1111 717 15.
1136 678 1290 720 Pythicae
1305 683 1404 710 sortes
1422 689 1450 718 1,
1466 678 1517 719 56.

888 727 919 759 5,
936 729 984 760 23.

846 762 1014 802 Pythium,
1034 763 1191 804 oppidum
1212 774 1265 804 42,
1286 772 1336 804 53.
1360 775 1413 804 44,
1429 774 1459 803 2,
1475 773 1515 804 32

886 810 917 836 et
934 814 984 844 35.

846 847 984 887 Pythius
1000 849 1120 889 Apollo
1138 859 1188 889 23,
1208 859 1254 882 11.
1279 860 1331 892 29,
1350 860 1396 882 10.

846 890 964 930 Pytho,
994 892 1135 923 Macedo
1165 904 1216 931 44,
1246 892 1293 924 16.
1335 894 1516 934 praefectus

886 934 1036 973 praesidii
1051 935 1269 967 Cassandreae
1287 945 1334 969 1⁴2.

1158 1064 1202 1100 Q.

843 1147 1052 1183 Quadrantes
1077 1148 1109 1179 in
1139 1150 1175 1180 P.
1199 1149 1333 1187 Valerii,
1363 1150 1516 1189 consulis,

884 1191 979 1221 occisi
1005 1191 1038 1222 in
1065 1192 1198 1231 proelio,
1220 1193 1354 1223 domum
1377 1202 1397 1223 a
1420 1193 1515 1233 plebe

882 1232 1004 1271 iactati,
1020 1238 1056 1264 ut
1078 1234 1188 1266 funere
1209 1235 1367 1275 ampliore
1389 1236 1513 1267 efferre-

883 1279 936 1305 tur
950 1285 980 1314 3,
1001 1277 1047 1308 18.

842 1318 1028 1359 Quadrigae
1044 1319 1076 1350 in
1092 1320 1176 1351 ludis
1192 1321 1223 1357 8,
1238 1329 1288 1359 40.
1325 1320 1463 1352 falcatae
1481 1321 1514 1351 in

883 1361 969 1391 bello
986 1370 1038 1401 37,
1054 1372 1095 1400 40
1110 1366 1141 1393 et
1157 1372 1208 1401 41.
1237 1372 1352 1394 aureae
1367 1363 1400 1393 in
1417 1363 1514 1404 Capi—

883 1404 961 1434 tolio
977 1404 1102 1444 positae
1121 1406 1162 1436 ab
1177 1405 1335 1436 aedilibus
1350 1406 1516 1437 curulibus

884 1455 935 1488 29,
959 1448 1009 1486 38.
1043 1447 1077 1478 111
1103 1448 1188 1479 cella
1213 1448 1301 1479 Iovis
1323 1456 1375 1488 35,
1398 1458 1449 1487 41.
1481 1449 1514 1480 in

883 1489 1024 1520 culmine
1041 1490 1197 1531 Capitolii
1216 1500 1265 1529 10,
1281 1501 1296 1522 2
1302 1500 1330 1530 3.
1354 1491 1516 1532 quadrigis

882 1533 995 1563 urbem
1011 1533 1091 1564 inire
1105 1533 1234 1565 iubetur
1247 1533 1451 1574 triumphans
1465 1535 1515 1568 M.

884 1574 994 1605 Livius
1012 1576 1062 1614 28,
1078 1586 1106 1617 9.
1145 1576 1306 1617 quadrigis
1326 1577 1462 1615 duabus,
1481 1578 1515 1609 111

882 1617 1042 1648 diversum
1095 1618 1275 1658 concitatis,
1325 1619 1513 1651 distractum

883 1660 980 1691 Metti
998 1661 1128 1692 Fuffetii
1145 1672 1260 1702 corpus
1279 1671 1306 1699 1,
1323 1662 1372 1693 28.

843 1703 1035 1743 Quadrigati
1050 1705 1174 1735 nummi
1192 1714 1244 1742 22,
1260 1713 1310 1743 52.

843 1746 1140 1787 Quadringenariae
1169 1747 1317 1778 cohortes
1345 1755 1374 1787 7,
1401 1756 1428 1788 7.
1465 1758 1514 1787 10,

885 1799 935 1827 40.

842 1831 1066 1868 Quadriremis
1082 1833 1134 1872 28,
1150 1842 1200 1873 45.
1225 1842 1276 1873 3ο,
1293 1841 1343 1873 25.

842 1875 1113 1914 Quadruplatoris
1129 1886 1245 1907 nomen
1261 1875 1382 1907 infame
1399 1886 1428 1917 3,
1443 1885 1492 1917 72.

842 1917 1074 1954 Quaestionem
1100 1919 1262 1959 postulare
1284 1928 1313 1956 2,
1334 1928 1382 1961 29.
1416 1930 1512 1960 quae-

882 1961 1039 1991 stionibus
1062 1961 1248 1993 exercendis
1268 1961 1406 1993 dictator
1427 1973 1512 1995 crea-

883 2007 934 2033 tus
972 2027 981 2039 ,
997 2003 1046 2035 26.

841 2013 1038 2083 Ωαεοεῗωεε
1052 2057 1090 2078 ex
1108 2046 1228 2078 aerario
1243 2046 1332 2087 signa
1348 2048 1513 2087 proferunt

885 2096 913 2128 7,
927 2098 975 2128 23.
999 2094 1202 2129 quaestorum
1220 2090 1323 2130 prima
1337 2091 1424 2131 apud
1441 2091 1511 2123 Liv.

882 2132 1004 2162 mentio
1022 2143 1050 2170 2,
1067 2143 1117 2171 41.
1145 2133 1193 2163 ius
1207 2132 1272 2164 illis
1286 2133 1347 2164 fuit
1363 2133 1448 2165 diem
1465 2134 1511 2166 di-

882 2175 975 2205 cendi
1001 2176 1042 2206 ad
1067 2176 1223 2216 populum
1251 2175 1298 2213 iis,
1321 2176 1377 2216 qui
1403 2176 1512 2217 aliquo

881 2228 915 2248 se
935 2218 1055 2249 scelere
1070 2218 1324 2256 obstrinxissent,
1339 2219 1416 2250 ibid.
1433 2224 1465 2250 et
1481 2229 1512 2260 3,

883 2270 922 2299 24
938 2265 970 2291 et
989 2270 1036 2300 25.
1067 2266 1270 2301 quaestorum
1288 2272 1440 2293 numerus
1454 2263 1511 2294 du—

883 2303 1021 2343 plicatus
1042 2315 1072 2342 4,
1093 2313 1142 2342 43.
1178 2304 1288 2344 primis
1313 2305 1513 2345 temporibus

882 2346 1008 2386 patricii
1025 2357 1137 2378 omnes
1152 2346 1260 2384 creati,
1275 2346 1352 2378 ibid.
1383 2348 1478 2388 primi
1494 2359 1512 2380 e

882 2389 978 2428 plebe
992 2394 1176 2429 quaestores
1191 2401 1222 2427 4,
1239 2398 1288 2428 54.
1313 2390 1448 2430 praelati
1465 2395 1511 2423 tae

882 2441 956 2463 men
979 2432 1103 2472 patricii
1128 2442 1167 2472 43
1191 2437 1223 2463 et
1245 2444 1296 2471 44.
1330 2438 1513 2472 quaestores

881 2475 946 2505 duo
963 2485 1020 2514 per
1035 2475 1166 2506 insidias
1179 2475 1348 2515 intercepti
1368 2485 1418 2514 21,
1434 2486 1484 2518 59.

841 2516 1036 2553 Quncstoria
1062 2523 1155 2558 porta
1181 2522 1354 2548 castrorum
1383 2527 1435 2557 34,
1460 2528 1510 2559 47.

882 2568 992 2600 4ο,27.
1015 2561 1155 2592 comitia.
1175 2560 1393 2592 vid.Comitia.
1416 2572 1512 2601 quae»

881 2603 1013 2634 storium
1037 2605 1140 2634 forum
1165 2613 1217 2642 41,
1232 2602 1262 2634 6.
1294 2604 1510 2643 quaestorium

882 2650 1012 2686 captum
1039 2657 1059 2677 a
1085 2646 1283 2677 Samnitibus
1308 2650 1340 2677 et
1364 2652 1512 2686 quaestor

882 2688 1005 2720 occisus
1025 2699 1072 2726 ιο,
1089 2698 1139 2727 32-

841 2730 1005 2767 Quaestus
1027 2732 1131 2762 omnis
1150 2731 1235 2762 visus
1255 2731 1400 2763 Patribus
1421 2731 1509 2764 inde>

882 2784 974 2804 corus
993 2784 1042 2813 21,
1057 2773 1107 2813 63.

839 2816 1002 2853 Quartarii
1021 2817 1082 2848 vini
1102 2817 1147 2848 M.
1163 2816 1289 2848 Manlio
1303 2816 1369 2848 dati
1390 2817 1432 2848 ab
1447 2817 1507 2849 sin-

878 2859 962 2899 gulis
978 2859 1133 2890 militibus
1149 2868 1179 2898 5,
1195 2868 1245 2899 47.

839 2902 988 2939 Quercus
1004 2901 1182 2941 pastoribus
1196 2911 1284 2932 sacra
1303 2910 1329 2937 1.
1348 2910 1394 2933 1ο.
