1888 3194
531 186 657 228 LIB.
690 185 855 227 XLIV
903 186 1151 229 CAP.28.
1459 191 1537 230 145

140 277 207 319 nis
237 278 397 327 timere,
430 291 508 317 nec
535 276 762 332 quicquam
789 275 926 316 aliud·
960 274 1046 325 sed,
1067 290 1202 331 quum
1232 275 1406 317 suadere
1434 287 1594 318 con-U.
1612 287 1651 319 C.
1673 288 1745 328 584.

141 334 295 376 sulenti
322 348 447 375 nemo
471 332 659 382 auderet,
681 332 909 373 remittitur
929 332 1186 389 Antigonus,
1209 332 1283 388 qui
1303 333 1532 383 nuntiaret,
1547 330 1588 362 A.
1611 330 1649 362 C.
1675 329 1744 361 ¹⁶8·

141 391 330 448 quinque
361 389 541 431 millium
571 390 763 446 equitum
795 404 923 446 opera
954 397 1118 431 tantum
1149 390 1212 430 uti
1242 404 1407 445 regem:
1446 405 1533 431 non

141 456 284 490 tenere
320 447 637 488 multitudinem
668 446 802 488 aliam.
869 446 999 495 Quod
1029 446 1102 488 ubi
1133 445 1330 488 audivere
1356 446 1532 496 barbari,

140 513 375 546 ceterorum
403 504 576 560 quidem
609 503 801 544 fremitus
831 503 922 553 fuit,
955 503 1268 559 indignantium
1303 518 1346 544 se
1381 503 1534 545 frnstra

139 561 299 603 excitos
326 561 495 603 sedibus
525 561 633 602 suis·
671 559 904 602 Clondicus
935 575 1076 602 rursus
1109 561 1350 616 interrogat,
1377 560 1532 616 ecquid

139 618 238 675 ipsis
251 619 440 675 quinque
458 618 654 667 millibus,
670 617 784 673 quod
798 618 1073 667 convenisset,
1089 618 1354 658 numeraret?
1385 617 1532 666 Quum

140 675 337 717 adversus
357 675 402 716 id
422 690 602 740 quoque
615 675 778 716 misceri
800 676 996 740 ambages
1016 684 1219 724 cerneret,
1236 674 1437 716 inviolato
1457 674 1533 716 fal-

139 732 217 774 laci
234 733 397 783 nuntio,
413 733 549 789 (qnod
564 732 634 773 vix
652 747 796 788 sperav
800 741 888 773 erat
903 733 991 788 ipse
1008 747 1127 789 posse
1143 731 1408 797 contingere)
1421 741 1532 773 retro

139 789 194 832 ad
220 789 388 840 Istrum,
420 789 685 846 perpopulati
711 789 949 839 Thraciam,
973 805 1056 846 qua
1076 790 1213 845 vlcina
1233 799 1320 831 erat
1341 790 1446 839 viae,
1467 805 1531 830 re-

139 847 321 889 dierunt.
387 846 508 896 Quae
534 861 694 896 manus,
717 847 861 902 quieto
890 847 1063 888 sedente
1088 862 1192 912 ‘rege
1221 846 1274 888 ad
1304 846 1531 903 Enipeum,

107 904 336 949 6adversus
358 905 573 946 Romanos
595 904 871 945 Perrhaebiae
903 904 1054 945 saltum
1086 905 1131 945 in
1159 904 1420 945 Thessaliam
1451 913 1534 945 tra-

139 962 279 1012 ducta,
301 977 388 1003 non
409 976 529 1017 agros
550 970 711 1002 tantum
734 961 893 1002 nudare
916 961 1158 1018 populando
1179 962 1330 1026 potuit,
1352 977 1406 1003 ne
1428 976 1535 1026 quos

139 1019 238 1060 inde
275 1018 459 1060 Romani
494 1027 753 1059 commeatus
784 1027 1089 1074 exspectarent,
1121 1019 1196 1060 sed
1226 1018 1334 1074 ipsas
1369 1019 1534 1060 exscin-

139 1075 238 1117 dere
261 1076 395 1140 urbes,
419 1084 590 1116 tenente
621 1075 676 1116 ad
708 1075 920 1131 Enipeum
949 1075 1103 1117 Perseo
1134 1075 1362 1125 Romanos,
1384 1091 1438 1117 ne
1464 1091 1535 1117 ur-

138 1133 261 1174 bibus
289 1132 411 1174 sociis
441 1131 636 1188 opitulari
668 1141 848 1188 possent.
913 1131 1020 1188 Ipsis
1048 1147 1218 1188 quoque
1248 1132 1450 1174 Romanis
1481 1133 1534 1174 de

138 1204 182 1231 se
198 1189 470 1246 cogitandum
484 1189 650 1231 fuisset:
680 1189 850 1245 quando
871 1204 1010 1254 neque
1032 1203 1216 1239 manere,
1233 1190 1382 1231 amissa
1398 1190 1438 1231 T
1441 1190 1535 1231 hes-

138 1246 251 1297 salia,
273 1246 387 1289 unde
419 1247 630 1288 exercitus
661 1246 860 1296 alebatur,
882 1246 1129 1303 potuissent,
1152 1261 1291 1303 neque
1322 1247 1532 1303 progredi,

109 1319 271 1361 7quum
301 1319 355 1346 ex
385 1304 558 1345 adverso
588 1312 723 1345 castra
754 1303 1042 1345 Macedonum
1071 1304 1094 1325 *³
1116 1304 1138 1326 *
1161 1304 1194 1345 *.
1261 1303 1350 1352 Qui
1380 1319 1430 1345 ea
1460 1319 1534 1360 pe-

138 1361 375 1427 penderant
404 1376 490 1418 spe,
513 1361 628 1402 haud
658 1360 926 1402 mediocriter
945 1361 1190 1403 debilitavit.
1254 1361 1418 1403 Eadem
1438 1377 1533 1403 ava·
1547 1365 1723 1397 Genuum
1715 1377 1748 1398 ιιι

138 1419 234 1461 ritia
256 1418 463 1460 Gentium
488 1433 630 1475 regem
661 1419 739 1459 sibi
770 1418 979 1460 alienavit.
1043 1418 1170 1469 Nam,
1187 1434 1325 1485 ‘quum
1346 1427 1534 1461 trecenta
1546 1409 1698 1483 ξζῃῆυέᾖᾞ

139 1475 298 1518 talenta
317 1475 459 1518 Pellae
481 1477 614 1517 miSS1s
635 1491 657 1517 a
682 1475 842 1517 Gentio
870 1486 1142 1526 numerasset,
1165 1477 1328 1533 signare
1360 1492 1431 1518 eos
1460 1492 1536 1533 pe·
1559 1462 1615 1492 mp

140 1534 309 1576 cuniam
329 1549 483 1590 passus.
531 1533 637 1574 Inde
659 1533 806 1575 decem
829 1533 987 1575 talenta
1007 1534 1060 1575 ad
1083 1534 1377 1576 Pantauchum
1398 1534 1534 1585 missa,

139 1606 274 1647 eaque
314 1591 551 1647 praesentia
590 1590 680 1632 dari
721 1591 806 1647 regi
850 1591 994 1632 iussit:
1047 1591 1253 1647 reliquam
1295 1592 1534 1656 pecuniam,

140 1648 345 1705 signatam
368 1647 608 1704 Illyriorum
639 1648 772 1704 signo,
799 1648 1062 1704 portantibus
1090 1649 1174 1690 suis
1203 1649 1420 1705 praecipit,
1442 1664 1537 1705 par-

141 1706 203 1747 vis
230 1705 449 1746 itineribus
476 1705 700 1746 veherent:
732 1705 844 1754 dein,
868 1721 1037 1761 quum
1026 1705 1078 1746 ad
1104 1706 1233 1747 finem
1256 1705 1536 1748 Macedoniae

142 1772 316 1804 ventum
338 1771 459 1811 essct,
482 1763 754 1803 subsisterent
776 1762 845 1811 ibi,
869 1778 916 1803 ac
938 1763 1108 1803 nuntios
1139 1763 1190 1804 ab
1222 1778 1265 1804 se
1294 1763 1537 1818 opperiren-

109 1830 221 1863 8tur.
287 1819 483 1868 Gentius,
506 1820 572 1860 cxi
607 1835 660 1860 ua
689 1829 805 1875 parte
837 1820 1041 1875 pecuniae
1073 1830 1256 1876 accepta,
1279 1835 1410 1875 quum
1439 1821 1538 1862 assi-

142 1877 225 1919 due
243 1876 490 1918 Pantaucho
511 1876 564 1917 ad
602 1876 848 1918 accssendos
870 1876 1009 1917 hostili
1031 1877 1139 1918 facto
1160 1877 1373 1919 Romanos
1390 1878 1538 1919 stimu-

142 1934 310 1984 laretur,
349 1933 411 1974 M.
435 1933 691 1989 Perpernam
726 1943 768 1975 et
805 1933 853 1974 L.
878 1934 1094 1975 Petillium
1128 1934 1298 1989 leg-uos,
1332 1935 1405 1990 qui
1446 1944 1537 1976 tum

142 1991 246 2034 forte
268 1991 322 2032 ad
343 2006 440 2033 eum
462 1999 676 2040 venerant,
696 1991 739 2031 iu
761 1990 992 2031 custodiam
1016 1969 1206 2032 coniecit.
1262 1991 1356 2032 Hoc
1378 1992 1536 2042 audito,

143 2048 334 2098 Perseus,
357 2048 612 2090 contraxisse
644 2063 740 2089 cum
773 2049 1039 2089 necessitates
1068 2058 1181 2090 ratus
1202 2048 1255 2089 ad
1277 2048 1433 2090 bellum
1456 2049 1538 2090 uti-

142 2121 233 2171 que·
248 2121 345 2148 cum
369 2105 585 2155 Romanis,
604 2105 657 2147 ad
678 2105 974 2155 revocandum,
993 2106 1065 2162 qui
1088 2107 1312 2162 pecuniam
1333 2107 1537 2171 portabat,

143 2163 278 2205 misit:
319 2163 434 2205 velut
462 2162 567 2204 nihil
599 2163 712 2204 aliud
744 2178 885 2219 agens,
919 2178 1046 2219 quani
1082 2172 1140 2213 ut,
1168 2173 1326 2220 quanta
1356 2164 1540 2205 maxima

174 2229 295 2271 osset,
327 2220 483 2277 praeda
513 2236 566 2262 cx
597 2236 639 2261 se
668 2221 779 2261 victo
814 2220 1016 2261 Romanis
1048 2230 1337 2262 reservaretur.
1402 2221 1459 2262 Et
1487 2221 1539 2262 ab

143 2236 339 2320 1Eoumc'ne
363 2277 611 2334 Herophon,
635 2278 800 2333 ignotis,
824 2293 932 2334 quac
955 2278 1116 2319 occulte
1143 2288 1235 2319 acta
1262 2287 1394 2328 erant,
1417 2278 1536 2319 redit.

145 2335 215 2377 De
246 2336 420 2392 captivis
450 2345 590 2376 actum
622 2351 709 2376 esse
742 2345 784 2376 ct
817 2337 894 2391 lpsi
926 2335 1159 2391 cviilg‘ivcr
1160 2345 1233 2385 int
1257 2346 1298 2377 ct
1326 2310 1540 2377 Eiimenes

146 2393 374 2442 consulem,
400 2392 593 2434 vitandae
616 2392 862 2448 suspicionis
883 2408 1018 2442 causa,
1041 2393 1261 2434 certiorem
1283 2393 1391 2435 fecit.

113 2463 134 2495 9
204 2450 395 2499 Perseus,
425 2459 519 2506 post
547 2449 728 2492 reditum
759 2450 811 2491 ab
835 2450 1026 2492 Eumene
1051 2450 1339 2507 Herophontis
1366 2465 1438 2508 spe
1467 2450 1541 2492 dc·
1617 2444 1683 2482 28·

190 2589 211 2621 6
234 2590 454 2621 Perrhaebiae
469 2590 586 2619 saltum
605 2613 611 2619 .
629 2612 635 2619 .
653 2589 820 2626 traducta]
870 2589 954 2618 voci„
993 2590 1207 2619 Macedonum
1248 2589 1375 2619 librario
1413 2599 1543 2620 causum

149 2632 224 2662 Vox
263 2633 379 2663 saltum
411 2644 430 2662 a
463 2631 709 2671 praepositione,
740 2642 823 2669 quae
869 2632 964 2661 suissv
997 2632 1106 2661 (nunizi.
1130 2632 1237 2662 inedia
1263 2632 1434 2662 omittendi
1463 2632 1543 2662 exis-

149 2676 245 2705 verbo
282 2675 435 2705 adiuncta
469 2680 528 2710 est,
559 2674 676 2711 regitur
693 2686 700 2710 ;
739 2674 823 2703 unde
869 2674 998 2711 liniunt,
1014 2680 1045 2704 ct
1064 2675 1213 2704 lacunam
1230 2675 1312 2705 ulter
1327 2675 1430 2705 altero
1447 2675 1543 2704 modo

150 2717 229 2748 nihil
256 2728 337 2757 opus
362 2722 409 2747 est
434 2727 507 2746 cum
533 2717 673 2746 Gruter-o
701 2716 824 2754 legantur
869 2716 1037 2755 integrant.

147 2770 208 2799 per
239 2760 468 2791 Perrhaebiae.
507 2760 546 2790 cf.
578 2769 664 2798 nupr.
696 2760 739 2789 ix.
773 2768 822 2799 39.
911 2762 930 2786 8
955 2760 1094 2790 Assiduae
1120 2760 1328 2796 Pantaucho]
1362 2760 1501 2790 Assidm·
1523 2770 1542 2788 a

151 2801 226 2832 xxii.
246 2811 295 2840 45.
871 2803 1064 2832 Pantaucho
1089 2802 1219 2839 Sigania
1243 2806 1376 2832 auctore
1404 2801 1542 2841 reposuit

195 2851 212 2882 7
235 2845 351 2875 Crutra
375 2845 608 2882 Macedonum]
639 2844 744 2873 Vocon
766 2843 822 2873 nli-
875 2843 1014 2875 kakvr.

151 2895 230 2923 quus
267 2886 327 2917 hoc
367 2887 437 2917 loco
476 2886 673 2917 intercidisw
713 2886 826 2924 liquet.
914 2897 934 2926 c)
958 2886 1191 2926 Herophontis]
1219 2887 1258 2917 cf.
1276 2888 1369 2926 Snpr.
1388 2896 1436 2924 24.

153 2927 300 2967 Sigonius
326 2933 358 2959 ct
389 2929 571 2960 Crevit-rius
602 2929 825 2968 repetitionem
