1888 3194
472 170 986 230 FRAGMENTUM
1029 185 1155 225 LIB.
1205 185 1328 227 xcl.
1512 190 1595 229 293

203 276 373 332 poribus
401 277 448 319 C.
469 275 698 332 Caligulae,
728 282 870 316 tamen
901 275 972 316 vix
993 274 1187 316 ducentis
1215 274 1342 316 credo
1370 275 1490 316 annis
1516 276 1596 317 mi-

156 331 158 334 ’
202 347 324 375 nores
332 337 373 374 ¹³.
418 333 480 374 Ut
499 348 553 374 ne
570 340 711 374 autem
729 341 885 374 temere
902 331 1028 373 huius
1040 331 1093 373 de
1106 331 1329 387 fragmenti
1343 331 1593 386 antiquitate

202 390 406 431 iudicasse
428 390 595 432 videar:
629 397 780 431 testem
807 389 890 430 cito
917 404 1034 430 meae
1063 388 1296 430 sententiae
1324 388 1593 443 locupletem,

201 446 338 487 virum
364 446 408 487 in
437 446 764 504 interpretandis
784 446 1022 488 vetustioris
1049 445 1140 487 aevi
1167 444 1453 487 monumentis
1479 460 1596 501 saga-

200 503 426 554 cissimum,
461 504 614 546 Vitum
660 503 929 544 Iuvenatium
969 503 986 557 (
1002 504 1090 544 Vito
1129 504 1387 551 Giovenazzz‘,
1420 502 1596 556 Abbate)

200 559 270 601 cui
302 559 432 602 hocce
465 561 612 602 folium
646 560 771 610 Livii,
801 575 931 616 quum
963 560 1126 602 Romae
1159 559 1232 609 fui,
1264 559 1309 600 in
1341 558 1597 601 bibliotheca

202 615 408 659 Vaticana
442 618 635 667 ostendi3
680 618 754 674 qui
786 617 961 673 quidem
998 617 1103 658 mihi
1139 616 1361 672 magnifice
1397 616 1450 657 de
1486 616 1597 672 frag-

200 683 345 717 mento
366 676 566 718 sentienti
586 684 629 717 et
649 674 841 732 loquenti
861 674 1149 716 lubentissime
1171 689 1373 723 assensus,
1390 672 1595 729 mihique,

200 731 317 788 quod
341 732 447 774 illud
471 733 718 782 invenerim,
740 732 936 782 suaviter,
959 741 1006 773 ut
1033 731 1175 773 omnia
1202 731 1337 773 facere
1363 730 1481 780 solet,
1503 745 1597 786 gra-

201 788 357 831 tulatus
377 799 451 832 est.
507 791 655 839 Quum
676 798 817 831 autem
840 798 924 831 tam
945 789 1192 839 iucundum,
1210 798 1295 830 tam
1317 787 1597 830 excellentem

199 845 350 897 virum,
372 847 492 889 cuius
511 847 790 888 familiaritate
814 846 976 888 Romae
999 861 1098 888 usus
1118 861 1224 896 sum,
1247 846 1446 887 nomino:
1479 854 1599 901 grata

201 912 389 946 mentem
416 905 528 946 subit
554 903 787 946 recordatio
809 904 938 945 totius
965 912 1059 945 octo
1087 903 1295 945 mensium
1323 903 1460 959 spatii,
1482 901 1600 958 quod

203 960 366 1003 Romae
389 962 584 1018 transegi,
607 961 835 1003 multorum
857 970 899 1002 et
920 961 1149 1018 insignium
1174 960 1414 1002 literaturae
1443 974 1595 1001 monu-

201 1027 454 1069 mentorum,
476 1034 584 1075 quae
616 1019 857 1074 conspicere
888 1027 930 1059 et
960 1019 1005 1059 in
1037 1021 1158 1059 usum
1189 1027 1433 1059 convertere
1464 1017 1597 1066 licuit,

202 1076 385 1118 virorum
415 1076 581 1132 generis
611 1075 844 1124 nobilitate,
866 1075 1070 1124 doctrina,
1092 1075 1354 1116 humanitate
1385 1083 1599 1130 praestan-

201 1132 321 1182 tium,
343 1148 450 1189 quos
480 1133 556 1174 visi
587 1132 887 1173 humanissime
920 1132 972 1173 ab
1005 1131 1201 1173 omnibus
1233 1141 1448 1188 exceptus.
1513 1130 1600 1173 Sed

200 1189 511 1240 revertendum,
544 1189 658 1230 unde
689 1189 863 1245 digressi
894 1203 1050 1238 sumus,
1082 1204 1161 1230 nec
1191 1188 1371 1244 amplius
1401 1188 1456 1229 ad
1485 1188 1599 1230 hunc

201 1246 532 1303 pulcherrimum
553 1246 693 1288 locum
715 1246 922 1287 divertere
944 1246 1054 1287 licet.
1103 1245 1357 1287 Membrana
1376 1245 1600 1300 fragmenti

202 1303 353 1354 tenuis,
375 1313 422 1346 ut
441 1303 631 1361 palpanti
651 1303 794 1360 digitis
815 1303 997 1353 excidat,
1019 1311 1062 1344 et
1082 1303 1178 1344 flavi
1206 1302 1366 1344 coloris.
1430 1301 1601 1343 Titulus

201 1376 328 1418 quem
352 1361 517 1403 tabulae
543 1376 642 1418 prae
671 1375 713 1402 se
736 1361 875 1402 ferunt
907 1361 950 1401 in
981 1360 1156 1402 adversa
1182 1368 1300 1417 parte
1333 1357 1448 1400 LIB.
1473 1358 1598 1400 XCI.

202 1426 246 1460 et
280 1419 326 1460 in
358 1434 500 1460 aversa
532 1418 572 1460 T
575 1417 663 1460 ITI
696 1417 879 1459 LIV114.
942 1417 1176 1460 Columnae
1208 1418 1253 1458 in
1283 1417 1430 1473 quavis
1461 1416 1603 1458 tabula

203 1475 341 1524 binae,
363 1491 471 1532 quae
501 1475 690 1532 singulae
719 1475 892 1531 triginta
912 1475 1099 1517 versibus
1125 1483 1347 1524 constant3
1380 1474 1601 1517 columnae

204 1541 346 1574 autem
376 1533 554 1575 duarum
586 1533 834 1589 paginarum
854 1547 1082 1589 versusque
1114 1548 1202 1574 sese
1235 1541 1396 1589 tegunt.
1459 1532 1602 1574 Voces

205 1589 323 1631 nullo
363 1590 584 1632 intervallo
619 1605 644 1631 a
682 1605 725 1632 se
762 1589 998 1640 distinctae,
1036 1590 1117 1631 nisi
1152 1605 1261 1632 nova
1300 1604 1440 1631 rerum
1475 1589 1603 1630 series

206 1647 395 1697 orditur3
428 1657 476 1689 ut
505 1648 549 1688 in
580 1647 717 1704 priore
748 1646 944 1688 columna
974 1647 1146 1689 ultimae
1172 1647 1398 1703 fragmenti
1424 1647 1603 1703 paginae

205 1713 250 1747 et
307 1705 555 1747 raecedente
581 1717 743 1777 puncto
773 1704 818 1745 in
848 1704 1058 1746 secundae
1089 1704 1309 1746 columnae
1334 1719 1457 1746 versu
1483 1712 1603 1745 sexto

207 1762 250 1804 D
296 1762 621 1805 IECERVNP
632 1777 642 1786 ·
690 1761 801 1803 CV?
871 1762 1040 1803 Literae
1081 1761 1372 1803 columnarum
1423 1760 1604 1802 initiales

205 1828 365 1862 ceteras
396 1836 436 1861 m
524 1819 687 1861 itudine
718 1828 943 1876 superant:
977 1819 1094 1875 quod
1127 1828 1169 1861 et
1201 1819 1324 1860 initio
1356 1833 1488 1860 novae
1519 1818 1604 1859 his-

207 1877 390 1919 toriae¹⁵.
498 1877 662 1933 eliquae
694 1877 772 1919 sibi
808 1876 1016 1933 aequaleS,
1049 1885 1096 1918 ut
1131 1876 1253 1917 lineis
1283 1875 1491 1932 parallelis
1517 1875 1602 1916 fere

207 1934 368 1976 includi
392 1935 565 1991 possint,
588 1935 775 1990 exceptis
803 1943 945 1976 tamen
973 1934 1022 1974 L.
1049 1933 1096 1974 B.
1121 1943 1164 1975 et
1186 1933 1229 1974 F.
1254 1948 1362 1989 quae
1390 1932 1603 1974 interdum

206 2006 305 2049 prae
322 1992 472 2033 ceteris
487 1992 677 2033 eminent
687 1990 728 2032 ¹⁶.
775 1991 1041 2047 Compendia
1057 1990 1268 2032 scribendi
1285 1990 1399 2031 varia
1413 1990 1605 2031 librarius

205 2048 425 2091 adhibuit:
464 2064 563 2091 nam
595 2048 760 2090 literam
793 2047 856 2090 M.
887 2049 932 2088 in
968 2048 1052 2089 fine
1086 2047 1222 2089 lineae
1255 2047 1420 2103 saepius
1452 2047 1604 2096 omisit,

206 2105 287 2149 hoc
313 2106 451 2164 posito
478 2107 635 2164 signo‘T'
655 2121 741 2163 quo
757 2106 886 2148 etiam
907 2105 1040 2147 utitur
1060 2104 1113 2146 ad
1135 2104 1410 2146 indicandum
1431 2104 1605 2145 aliarum

242 2260 253 2282 1
261 2261 278 2292 3
295 2251 485 2283 Iuvenatius
496 2252 610 2283 harum
624 2253 884 2284 membranarum

209 2297 350 2325 aetatem
388 2294 421 2326 in
453 2295 691 2326 Antoninorum
737 2298 886 2334 tempora

978 2261 1014 2290 ¹4
1039 2250 1151 2282 Minus
1162 2253 1312 2281 accurate
1322 2249 1409 2280 hunc
1422 2249 1606 2280 tabularum

929 2294 1062 2324 titulum
1087 2293 1306 2323 exhibuerunt
1329 2291 1552 2323 Caneellerius
1573 2292 1605 2322 in

210 2336 371 2375 incidisse,
392 2338 507 2369 docere
531 2338 671 2369 instituit
695 2337 728 2368 in
751 2342 884 2368 annota-

209 2379 298 2411 tione
328 2379 431 2419 prima
468 2384 500 2411 et
533 2380 728 2411 scholiorum
759 2380 884 2410 addita·

210 2425 332 2460 mento,
347 2423 432 2462 quod
448 2432 487 2453 ex
505 2423 647 2454 editione
665 2422 886 2462 Neapolitana

211 2468 338 2495 nostrae
360 2465 564 2498 subiecimus.
610 2465 642 2496 N
647 2465 812 2496 iebuhrius
829 2475 884 2495 au-

211 2511 290 2544 tem,
305 2507 346 2538 de
361 2507 517 2538 eiusmodi
539 2508 730 2538 schedarum
747 2507 886 2547 antiqui-

210 2553 291 2586 tate,
305 2559 405 2590 quum
430 2550 510 2581 haec
530 2551 689 2590 scriptura
709 2551 794 2581 ultra
816 2560 885 2589 sep-

212 2591 374 2631 tingentos
393 2603 495 2623 annos
514 2593 703 2629 obtinuerit,
724 2596 818 2623 caute
841 2593 886 2622 iu-

212 2634 386 2665 dicandum
400 2645 467 2666 enne
484 2637 657 2675 praefatus5
669 2646 724 2666 eas
740 2635 803 2665 iam
819 2645 884 2665 ver-

213 2681 308 2716 gonto
335 2676 470 2717 imperio
499 2678 635 2718 scriptas
664 2689 744 2715 esse,
772 2688 806 2717 p.
835 2687 884 2708 υ.

213 2718 394 2759 suspicatus
426 2724 484 2751 est.
535 2721 653 2760 Neque
685 2721 794 2751 minus
827 2720 885 2751 cir-

214 2766 400 2801 cumspecte
415 2762 583 2793 Gallcttus
598 2768 629 2794 et
648 2763 840 2794 Amadeflius
856 2762 887 2792 in

215 2802 411 2842 testimonio,
422 2806 508 2844 quod
524 2815 564 2836 ex
581 2806 722 2836 alitione
739 2806 890 2837 Romana

218 2844 250 2875 in
275 2850 414 2877 nostram
440 2848 674 2883 transtulimus,
698 2858 752 2878 eas
777 2847 889 2887 procul

219 2886 318 2916 dubio
337 2892 412 2919 ante
432 2890 600 2921 saeculum
616 2890 764 2929 quintum
781 2899 890 2921 exara-

220 2932 268 2958 tan
283 2938 350 2959 ene
366 2936 566 2962 cenmemnt.

931 2336 1073 2368 Praefat.
1091 2346 1120 2376 p.
1138 2335 1168 2367 6.
1187 2336 1237 2366 ed.
1256 2335 1343 2374 Lips.
1366 2338 1464 2374 atque
1481 2334 1606 2365 Gallet-

929 2383 981 2410 tus
991 2384 1023 2410 et
1034 2378 1226 2409 Amadesius
1235 2377 1267 2408 in
1278 2377 1464 2408 testimonio
1473 2376 1607 2408 editioni

930 2422 1100 2453 Romanae
1116 2421 1270 2451 subiccm.

978 2472 1012 2504 15
1040 2463 1114 2495 Vid.
1131 2468 1224 2494 notas
1239 2463 1279 2494 ad
1296 2462 1465 2502 fragmenti
1484 2462 1539 2493 lin.
1556 2471 1607 2501 ‚3¹-

936 2517 1004 2546 ¹5¹-
1020 2510 1053 2537 et
1074 2507 1141 2545 187.
1187 2505 1342 2537 Similiter
1357 2505 1524 2537 Ciceronis
1540 2516 1608 2535 om-

932 2550 1036 2580 tiones
1057 2548 1090 2579 in
1115 2548 1279 2579 codicibus
1298 2547 1465 2578 Vaticanis
1485 2551 1517 2578 ct
1537 2548 1606 2578 Me-

932 2591 1173 2622 diolanenflibun
1199 2591 1231 2621 in
1259 2590 1367 2630 capitu.
1390 2589 1506 2621 divisas
1528 2600 1607 2626 esse,

928 2634 1108 2665 observavit
1126 2633 1326 2664 Niebuhrius
1343 2643 1372 2672 p.
1391 2631 1440 2671 56.
1457 2632 1608 2671 idemque

932 2678 1017 2707 valet
1051 2677 1091 2707 de
1122 2675 1265 2707 Sallustii
1296 2674 1493 2715 fragmentis,
1524 2685 1607 2714 quae

931 2730 1030 2760 penes
1055 2728 1106 2749 me
1128 2723 1214 2755 sunt,
1230 2723 1261 2749 et
1286 2718 1504 2758 palimpsestis
1520 2717 1606 2748 Tau-

933 2761 1122 2793 rinensibus.

982 2804 1018 2835 16
1043 2805 1118 2836 Non
1137 2803 1195 2834 nisi
1214 2803 1321 2834 literas
1338 2803 1366 2834 B
1379 2802 1415 2833 'et
1434 2803 1459 2834 F
1475 2801 1608 2833 dimidia

936 2851 1026 2887 parte
1062 2857 1158 2886 super
1191 2851 1313 2877 ceteras
1347 2845 1498 2881 eminere,
1531 2844 1606 2874 Nic<

937 2889 1070 2920 buhrius
1087 2900 1117 2928 p.
1139 2898 1184 2929 ¹9.
1202 2893 1347 2920 testatur.
