1888 3194
560 180 687 222 LIB.
720 179 861 221 XLV.
907 178 1055 221 CAP.
1089 185 1156 222 22.
1472 186 1554 226 207

159 272 234 329 qui
251 271 431 314 Romam
448 269 502 312 ad
517 284 684 312 causam
702 269 927 311 dicendam
947 279 1227 326 sequerentur
1244 284 1253 309 :
1283 271 1326 311 in
1347 272 1553 314 Achaiam
1573 283 1617 315 U.
1633 285 1673 316 C.
1696 285 1770 325 585·

160 345 215 372 ex
245 329 392 370 decem
423 327 657 384 legatorum
685 341 864 368 numero
891 327 1067 383 profecti
1088 327 1188 377 duo,
1213 326 1264 369 C.
1283 327 1488 370 Claudius
1515 339 1558 371 et
1572 327 1610 358 A.
1635 328 1674 360 C.
1700 326 1769 367 ¹⁶7·

162 387 243 431 Cn.
259 384 486 435 Domitius,
510 393 557 426 ut
577 384 657 441 ipsi
678 384 818 426 edicto
839 393 1074 426 evocarent.
1133 384 1185 426 Id
1201 384 1364 426 duabus
1385 385 1438 427 de
1460 402 1559 428 cau-

159 444 214 485 sis
245 443 428 484 factum:
476 457 572 492 una,
607 442 724 498 quod
759 441 939 483 fiduciae
976 442 1071 498 plus
1111 443 1434 498 animorumque
1469 459 1556 485 esse

160 499 347 542 Achaeis
374 499 428 541 ad
456 514 543 541 non
571 499 806 555 parendum
837 499 1079 548 credebant,
1103 508 1145 541 et
1165 500 1340 541 forsitan
1360 502 1486 541 etiam
1514 502 1555 541 in

215 556 347 599 riculo
366 557 454 598 fore
479 557 749 598 Callicratem
771 566 814 598 et
834 565 995 598 ceteros
1016 557 1241 598 criminum
1272 566 1464 599 auctores
1485 558 1559 599 dc-

159 572 422 671 laetoresque:
458 614 600 664 altera,
635 629 711 657 cur
744 623 986 670 praesentes
1021 623 1258 665 evocarent,
1293 630 1418 656 causa
1455 625 1556 665 erat,

159 672 276 730 quod
296 687 350 714 ex
372 672 462 713 aliis
482 672 680 729 gentibus
710 672 950 728 principum
970 671 1110 714 literas
1132 672 1358 729 deprensas
1378 673 1422 713 in
1444 688 1559 715 com-

159 730 376 772 mentariis
396 730 522 786 regiis
542 729 780 771 habebant:
814 729 859 770 in
877 729 1062 771 Achaeis
1082 745 1253 772 caecum
1276 740 1364 772 erat
1385 731 1557 781 crimen,

159 787 287 829 nullis
307 802 452 829 eorum
474 787 604 829 literis
625 787 818 828 inventis.

219 844 384 886 Aetolis
410 844 602 894 dimissis,
633 845 906 886 Acarnanum
940 845 1068 886 citata
1098 861 1213 901 gens.
1276 845 1328 887 In
1361 846 1426 888 his
1454 846 1560 887 nihil

161 911 376 952 novatum,
398 903 478 944 nisi
501 902 616 959 quod
639 902 802 944 Leucas
833 912 1031 959 exempta
1062 912 1125 944 est
1154 903 1427 945 Acarnanum
1460 919 1559 945 con·

162 960 271 1002 cilio.
337 960 595 1009 Quaerendo
626 959 781 1001 deinde
810 959 946 1010 latius,
973 960 1047 1016 qui
1072 960 1240 1016 publice
1269 971 1341 1002 aut
1365 962 1559 1018 privatim

161 1018 344 1074 partium
372 1017 481 1074 regis
509 1017 695 1067 fuissent,
719 1017 762 1058 in
795 1017 938 1058 Asiam
968 1032 1139 1073 quoque
1167 1019 1453 1074 cognitionem
1486 1033 1561 1060 ex-

162 1074 363 1117 tendere:
397 1084 440 1116 et
467 1074 520 1116 ad
543 1074 757 1115 Antissam
785 1075 828 1114 in
856 1074 996 1115 Lesbo
1027 1075 1163 1116 insula
1191 1075 1455 1125 diruendam,
1479 1085 1561 1117 tra-

161 1132 378 1174 ducendos
414 1131 713 1188 Methymnam
749 1131 1007 1181 Antissaeos,
1044 1131 1287 1173 Labeonem
1326 1133 1559 1182 miserunt3

161 1189 279 1246 quod
308 1191 588 1238 Antenorem,
619 1188 783 1245 regium
816 1188 1089 1245 praefectum,
1123 1204 1209 1245 quo
1243 1198 1432 1246 tempore
1464 1205 1561 1231 cum

161 1246 310 1289 lembis
337 1247 447 1288 circa
467 1246 654 1288 Lesbum
677 1255 739 1287 est
760 1255 945 1302 vagatus,
967 1254 1094 1302 portu
1114 1255 1329 1303 receptum
1352 1262 1563 1289 commea-

162 1304 274 1346 tibus
295 1304 509 1346 iuvissent.
563 1303 664 1345 Duo
685 1304 821 1345 securi
842 1304 1028 1360 percussi
1049 1304 1255 1360 insignes3
1289 1304 1563 1346 Andronicus

162 1361 402 1404 Andronici
427 1361 538 1403 filius
564 1361 756 1411 Aetolus,
779 1361 908 1418 quod,
931 1370 1094 1418 patrem
1123 1371 1303 1411 secutus,
1327 1377 1441 1403 arma
1461 1377 1563 1404 con-

162 1428 226 1462 tra
260 1419 465 1477 populum
500 1419 742 1461 Romanum
780 1419 968 1461 tulisset:
1005 1428 1048 1461 et
1077 1418 1174 1461 Neo
1202 1419 1447 1470 Thebanus,
1477 1435 1562 1476 quo

132 1489 149 1521 7
163 1486 332 1519 auctore
353 1478 596 1519 societatem
618 1492 713 1518 cum
736 1477 891 1518 Persea
911 1477 1148 1519 iunxerant.

223 1534 304 1576 His
340 1550 480 1576 rerum
513 1543 781 1576 externarum
816 1535 1127 1591 cognitionibus
1159 1535 1430 1593 interpositis,
1466 1535 1563 1578 Ma-
1641 1545 1707 1583 32.

163 1591 374 1634 cedonum
424 1607 565 1633 rursus
610 1592 858 1634 advocatum
905 1592 1143 1634 concilium.
1217 1593 1560 1644 Pronuntiatum,

132 1655 178 1688 8‘
198 1649 328 1698 Quod
359 1649 412 1691 ad
445 1659 597 1691 statum
629 1649 907 1691 Macedoniae
937 1650 1186 1706 pertinebat,
1209 1662 1433 1701 senatores,
1456 1667 1562 1707 quos

165 1713 178 1732 ‘
257 1706 410 1749 nedros
423 1717 586 1757 vocant,
604 1706 804 1775 legendos
820 1722 922 1756 esse,
941 1722 1117 1763 quorum
1137 1708 1311 1749 consilio
1327 1709 1564 1764 respublica

166 1770 178 1790 ‘
193 1724 580 1806 administrareturss
627 1764 815 1805 hemina
836 1764 990 1806 deinde
1012 1774 1110 1806 sunt
1131 1765 1303 1806 recitata
1323 1766 1562 1822 principum
1578 1773 1747 1813 Principes

165 1822 466 1872 Macedonum,
489 1837 594 1878 quos
620 1837 715 1863 eum
746 1822 897 1871 liberis,
921 1822 1148 1863 maioribus
1169 1838 1295 1879 quam
1350 1823 1561 1864 uindecim
1578 1816 1779 1889 Nal‘ff‘fffjnes

163 1895 296 1922 annos
332 1880 452 1929 natis,
490 1879 742 1935 praecedere
778 1880 821 1920 in
859 1879 1025 1920 Italiam
1060 1879 1256 1935 placeret.
1355 1880 1395 1930 d,
1430 1868 1758 1942 1›rinia:1¹1¹,1og‘{‚{}²‚m

163 1937 302 2003 specie
327 1952 510 1987 saevum,
533 1951 632 1978 mox
663 1937 856 1993 apparuit
884 1936 1149 1977 multitudini
1172 1937 1459 1979 Macedonum
1489 1954 1565 1995 pro

163 1994 355 2036 libertate
376 2010 451 2036 sua
472 2010 559 2036 esse
581 1994 749 2036 factum.
814 1993 1035 2035 Nominati
1058 2003 1156 2036 sunt
1177 1995 1290 2036 enim
1312 1996 1420 2051 regis
1442 1996 1565 2037 amici

131 2053 482 2110 9purpuratique,
501 2051 630 2094 duces
646 2052 922 2101 exercituum,
941 2052 1140 2108 praefecti
1163 2053 1332 2093 navium
1355 2062 1427 2094 aut
1448 2069 1567 2109 prac—

163 2109 394 2159 sidiorum3
438 2110 591 2151 servire
625 2110 714 2166 regi
752 2109 980 2159 humiliter,
1018 2109 1109 2151 aliis
1145 2110 1324 2166 superbe
1361 2110 1566 2167 imperare

164 2167 343 2210 assueti:
377 2167 629 2225 praedivites
656 2167 740 2217 alii,
763 2167 846 2217 alii,
870 2182 976 2224 quos
1005 2168 1172 2209 fortuna
1203 2183 1287 2209 non
1320 2180 1565 2225 aequarent,

164 2224 230 2267 his
261 2226 498 2282 sumptibus
531 2240 676 2282 pares:
715 2225 855 2282 regius
885 2225 1081 2266 omnibus
1111 2225 1246 2267 victus
1277 2226 1563 2282 vestitusque:

137 2282 270 2324 xnulli
301 2282 433 2324 civilis
463 2283 641 2332 animus,
663 2298 803 2339 neque
833 2282 974 2338 legum
1003 2297 1142 2339 neque
1173 2283 1376 2324 libertatis
1406 2300 1565 2340 aequae

164 2340 339 2397 patiens.
404 2340 566 2382 Omnes
592 2341 731 2396 igitur,
754 2340 827 2396 qui
857 2340 900 2381 in
930 2340 1141 2397 aliquibus
1163 2341 1405 2382 ministeriis
1426 2342 1566 2397 regiis,

164 2398 289 2440 ctiam
312 2398 386 2455 qui
408 2398 451 2439 in
474 2398 658 2439 minimis
679 2398 958 2454 legationibus
983 2398 1162 2448 fuerant,
1190 2399 1287 2439 iussi
1312 2398 1569 2440 Macedonia

164 2455 383 2505 excedere,
407 2465 533 2512 atque
556 2456 598 2497 in
622 2455 784 2497 Italiam
809 2456 894 2497 ire:
930 2455 1002 2512 qui
1030 2471 1115 2497 non
1142 2456 1346 2512 paruisset
1377 2457 1565 2513 imperio,

166 2527 276 2555 mors
293 2513 554 2555 denuntiata.
607 2513 745 2570 Leges
763 2512 1042 2554 Macedoniae
1059 2512 1179 2555 dedit
1200 2529 1294 2554 cum
1319 2522 1435 2556 tanta
1455 2530 1567 2562 cura,
1585 2534 1685 2572 ,Μω-
1700 2536 1753 2565 ‹ta-

166 2579 214 2612 ut
240 2586 326 2613 non
357 2571 547 2613 hostibus
575 2571 707 2621 victis,
733 2570 807 2612 sed
838 2571 960 2612 sociis
991 2571 1098 2612 bene
1129 2571 1301 2621 meriti&
1324 2572 1424 2613 darc
1450 2572 1641 2613 vide-tm·-

214 2739 230 2771 7
255 2734 323 2764 Neo
342 2733 511 2763 Thebanus
531 2743 594 2773 quo
612 2737 743 2763 auclore
760 2755 767 2763 .
785 2756 792 2763 .
811 2756 817 2763 .
836 2756 842 2763 .
890 2731 969 2762 baec
992 2736 1067 2762 sunt
1088 2733 1182 2763 verba
1207 2733 1383 2771 legatorum
1403 2733 1564 2763 Roman..-

168 2776 362 2813 n'unserant]
408 2786 450 2806 sc.
475 2775 637 2811 Thebani,
667 2785 750 2814 quac
782 2785 841 2804 vox
890 2777 1150 2814 run1.7wreirmu
1167 2776 1336 2815 legendum
1355 2780 1473 2805 censet.

171 2817 249 2847 latet
280 2816 311 2847 in
344 2828 420 2847 voce
454 2818 632 2848 Thebanus.
692 2818 744 2848 De
785 2817 844 2847 buc
932 2827 952 2858 9
977 2819 1243 2858 l'urpurntiqunj
1270 2819 1308 2848 cs.
1321 2820 1415 2857 Supr.
1430 2827 1505 2847 xxx.
1519 2826 1569 2854 ⁴²·

172 2858 298 2894 Neono,
313 2859 366 2898 qui
391 2860 430 2890 nd
452 2860 567 2890 Pernen.
591 2860 789 2897 confugerat,
805 2861 845 2890 cf.
941 2870 949 2889 ι
979 2862 1074 2890 Num
1089 2862 1193 2890 civilis
1208 2862 1353 2898 anirum!
1392 2860 1485 2890 Nulli
1504 2859 1567 2889 ani-

172 2910 256 2939 nupr.
274 2901 349 2933 xliv.
367 2911 417 2940 ⁴3-
448 2902 561 2941 Polyb.
580 2902 677 2932 xxvii.
701 2911 724 2933 1.
894 2912 965 2932 mus
981 2902 1144 2942 publicum
1162 2903 1298 2933 sulutem
1318 2913 1441 2932 curtius.

215 2945 232 2969 Η
258 2944 460 2980 l'crta‘nclmt]
479 2944 672 2979 Crevit-rius,
688 2943 845 2983 siquidem
