1888 3194
757 182 1050 222 INDEX.

247 263 418 286 aureorum
428 259 461 287 et
466 260 691 297 argenteorum
700 256 814 296 ingens
822 268 879 288 nu-

246 304 355 328 merus
376 298 521 329 Asiatico
537 298 700 338 Scipionis
713 298 880 339 triumpho
910 304 913 307 ’

246 339 468 370 traductorum
484 347 538 379 37,
553 347 604 380 59.

203 377 307 410 Vates
329 390 370 411 ex
389 380 496 411 alieno
516 391 622 412 errore
645 385 816 420 quaestum
832 382 877 413 fa-

244 420 366 452 cientes
388 429 439 460 25,
464 431 489 453 1.
520 426 610 454 vates
630 422 778 454 Graecus
793 424 876 455 Bac-

243 461 394 494 chanalia
416 464 451 494 in
477 464 643 496 Etruriam
669 465 794 496 invehit
824 474 877 507 39,

242 503 273 535 8.

200 544 384 578 Vaticanus
398 557 473 588 ager
491 558 541 587 10,
558 548 608 580 26.

199 586 346 619 Vaticini
367 589 441 620 libri
461 591 614 622 iubentur
632 592 675 622 ad
694 595 877 632 praetorem

242 630 358 662 deferri
376 640 427 671 25,
447 642 472 664 1.

199 670 349 704 Vecilius
364 683 457 705 mons
472 683 503 714 3,
520 683 570 714 50.

199 712 351 755 Vectigal
372 726 492 747 novum
516 721 675 748 statutum
695 728 735 749 ex
760 718 876 749 salaria

239 766 370 788 annona
387 767 438 799 29,
454 767 504 798 37.
529 760 665 800 vectigal
681 770 825 791 annuum
840 760 874 791 in

240 807 339 838 opera
354 800 487 839 publica
508 802 692 833 censoribus
707 803 874 833 decretum

239 849 294 879 40,
306 840 356 879 46.
382 842 518 882 vectigal
531 854 548 874 e
561 844 703 874 metallis
719 844 872 875 Macedo-

238 882 321 913 nicis
336 891 389 923 45,
405 884 441 914 18
452 889 485 915 et
499 894 547 927 29.
572 886 742 926 vectigalia
758 886 872 926 populi

239 924 338 956 Rom.
359 926 418 956 sub
441 931 523 958 nutu
546 928 740 967 arbitrioque
764 938 872 959 censo-

237 976 311 997 rum
333 967 423 999 fuere
447 980 478 1006 4,
501 970 531 1001 8.
562 970 732 1010 vectigalia
754 980 872 1010 magna

237 1018 279 1040 ex
294 1009 432 1041 ferrariis
448 1016 480 1041 et
496 1012 685 1052 argentariis
699 1013 733 1043 in
750 1012 871 1052 Hispa-

237 1050 293 1082 nia
306 1051 447 1084 instituit
462 1054 546 1085 Cato
563 1064 614 1094 34,
630 1064 678 1086 21.
702 1054 872 1094 vectigalia

236 1094 372 1125 summis
387 1095 499 1135 pretiis
510 1096 617 1127 locata
628 1105 680 1138 39,
693 1107 743 1134 44.
766 1096 872 1127 multa

236 1134 387 1167 instituta
402 1147 455 1176 40,
472 1146 522 1176 51.
548 1139 754 1178 vectigalium
769 1149 870 1169 annu-

237 1187 330 1209 orum
354 1179 525 1210 dimidium
549 1181 592 1211 ad
615 1191 714 1220 opera
737 1180 872 1220 publica

235 1218 386 1252 facienda
406 1222 590 1252 censoribus
609 1223 802 1253 attributum
818 1234 871 1260 44,

240 1259 289 1293 16.
342 1263 511 1303 vectigalia
554 1264 871 1304 Carthaginiensium

235 1304 377 1343 praedae
393 1315 431 1336 ac
441 1305 558 1337 divisui
574 1316 642 1336 esse
659 1305 870 1346 principibus,

236 1345 387 1385 prohibet
403 1347 573 1379 Hannibal
589 1357 642 1387 33,
657 1347 699 1387 46
715 1352 747 1379 et
763 1356 813 1387 47.

195 1386 361 1420 Vectones
389 1389 571 1421 funduntur
597 1394 629 1421 et
653 1390 806 1430 fugantur
830 1391 872 1421 ab

236 1430 286 1462 M.
300 1430 429 1469 Fulvio,
451 1436 598 1472 praetore
621 1440 672 1472 35,
695 1440 722 1471 7.
747 1433 867 1463 Vecto-

235 1482 315 1503 num
346 1484 482 1514 magnus
511 1474 672 1505 exercitus
701 1474 870 1506 Toletanis

235 1515 378 1546 subsidio
395 1516 482 1547 venit
500 1526 548 1548 22.

195 1555 351 1589 Veientes
366 1558 399 1589 in
416 1559 496 1590 fines
513 1560 681 1590 Romanos
696 1563 870 1590 excurrunt

240 1609 269 1638 1,
295 1608 342 1640 15.
372 1611 393 1631 a
416 1601 561 1632 Romulo
586 1601 769 1639 vincuntur,
791 1601 867 1632 ibid.

235 1642 302 1682 agri
325 1648 418 1682 parte
440 1644 587 1675 multatis
609 1644 641 1675 in
663 1648 795 1675 centum
815 1654 869 1674 an-

235 1694 295 1716 nos
309 1684 456 1717 indutiae
475 1687 582 1724 datae,
597 1686 674 1718 ibid.
699 1686 871 1717 vincuntur

234 1737 256 1758 a
267 1727 367 1758 Tullo
382 1737 430 1767 27.
448 1729 487 1760 cf.
499 1734 531 1760 et
544 1738 585 1768 30
595 1733 626 1759 et
637 1738 687 1767 42.
714 1729 869 1759 Veientes

235 1768 450 1810 Tarquinium
467 1771 579 1802 iuvant
593 1771 635 1802 ad
656 1771 867 1811 repetendum

234 1821 368 1853 regnum
386 1822 415 1851 2,
431 1812 461 1845 6.
484 1813 523 1844 iis
539 1813 716 1844 restituitur
727 1823 802 1852 ager
821 1823 867 1851 14.

236 1854 410 1886 Veientem
432 1866 557 1896 agrum,
572 1856 701 1887 foedere
721 1856 763 1886 ad
781 1855 866 1886 Iani-

235 1897 347 1928 culum
378 1897 443 1928 icto
475 1898 634 1929 Romanis
663 1898 868 1937 ademptum,

234 1939 375 1970 restituit
400 1940 566 1971 Porsenna
592 1948 638 1979 15.
669 1941 869 1980 populantur

235 1981 459 2012 Romanorum
475 1993 587 2022 agrum
605 1991 654 2021 43.
679 1982 870 2012 minitantur

234 2032 268 2054 se
289 2029 532 2063 oppugnaturos
554 2025 707 2061 Romam,
722 2024 799 2055 ibid.
825 2025 868 2054 la-

235 2071 364 2096 cessunt
395 2066 561 2097 Romanos
583 2067 624 2097 ad
652 2076 792 2106 pugnam
817 2077 866 2106 45.

235 2107 409 2138 vincuntur
431 2108 472 2147 46
488 2113 519 2139 et
537 2117 586 2148 47.
613 2109 732 2139 assidui
756 2108 869 2147 magis,

235 2159 333 2190 quam
348 2161 461 2190 graves
480 2151 588 2181 hostes
609 2153 659 2188 48.
693 2150 784 2181 Fabii
801 2161 867 2180 sus⁴

236 2191 362 2232 cipiunt
400 2193 522 2223 bellurn
568 2193 692 2232 privato
735 2198 867 2231 sumptu

235 2244 310 2265 cum
325 2235 529 2272 Veientibus,
542 2235 617 2265 ibid.
642 2235 797 2265 Veientes
810 2235 867 2265 Fa-

235 2276 361 2307 biorum
393 2277 528 2308 victores
558 2286 607 2315 50.
649 2277 820 2307 vincuntur
849 2287 869 2306 «ι

236 2318 396 2350 Romanis
416 2328 466 2357 51.
495 2320 601 2350 denuo
624 2318 782 2349 Romanis
804 2319 868 2349 bel-

237 2361 305 2391 lum
316 2361 457 2392 inferunt
470 2371 520 2399 53.
540 2362 702 2401 fugantur,
716 2360 790 2391 ibid.
812 2361 868 2391 im-

237 2407 368 2443 petrant
399 2403 541 2434 indutias
570 2402 784 2443 quadraginta
814 2413 868 2433 an-

237 2455 351 2476 norum
380 2454 430 2484 54.
461 2446 703 2486 depopulantur
724 2450 870 2475 extrema

236 2487 302 2527 agri
318 2488 458 2518 Romani
475 2500 505 2525 4,
526 2498 550 2519 1.
576 2489 698 2518 bellum
716 2491 870 2518 renovant

235 2530 388 2561 adversus
400 2531 578 2568 Romanos,
587 2529 764 2561 intersectis
772 2530 869 2560 etiam

236 2582 348 2604 eorum
370 2572 484 2610 legatis
511 2581 558 2612 17.
587 2573 757 2603 vincuntur
783 2573 818 2602 18
839 2576 871 2602 et

241 2623 288 2662 19.
314 2615 378 2646 vid.
395 2615 599 2647 Tolumnius.
625 2615 663 2645 iis
683 2615 806 2645 bellum
824 2613 869 2644 in-

237 2657 362 2688 dictum
390 2666 440 2696 30.
476 2657 679 2697 compellunt
705 2657 872 2688 Romanos

239 2698 272 2729 in
293 2703 396 2730 castra
413 2708 463 2738 3¹-
489 2699 660 2730 vincuntur
676 2708 725 2739 33.
753 2698 870 2729 Veien-

239 2741 326 2771 tibus
345 2740 491 2773 indutiae
511 2752 669 2772 annorum
693 2741 803 2781 viginti
820 2741 874 2771 da-

239 2787 293 2814 tae
309 2790 360 2821 35.
386 2782 506 2815 Veiens
520 2788 650 2815 senatus
669 2784 808 2824 superbe
829 2793 874 2813 re-

240 2825 379 2865 spondet
395 2825 403 2855 l
467 2826 509 2857 tis
526 2825 684 2858 Romanis
702 2826 751 2864 58.
777 2825 814 2856 iis
829 2825 875 2856 in-

241 2866 359 2898 dicitur
373 2866 427 2898 bel
445 2877 499 2899 um
520 2867 571 2900 60.
597 2867 753 2900 Veientes
768 2877 874 2907 regem

967 262 1078 290 creant
1105 266 1136 298 5,
1167 268 1193 290 1.
1223 259 1310 298 quod
1333 259 1535 300 improbatur
1557 259 1598 290 ab

967 300 1123 338 Etruscis,
1138 301 1180 332 ib.
1203 301 1322 340 septIes
1336 302 1534 333 rebellarunt
1549 312 1579 339 4.

923 341 999 372 Veii
1015 342 1134 373 obsessi
1153 353 1173 373 a
1193 342 1352 374 Romanis
1372 355 1403 381 4,
1418 343 1469 375 61.
1492 343 1596 374 hiber-

964 385 1082 414 nacula
1099 385 1140 414 ad
1161 383 1261 415 Veios
1277 392 1307 422 5,
1325 394 1352 416 2.
1376 395 1425 422 ea,
1439 395 1523 424 quae
1543 394 1595 425 ge-

963 428 1013 454 sta
1027 430 1101 456 sunt
1116 425 1150 456 in
1165 425 1330 457 obsidione
1347 427 1514 464 Veiorum,
1526 436 1597 457 nar-

963 471 1076 496 rantur
1087 477 1180 506 capp.
1198 475 1277 506 7-2
1285 477 1310 499 1.
1335 468 1410 499 Veii
1424 469 1597 508 capiuntur

963 517 984 537 a
1010 508 1164 545 Camillo,
1188 509 1344 540 dictatore
1369 519 1419 541 21.
1446 515 1519 550 post
1542 511 1596 540 de-

964 550 1133 581 cennalem
1170 550 1369 581 obsidionem
1405 561 1454 581 22.
1496 551 1597 582 Veios

962 591 1099 631 migrare
1125 592 1219 631 plebs
1248 592 1401 622 Romana
1426 592 1517 632 cupit
1545 602 1595 631 24.

961 632 1038 664 inde
1056 634 1182 671 turbae,
1197 633 1274 664 ibid.
1293 642 1344 672 25,
1362 643 1401 674 29
1417 638 1450 664 et
1465 643 1515 672 30.
1539 645 1595 665 an-

962 675 1108 715 tiquatur
1123 675 1177 706 lex
1192 676 1233 706 de
1249 675 1415 715 migrando
1429 676 1528 706 Veios
1544 686 1594 715 3ο.

963 717 1064 748 Veios
1096 717 1224 758 fugiunt
1257 717 1411 757 reliquiae
1441 718 1595 748 Alliensis

961 759 1077 799 proelii
1093 767 1145 799 37.
1166 759 1278 790 multis
1291 769 1329 790 eo
1345 759 1596 798 confluentibus,

961 801 998 831 fit
1013 801 1078 832 iam
1096 801 1202 832 valida
1217 811 1342 840 manus,
1360 811 1455 841 quae,
1469 812 1490 833 a.
1504 802 1596 833 Veiis

960 843 1117 883 profecta,
1133 843 1274 875 Camillo
1291 844 1385 882 duce,
1401 844 1519 884 repetit
1537 854 1593 884 pa-

959 885 1055 916 triam
1086 884 1127 924 46
1159 890 1191 917 et
1221 885 1271 924 48.
1310 896 1417 917 rursus
1446 891 1595 917 movetur

959 927 1044 958 actio
1059 927 1305 968 transmigrandi
1320 928 1420 958 Veios
1435 937 1476 969 49
1492 932 1525 959 et
1541 937 1592 967 50.

958 969 1146 1009 antiquatur
1161 980 1200 1000 ea
1215 970 1336 1010 rogatio
1353 978 1403 1009 55.
1423 970 1479 1009 qui
1493 970 1593 1001 Veios

957 1011 1094 1084 gerant,
1105 1016 1298 1043 revocantur
1312 1013 1593 1043 senatusconsulto

980 1076 990 1090 ‚
1007 1065 1037 1092 4·

916 1095 1120 1127 Veientanae
1136 1096 1275 1136 praedae
1287 1097 1449 1128 decimam
1465 1099 1591 1136 partem

959 1142 1054 1169 vovet
1090 1138 1238 1178 Apollini
1276 1139 1438 1170 Camillus
1475 1147 1506 1177 5,
1541 1148 1590 1170 21.

957 1190 1099 1219 quonam
1114 1181 1212 1211 modo
1233 1180 1290 1211 illa
1306 1181 1433 1212 decima
1451 1190 1527 1221 pars
1541 1190 1590 1212 so-

958 1222 1027 1253 luta
1042 1222 1140 1253 fuerit
1158 1232 1208 1261 23,
1226 1232 1263 1263 25
1281 1227 1313 1253 et
1331 1224 1379 1254 28.

915 1262 1091 1295 Veientani
1117 1265 1184 1305 agri
1211 1269 1346 1305 septena
1368 1265 1478 1305 iugera
1501 1264 1590 1305 plebi

957 1305 1060 1336 divisa
1075 1314 1105 1345 5,
1123 1315 1174 1345 30.

917 1347 1097 1378 Velabrum
1116 1356 1167 1387 27,
1183 1357 1234 1387 37.

916 1389 1114 1421 Velamenta
1146 1390 1334 1430 supplicum
1371 1399 1422 1431 25,
1450 1400 1500 1431 25.
1540 1401 1591 1433 29,

959 1431 1006 1464 16.
1032 1441 1083 1472 35,
1099 1441 1150 1471 34.
1174 1431 1227 1472 36,
1246 1442 1295 1464 20.

914 1473 1023 1512 Velia,
1038 1475 1124 1514 regio
1144 1474 1302 1506 altissima
1324 1474 1359 1506 in
1381 1476 1459 1506 urbe
1481 1475 1591 1507 Roma

966 1526 994 1554 2,
1014 1525 1040 1556 7.
1064 1517 1108 1547 ibi
1125 1516 1331 1547 inaedificare
1346 1517 1463 1557 incipit
1479 1517 1516 1550 P.
1528 1518 1594 1549 Va-

957 1558 1066 1597 lerius,
1081 1558 1124 1589 ib.
1150 1558 1266 1589 Veliae
1281 1559 1378 1590 aedes
1392 1559 1533 1599 subiicit,
1548 1560 1591 1592 ib.

915 1601 1023 1638 Velia,
1040 1602 1115 1631 urbs
1132 1600 1296 1631 Lucaniae
1314 1599 1364 1639 26,
1381 1610 1431 1642 39.

916 1643 1043 1674 Velites
1064 1647 1100 1673 ut
1119 1643 1153 1673 in
1175 1642 1354 1683 legionibus
1369 1647 1486 1682 essent,
1501 1643 1590 1675 insti-

957 1689 1065 1716 tutum
1087 1683 1139 1723 26,
1159 1696 1189 1723 4.
1217 1695 1327 1716 eorum
1352 1689 1517 1717 armatura
1537 1695 1589 1726 31,

957 1735 1006 1767 35.
1031 1728 1083 1766 38,
1101 1735 1150 1759 21.

915 1769 1074 1800 Veliterni
1097 1768 1254 1800 deficiunt
1275 1769 1306 1808 6,
1332 1779 1367 1810 13
1390 1774 1422 1801 et
1445 1780 1494 1802 21.
1522 1771 1589 1802 vin-

955 1815 1073 1843 cuntur
1094 1821 1143 1843 22.
1161 1811 1200 1842 cf.
1217 1815 1250 1842 et
1268 1821 1318 1853 29.
1341 1812 1505 1844 incursant
1521 1813 1589 1845 Ro-

954 1864 1123 1884 manorum
1161 1864 1272 1894 agrum
1305 1853 1346 1893 36
1398 1860 1590 1895 oppugnant

955 1896 1148 1933 Tusculum,
1168 1896 1245 1926 ibid.
1270 1896 1457 1927 obsidentur
1478 1908 1498 1928 a
1522 1898 1588 1928 Ro-

955 1939 1070 1976 manis,
1087 1938 1163 1969 ibid.
1177 1942 1208 1968 et
1222 1946 1274 1978 37,
1287 1939 1326 1977 38
1343 1943 1376 1969 et
1392 1949 1442 1977 42.
1461 1944 1589 1971 vastant

957 1981 1179 2012 Romanorum
1204 1990 1314 2020 agrum
1340 1988 1369 2019 7,
1388 1989 1434 2020 15.
1463 1991 1587 2013 rursum

955 2023 1111 2054 deficiunt
1135 2024 1166 2059 8,
1188 2032 1205 2061 3
1228 2027 1260 2053 et
1285 2033 1331 2054 12.
1355 2024 1388 2053 in
1413 2034 1479 2061 eos,
1501 2025 1588 2064 quod

956 2066 1051 2096 toties
1075 2065 1293 2102 rebellassent,
1321 2066 1459 2105 graviter
1488 2067 1587 2098 saevi-

956 2112 1025 2138 tum
1058 2117 1103 2146 ¹⁴·
1137 2107 1213 2138 iussi
1244 2112 1332 2138 trans
1357 2107 1501 2139 Tiberim
1533 2109 1587 2140 ha-

955 2150 1069 2185 bitare,
1085 2154 1120 2180 ut
1142 2150 1222 2187 eius,
1237 2149 1291 2189 qui
1314 2150 1359 2180 cis
1374 2150 1516 2181 Tiberim
1533 2152 1587 2182 de-

957 2192 1132 2231 prehensus
1161 2197 1255 2229 essct,
1286 2203 1386 2232 usque
1419 2193 1460 2224 ad
1496 2193 1586 2224 mille

957 2235 1063 2273 pondo
1080 2233 1245 2272 clarigatio
1261 2240 1355 2272 esset,
1370 2235 1448 2266 ibid.

915 2275 1103 2307 Veliternus
1117 2287 1193 2313 ager
1210 2286 1238 2314 2,
1255 2285 1306 2315 31.
1330 2285 1382 2315 30,
1398 2278 1449 2316 38.

917 2318 1062 2349 Velitrae
1083 2318 1115 2348 in
1135 2318 1262 2348 Volscis
1279 2329 1308 2356 2,
1325 2328 1375 2357 30.
1400 2329 1438 2350 eo
1460 2319 1587 2350 colonia

956 2370 976 2390 a
1004 2360 1162 2391 Romanis
1187 2361 1327 2391 deducta
1353 2370 1404 2399 3¹·
1437 2371 1589 2393 numerus

957 2402 1145 2432 colonorum
1162 2406 1277 2433 auctus
1293 2411 1344 2441 34.

916 2444 1057 2475 Venatio
1070 2445 1201 2475 leonum
1218 2448 1250 2475 et
1267 2445 1495 2484 pantherarum
1512 2446 1589 2477 data

960 2487 1086 2517 Romae
1109 2488 1150 2516 ab
1177 2487 1222 2517 M.
1242 2486 1358 2517 Fulvio
1383 2496 1435 2527 39,
1461 2497 1508 2520 22.
1539 2499 1587 2518 ve-

959 2529 1047 2560 natio
1073 2529 1177 2560 omnis
1200 2529 1324 2568 generis
1350 2539 1389 2559 ex
1417 2540 1472 2560 sue
1499 2539 1587 2560 mnn-

958 2576 1049 2602 sueto
1068 2580 1120 2611 35,
1141 2581 1189 2611 49.
1217 2570 1394 2601 venationis
1419 2577 1588 2610 praetextu

958 2619 1152 2654 occupatum
1174 2618 1205 2644 ct
1228 2613 1389 2653 proditum
1409 2613 1588 2644 Tarentum

960 2664 1011 2695 25,
1050 2680 1056 2687 .

917 2667 1097 2735 Veneti9cin,
1121 2698 1226 2737 deque
1250 2697 1288 2728 iis
1312 2697 1516 2737 quaestiones
1539 2707 1592 2739 39,

962 2741 993 2778 8,
1021 2742 1060 2779 38
1085 2745 1118 2770 et
1144 2749 1194 2778 41.
1223 2741 1435 2770 veneficorum
1463 2741 1503 2770 ud
1527 2741 1592 2771 duo

961 2782 1066 2813 millia
1082 2783 1248 2820 damnata,
1263 2783 1338 2813 ibid.
1363 2783 1402 2813 ef.
1419 2787 1450 2811 et
1467 2792 1519 2820 40,
1536 2790 1587 2821 37.

921 2825 1095 2856 Venenum
1127 2825 1246 2855 babent
1280 2835 1367 2863 reges
1398 2824 1439 2854 nd
1470 2824 1594 2855 ineerta

964 2868 1110 2898 fortunae
1139 2876 1189 2907 30,
1220 2875 1264 2905 15.
1299 2866 1411 2896 veneni
1440 2867 1592 2905 poculum
