1888 3194
324 153 403 193 196
859 150 1011 193 TITI
1050 150 1232 193 LIVII

118 252 161 283 U.
179 251 218 283 C.
241 243 523 292 585.‘navium
544 242 717 285 adversa
744 257 888 300 pugna
917 251 960 284 et
989 243 1197 299 egregiam
1231 243 1497 284 iuventutem
1519 242 1725 284 amisisse-

118 296 158 326 Α·
182 296 221 327 C·
246 294 462 351 ¹⁶7·‘muS,
493 317 547 343 ne
583 309 702 342 tanta
733 301 906 357 quidem
937 301 1055 342 clade
1091 301 1238 350 territi,
1270 301 1423 341 iterum
1459 301 1549 341 ausi
1583 315 1727 341 sumus

187 534 255 572 23.

333 360 496 416 ‘regiae
533 359 652 400 classi
688 374 741 400 ex
777 358 898 416 Syria
928 358 1116 400 venienti
1149 358 1314 400 obviam
1350 359 1422 399 ire.
1487 357 1607 399 Haec.
1639 373 1728 399 non

334 417 565 473 ‘gloriandi
595 432 719 459 causa
750 416 887 466 retuli,
920 416 1079 471 (neque
1111 416 1224 457 enim
1258 431 1305 456 ea
1342 431 1456 457 nunc
1492 423 1634 456 nostra
1665 423 1729 456 est

336 475 548 529 ‘fortuna)
569 475 642 516 sed
663 483 711 515 ut
739 474 1021 522 admonerem,
1045 473 1403 528 quemadmodum
1435 473 1631 514 adiuvare
1662 488 1729 514 so-

337 533 448 574 ‘cios
487 532 670 573 solerent
709 531 882 572 Rhodii.
946 530 1151 579 Praemia,
1189 529 1389 586 Philippo
1429 538 1472 571 et
1512 530 1729 571 Antiocho

337 590 548 639 ‘devictis,
577 589 831 645 amplissima
861 587 1097 642 accepimus
1128 602 1152 627 a
1182 587 1309 628 vobis.
1376 587 1432 637 Si,
1456 602 1564 642 quae
1592 596 1730 629 vestra

338 652 476 689 ‘nunc
509 656 571 688 est
601 648 768 687 fortuna
799 645 926 686 deum
958 644 1217 700 benignitate
1249 655 1292 685 et
1321 644 1474 685 virtute
1505 653 1652 694 vestra,
1679 660 1730 686 ea.

338 705 506 746 ‘Persei
526 704 683 752 fuisset,
706 712 748 743 et
768 702 953 758 praemia
982 702 1161 757 petitum
1193 701 1246 742 ad
1273 702 1473 743 victorem
1495 717 1638 757 regem
1657 717 1729 743 ve—

338 767 350 785 ‘
363 763 567 803 nissemus
583 762 628 801 in
646 759 956 808 Macedoniam,
973 759 1077 814 quid
1097 758 1267 800 tandem
1288 759 1552 800 diceremus?
1592 759 1729 801 Pecu-

339 824 351 842 ‘
363 820 517 860 ninane
535 833 559 858 a
575 818 695 858 nobis
712 817 915 866 adiutum,
935 831 988 857 an
1003 816 1246 857 frumento?
1271 816 1436 857 auxiliis
1454 817 1727 867 terrestribus,

339 881 416 917 ‘an
451 875 696 916 navalibus?
737 874 852 930 quod
887 873 1140 930 praesidium
1174 874 1357 915 tenuisse
1393 875 1499 915 nos?
1544 873 1617 914 ubi
1651 889 1730 930 pu-

338 938 350 956 ‘
362 949 509 989 gnasse
532 941 604 974 aut
625 933 701 973 sub
723 932 834 972 illins
855 931 1045 981 ducibus,
1068 940 1139 972 aut
1160 947 1236 988 per
1255 947 1332 973 nos
1352 931 1492 987 ipsos?
1535 930 1580 973 Si
1601 947 1731 987 quae-

339 996 484 1041 ‘1·eret,
508 990 579 1031 ubi
602 989 720 1031 miles
741 999 894 1038 noster,
917 989 989 1030 ubi
1020 989 1135 1030 navis
1166 990 1277 1030 intra
1305 989 1513 1045 praesidia
1537 1004 1611 1030 sua
1629 989 1732 1030 fuis-

338 1053 451 1098 ‘set3
494 1048 597 1104 quid
629 1047 1008 1103 responderemus?
1071 1046 1253 1088 Causam
1289 1047 1459 1088 fortasse
1496 1046 1731 1089 diceremus

339 1106 476 1163 ‘apud
505 1106 720 1154 victorem,
747 1104 1106 1160 quemadmodum
1136 1104 1250 1160 apud
1280 1120 1352 1145 vos
1379 1104 1569 1146 dicimus.
1633 1104 1731 1146 Hoc

339 1164 477 1205 ‘enim
499 1163 656 1219 legatos
677 1173 856 1218 utroque
879 1162 931 1203 de
959 1177 1062 1218 pace
1091 1161 1299 1203 mittendo
1330 1162 1544 1203 consecuti
1572 1177 1729 1212 sumus,

339 1226 350 1244 ‘
365 1230 410 1262 ut
430 1236 484 1262 ne
506 1222 557 1262 ab
579 1230 754 1275 utraque
781 1229 897 1276 parte
929 1220 1105 1276 gratiam
1126 1219 1347 1268 iniremus,
1382 1220 1433 1260 ab
1455 1219 1583 1260 altera
1603 1219 1763 1261 etiams

339 1279 523 1320 ‘crimen
564 1287 606 1319 et
646 1277 881 1334 periculum
921 1286 1039 1318 esset.
1117 1277 1375 1332 Quanquam
1415 1277 1593 1318 Perseus
1633 1293 1730 1318 vere

339 1337 576 1385 ⁶0¹.)iiceret,
599 1335 643 1376 id
664 1335 778 1391 quod
800 1350 872 1375 vos
903 1350 987 1375 non
1017 1334 1204 1390 potestiS,
1228 1334 1373 1375 Patres
1394 1334 1631 1390 conscripti,
1653 1350 1730 1376 nos

340 1394 570 1450 ‘principio
603 1393 703 1434 belli
738 1393 895 1433 misisse
930 1392 984 1433 ad
1014 1407 1085 1432 vos
1120 1392 1292 1448 legatOS,
1324 1392 1397 1447 qui
1432 1391 1732 1447 pollicerentur

340 1452 492 1500 ‘vobis,
516 1466 623 1507 quae
652 1450 706 1491 ad
733 1450 890 1491 bellum
923 1464 1027 1505 opus
1058 1459 1219 1497 essent3
1254 1449 1483 1499 navalibus,
1506 1449 1642 1499 armis,
1665 1450 1763 1495 iu-9

339 1515 536 1550 ‘ventute
570 1518 722 1557 nostra,
755 1508 862 1548 sicut
896 1507 1103 1563 prioribus
1139 1506 1270 1556 bellis,
1303 1507 1356 1547 ad
1392 1507 1533 1548 omnia
1563 1515 1730 1563 paratos

339 1567 461 1608 ‘fore.
526 1565 569 1606 N
573 1581 594 1607 e
620 1574 936 1622 praestaremus,
959 1580 1034 1620 per
1055 1579 1126 1605 vos
1157 1565 1284 1614 stetit,
1307 1565 1381 1620 qui
1402 1564 1455 1605 de
1477 1579 1730 1621 quacunque

340 1630 598 1665 ‘causatum
626 1622 834 1679 aspernati
864 1632 1003 1662 nostra
1032 1621 1187 1663 auxilia
1208 1622 1316 1663 estis.
1380 1621 1535 1678 Neque
1557 1621 1731 1664 fecimus

340 1682 491 1737 ‘igitur
507 1681 734 1736 quicquam
751 1689 952 1735 tanquam
972 1679 1125 1729 hostes,
1140 1695 1279 1735 neque
1300 1680 1507 1721 bonorum
1523 1680 1730 1722 sociorum

338 1739 575 1780 ‘defuimus
600 1738 758 1785 officio;
792 1738 866 1778 sed
897 1753 920 1778 a
947 1737 1064 1778 vobis
1094 1737 1296 1793 prohibiti
1325 1746 1534 1793 praestare
1561 1737 1728 1779 fuimus.

340 1802 351 1820 ‘
368 1796 487 1845 Quid
509 1796 665 1852 igitur?
697 1795 858 1836 nihilne
885 1795 1041 1836 factum
1069 1810 1209 1851 neque
1231 1795 1393 1836 dietum
1414 1804 1476 1836 est
1496 1795 1541 1836 in
1562 1795 1729 1837 civitate

339 1859 512 1904 ‘vestra,
552 1853 725 1902 Rhodii,
763 1853 878 1909 quod
916 1852 1095 1902 nolletis,
1133 1868 1217 1908 quo
1258 1852 1409 1894 merito
1447 1852 1732 1894 offenderetur

340 1911 544 1967 ‘populus
569 1911 815 1951 Romanus?
876 1909 960 1950 Hie
992 1910 1074 1950 iam
1106 1925 1204 1959 non,
1228 1910 1344 1965 quod
1373 1910 1530 1951 factum
1559 1918 1634 1960 est,
1656 1909 1730 1951 de-

340 1969 556 2009 ‘fensurus
577 1983 681 2016 sum,
705 1968 810 2017 (non
837 1967 943 2007 adeo
964 1966 1147 2022 insanio)
1168 1967 1242 2007 sed
1271 1966 1483 2023 publicam
1509 1982 1676 2008 causam
1706 1976 1732 2009 a

339 2026 619 2081 ‘privatorum
650 2024 774 2080 culpa
803 2034 1105 2079 segregaturus.
1169 2023 1302 2065 Nulla
1332 2024 1446 2065 enim
1478 2032 1541 2066 est
1570 2025 1728 2074 civitas,

340 2089 472 2138 ‘quae
495 2097 579 2123 non
608 2092 650 2122 et
677 2081 888 2137 improbos
908 2081 1018 2122 cives
1039 2081 1278 2137 aliquando,
1300 2090 1343 2123 et
1363 2082 1600 2138 imperitam
1621 2082 1731 2123 mul-

340 2140 589 2181 ‘titudinem
616 2154 781 2195 semper
810 2139 972 2179 habeat.
1036 2138 1177 2179 Etiam
1199 2139 1312 2195 apud
1332 2154 1404 2180 vos
1424 2139 1550 2180 fuisse
1573 2140 1728 2190 audivi,

339 2203 351 2221 ‘
365 2198 438 2253 qui
460 2196 709 2238 assentando
730 2195 991 2237 multitudini
1019 2205 1324 2252 grassarentur:
1358 2205 1401 2237 et
1420 2197 1634 2239 secessisse
1655 2197 1730 2238 ali-

339 2255 535 2310 ‘quando
565 2270 589 2295 a
610 2255 725 2295 vobis
752 2253 931 2309 plebem,
955 2269 1032 2294 nee
1053 2254 1097 2294 in
1118 2262 1323 2309 potestate
1346 2264 1481 2295 vestra
1500 2254 1730 2311 rempubli-

339 2319 454 2353 ‘cam
475 2312 612 2353 fuisse.
678 2311 721 2353 Si
743 2311 822 2352 hoe
845 2312 887 2351 in
916 2311 995 2352 hae
1018 2321 1100 2352 tam
1123 2313 1231 2352 bene
1253 2320 1413 2353 morata
1433 2312 1599 2353 civitate
1620 2313 1729 2354 aeci-

339 2370 462 2411 ‘dere
489 2370 640 2426 potuit,
670 2369 809 2409 mirari
839 2369 1059 2425 quisquam
1091 2379 1240 2425 potest,
1271 2369 1431 2425 aliquos
1461 2369 1586 2411 fuisse
1615 2371 1729 2426 apud

338 2434 349 2451 ‘
364 2443 451 2476 nos,
474 2428 559 2482 qui,
583 2427 689 2482 regis
717 2426 943 2467 amicitiam
974 2436 1177 2482 petentes,
1200 2427 1364 2483 plebem
1388 2436 1570 2468 nostram
1592 2428 1728 2468 consi-

338 2484 427 2524 ‘liis
458 2484 763 2539 depravarent?
796 2484 869 2539 qui
902 2494 1041 2525 tamen
1070 2484 1176 2524 nihil
1206 2484 1315 2525 ultra
1344 2484 1577 2534 valuerunt,
1600 2500 1727 2541 quam

337 2548 348 2565 ‘
362 2551 408 2581 ut
429 2542 472 2581 in
494 2542 629 2582 officio
652 2556 916 2582 cessaremus.
981 2541 1083 2581 Non
1104 2542 1251 2596 utique
1274 2541 1510 2597 praeteribo
1531 2541 1588 2592 id,
1611 2542 1727 2598 quod

335 2599 646 2654 ‘gravissimum
683 2607 745 2638 est
781 2598 822 2638 in
865 2598 945 2639 hoc
986 2598 1096 2639 bello
1133 2599 1291 2639 crimen
1329 2599 1508 2640 civitatis
1547 2610 1723 2641 nostrae.

375 2701 394 2729 8
422 2701 464 2731 L't
490 2710 528 2730 ne
552 2700 591 2728 ab
616 2703 754 2738 utraque
775 2698 887 2737 parte]
925 2697 1005 2727 Gro-
1095 2707 1114 2738 9
1145 2699 1341 2735 Λίιυαῖίἶιηε,
1378 2700 1493 2737 armis]
1541 2699 1726 2730 Gronovius

331 2742 445 2773 novius
465 2746 501 2771 vt
524 2742 562 2771 ab
583 2746 700 2771 neutra
717 2745 813 2779 parte
833 2741 1005 2777 legendum
1051 2742 1189 2769 naribus
1209 2750 1266 2779 pro
1287 2742 1457 2771 navalibus
1472 2741 1611 2780 reponit,
1627 2752 1725 2781 quem

331 2790 451 2822 censet,
488 2788 523 2814 ut
561 2784 685 2822 legatus
723 2782 872 2812 Rhodius
909 2782 1006 2818 dicat,
1051 2787 1179 2812 secutus
1200 2786 1249 2812 est
1267 2782 1407 2814 Bekker.
1454 2784 1539 2814 Fieri
1561 2788 1668 2823 potest
1689 2789 1724 2815 ut

331 2828 416 2859 cives
436 2836 510 2858 suos
531 2836 636 2865 neque
653 2835 671 2855 a
688 2824 848 2855 Romanis
866 2835 971 2864 neque
986 2835 1005 2854 a
1049 2825 1184 2854 navalia
1212 2825 1428 2862 Rhodiorum,
1454 2825 1485 2855 in
1515 2826 1631 2865 quibus
1658 2827 1724 2858 Ro-

331 2871 449 2901 Perseo
475 2869 609 2908 gratiam
635 2867 739 2898 inisse.
783 2868 836 2898 Ne
863 2868 902 2898 ab
929 2872 1004 2898 utra
1049 2876 1166 2897 manae
1190 2877 1288 2898 naves
1312 2869 1529 2906 reficerentur,
1553 2868 1607 2900 hic
1630 2869 1724 2900 intel-

330 2914 453 2954 quidem
467 2917 564 2952 parte
582 2910 722 2942 Bekker.
740 2910 891 2948 reposuit.
1050 2909 1198 2948 ligantur.
