1888 3194
939 198 1231 237 INDEX.

438 285 553 316 resque
582 275 646 307 duo
675 273 794 307 tribuni
824 275 926 315 plebis
955 284 987 314 3,
1013 274 1063 314 65.

441 318 589 358 patricios
603 319 686 349 inter
701 322 732 349 et
749 318 892 358 plebeios
903 322 1065 349 certamen

442 361 482 392 de
498 362 678 392 sacerdotiis
698 372 745 400 10,
757 360 777 392 6
793 364 824 392 et
836 371 905 401 sqq.
921 361 959 392 cf.
971 365 1002 392 et
1016 367 1066 400 27,

442 405 471 435 8.
496 404 537 435 de
552 404 756 444 patriciorum
772 404 921 444 superbia
942 407 974 434 et
996 403 1065 434 libi-

442 447 516 477 dine
539 448 686 486 querelae
705 458 735 486 4,
752 455 842 487 3-5,
867 446 897 485 6,
915 446 953 486 36
969 450 1001 477 et
1018 453 1066 485 37.

441 490 568 529 patricii
590 490 622 520 in
643 500 715 521 arce
730 493 785 521 aut
801 489 964 530 Capitolio
979 489 1067 519 habi-

440 535 508 563 tare
527 532 616 563 vetiti
633 531 664 570 6,
681 543 728 564 20.
760 532 883 572 patricii
907 532 1068 571 magistra-

440 578 493 605 tus
515 585 565 614 41.
597 575 749 615 patriciae
771 575 948 606 Pudicitiae
971 575 1068 605 sacel-

442 618 509 648 lum
530 628 577 655 ῐο,
594 627 643 657 23.

399 658 532 690 Patrimi
550 664 581 690 et
597 660 736 690 matrimi
752 661 793 690 ad
809 659 997 690 sacrificium
1013 659 1067 689 ad-

442 703 533 733 hibiti
551 710 600 742 37,
616 712 644 741 3.

399 744 562 775 Patrocles
606 744 842 784 Antigonensis,

442 788 547 818 Persei
563 797 614 827 42,
632 788 680 826 58.

400 829 587 869 Paupertati
614 830 714 860 honos
736 830 865 861 habitus
886 829 918 860 in
941 829 1069 860 civitate

442 873 601 903 Romana.
630 873 731 905 Praef.
756 873 817 904 vid.
841 877 873 904 et
898 882 926 911 2,
949 872 996 911 16,
1018 881 1068 912 33.

442 925 473 953 3,
491 915 529 946 26
546 919 577 946 et
596 922 644 955 27.

403 958 588 997 Pausanias,
622 962 749 999 praetor
779 959 987 1000 Epirotarum
1018 967 1069 998 32,

447 1011 493 1032 10.

400 1043 585 1080 Pausanias,
602 1045 668 1075 dux
685 1044 898 1075 Pheraeorum
918 1042 969 1083 36,
985 1053 1014 1085 9.

400 1087 625 1124 Pausistratus,
648 1091 776 1127 praetor
799 1087 1000 1118 Rhodiorum
1018 1095 1069 1126 33,

446 1131 493 1161 18.
516 1130 696 1169 praefectus
712 1131 819 1161 classis
835 1129 886 1169 36,
901 1137 952 1168 45.
977 1136 1027 1169 37,
1039 1139 1068 1171 9.

442 1173 633 1213 opprimitur
653 1184 672 1204 a
689 1173 899 1214 Polyxenida,
916 1172 1068 1203 Antiochi

442 1217 602 1256 praefecto
619 1223 670 1255 37,
691 1226 738 1254 10,
758 1226 791 1247 11
812 1220 843 1247 et
863 1226 909 1247 12.

398 1259 512 1290 Pavori
530 1262 623 1290 vovet
645 1260 756 1290 fanum
773 1259 890 1291 Tullus
906 1257 1069 1289 Hostilius

445 1312 472 1340 1,
489 1309 537 1341 27.

399 1346 467 1376 Pax
489 1345 636 1375 Caudina
657 1354 688 1386 9,
704 1352 721 1383 5
740 1348 771 1375 et
787 1343 816 1376 6.
851 1343 940 1384 pacis
962 1342 1069 1374 condi-

440 1388 543 1418 tiones
573 1398 645 1417 cum
678 1387 793 1418 Poenis
819 1396 870 1426 30,
899 1394 936 1426 37
961 1390 993 1417 et
1016 1395 1066 1425 43.

441 1441 513 1461 cum
535 1430 687 1470 Philippo
705 1441 755 1472 29,
774 1440 820 1461 12.
845 1439 896 1469 33,
914 1439 963 1468 30.
994 1440 1067 1459 cuin

441 1473 565 1504 Aetolis
577 1474 628 1512 38,
638 1483 667 1514 9.
692 1484 765 1503 cum
779 1472 939 1503 Antiocho
953 1473 1004 1511 38,
1018 1472 1067 1511 38.

441 1526 553 1555 pacem
582 1519 707 1555 petunt,
727 1515 781 1554 qui
806 1518 896 1546 erant
922 1514 954 1544 in
976 1515 1068 1544 indu-

440 1558 492 1589 tiis
511 1566 538 1598 7,
551 1560 601 1597 38.
625 1569 688 1598 pax
710 1558 918 1589 servientibus
933 1557 1066 1597 gravior,

440 1611 538 1640 quam
555 1601 661 1632 liberis
677 1602 799 1632 bellum
819 1610 866 1638 10,
887 1599 933 1632 16.

399 1644 518 1675 Pecora
533 1644 671 1684 pecunia
686 1647 759 1674 sunt
775 1643 937 1683 Massyliis
953 1652 1003 1683 29,
1016 1651 1065 1681 31.

439 1697 556 1726 pecora
570 1687 714 1717 hostibus
726 1687 851 1717 obiecta
866 1696 923 1726 per
937 1685 1067 1716 insidias

440 1739 470 1768 2,
486 1738 543 1778 50„
561 1730 611 1767 28,
627 1739 677 1769 33·
758 1771 764 1778 ,

399 1773 545 1803 Pecuarn
561 1774 766 1803 condemnati
786 1782 834 1810 10,
852 1781 890 1811 23
907 1775 939 1803 et
954 1778 1004 1811 47.
1035 1774 1067 1802 et

439 1826 478 1846 ex
494 1815 675 1846 multaticia
691 1815 828 1855 pecunia
849 1816 944 1845 aedes
965 1815 998 1844 111
1020 1814 1066 1844 111-

439 1859 509 1889 sula
527 1859 631 1889 Fauni
654 1859 740 1888 facta
756 1867 807 1897 33,
823 1867 873 1896 42.
904 1861 935 1888 et
952 1858 1068 1897 clypea

439 1901 585 1932 inaurata
604 1901 637 1931 in
657 1900 782 1941 fastigio
804 1900 892 1931 aedis
908 1900 995 1932 Iovis
1010 1910 1066 1940 po-

438 1944 498 1974 sita
514 1953 530 1983 3
535 1952 565 1982 5,
586 1954 632 1975 10.

396 1987 538 2017 Pecunia
567 1987 691 2026 privata
721 1987 954 2024 conducuntur,
984 1996 1066 2025 quae

437 2030 478 2060 ad
505 2030 680 2060 exercitum
708 2029 959 2069 Hispaniensem
986 2039 1067 2069 opus

438 2076 511 2103 sunt
529 2083 578 2112 23,
596 2083 644 2114 49.
669 2072 806 2112 pecunia
820 2072 1012 2109 multaticia,
1025 2082 1065 2102 ex

438 2126 501 2154 qua
526 2116 612 2145 facta
637 2116 731 2146 aedes
755 2115 919 2145 Victoriae
944 2125 991 2153 10,
1014 2124 1064 2154 33.

437 2158 609 2189 Libertatis
625 2168 674 2196 24,
691 2157 738 2188 16.
763 2157 866 2188 Fauni
881 2167 932 2197 33,
943 2168 993 2196 42.
1013 2167 1063 2196 34,

438 2210 486 2240 53.
512 2211 551 2231 cx
567 2211 630 2240 qua
645 2201 721 2231 facti
738 2201 806 2231 ludi
826 2210 874 2237 10,
892 2210 939 2240 23.
967 2211 1063 2239 pecu-

436 2244 508 2273 niae
537 2254 556 2274 a
586 2244 729 2283 privatis,
758 2244 798 2273 ad
833 2243 1062 2273 sublevandam

436 2286 548 2316 aerarii
584 2286 738 2325 inopiam,
767 2286 904 2315 collatae
935 2295 986 2324 24,
1015 2285 1061 2316 18.

437 2327 488 2365 26,
505 2327 555 2366 36.
580 2329 619 2358 de
636 2327 773 2367 pecunia
787 2328 908 2357 incerta
923 2327 991 2357 ludi
1008 2337 1060 2357 vo-

436 2370 460 2399 ti
475 2379 524 2409 31,
537 2380 566 2410 9.
590 2370 745 2409 pecuniae
760 2370 793 2400 in
807 2369 963 2400 aerarium
976 2370 1061 2400 latae

438 2412 488 2449 28,
504 2422 522 2453 9
539 2416 570 2442 et
586 2413 637 2451 38,
650 2416 681 2442 et
697 2412 813 2452 passim
830 2412 862 2441 in
878 2412 1059 2451 triumphis.

436 2455 605 2494 pecuniam
629 2465 668 2485 ex
690 2454 809 2485 aerario
825 2454 945 2486 scribae
960 2455 1059 2485 viato-

435 2507 547 2537 resque
576 2497 711 2528 aedilitii
741 2497 823 2527 clam
850 2501 981 2536 egerunt
1009 2507 1059 2537 30,

436 2549 486 2582 39.
512 2550 568 2579 per
582 2540 720 2570 indicem
737 2540 891 2580 comperti
907 2541 1058 2571 damnan-

435 2586 498 2621 tur,
510 2583 586 2613 ibid.

393 2627 495 2657 Pecus
510 2626 616 2665 quale,
633 2636 686 2656 ver
700 2635 823 2656 sacrum
836 2629 849 2657 P
874 2635 924 2664 34,
941 2637 991 2665 44.

393 2670 432 2701 T.
446 2668 616 2705 Pedanius,
638 2668 786 2708 princeps
808 2669 928 2708 primus
950 2673 1057 2700 centu-

434 2711 491 2749 rio,
503 2711 649 2750 signifero
666 2711 788 2751 signum
803 2711 927 2748 adimit,
939 2711 971 2741 in
987 2712 1057 2742 hos-

432 2758 480 2785 tes
500 2754 586 2791 111011,
602 2757 634 2784 et
654 2754 687 2784 in
705 2757 807 2784 castra
824 2754 1002 2785 Poenorum
1018 2755 1056 2785 ir-

432 2796 552 2836 rumpit
569 2804 619 2835 25‚
638 2807 685 2836 14.

391 2840 526 2877 Pedasa,
540 2840 614 2869 urbs
628 2839 724 2870 Asiae
740 2848 756 2878 3
761 2848 791 2878 3,
808 2849 856 2878 30.

390 2883 519 2914 Pedites
534 2886 623 2913 extra
638 2882 781 2913 ordinem
798 2882 965 2922 conscripti
983 2891 1012 2921 5,
1027 2890 1053 2923 7.

431 2925 576 2966 peditum
607 2925 711 2965 quinis
746 2924 888 2957 millibus
918 2925 1054 2966 scriptae

887 744 1067 784 praefectus

1151 278 1302 314 quattuor
1330 275 1470 315 legiones
1495 275 1527 314 8,
1551 276 1580 307 8.
1618 275 1779 316 peditibus

1151 328 1225 348 aera
1240 318 1413 349 constituta
1427 330 1458 358 4,
1476 325 1525 359 59.
1556 318 1588 348 in
1608 318 1780 359 triumphis

1151 361 1287 391 dabatur
1322 362 1362 391 ab
1403 361 1647 401 imperatoribus
1683 361 1780 392 triens

1151 403 1230 441 eius,
1260 404 1345 443 quod
1381 404 1583 435 dividebatur
1620 403 1781 444 equitibus

1155 454 1206 484 34,
1223 445 1264 485 46
1280 450 1312 477 et
1329 454 1377 485 52-

1112 487 1248 527 Pedum,
1273 489 1381 529 oppid.
1411 499 1440 527 2,
1465 499 1514 531 39.
1545 496 1574 529 7,
1599 499 1645 520 12.
1671 490 1702 527 8,
1728 498 1779 520 12.

1155 531 1280 570 capitur
1291 542 1310 562 a
1321 532 1491 563 Coriolano
1505 543 1534 570 2,
1545 542 1594 573 39.
1616 542 1780 572 oppugna-

1153 576 1206 603 tur
1221 578 1253 604 et
1269 574 1393 613 capitur
1407 576 1447 605 ab
1464 575 1501 606 L.
1515 575 1612 606 Furio
1628 575 1781 613 Camillo,

1155 617 1285 646 consule
1301 618 1331 653 8,
1352 626 1398 655 13.

1113 657 1250 688 Pedanis
1266 658 1376 689 civitas
1391 660 1485 690 datur
1500 660 1531 697 8,
1551 669 1597 698 14.

1111 700 1286 740 Pelagonia
1314 700 1364 740 26,
1390 710 1438 741 25.
1464 711 1515 741 31,
1538 703 1575 732 28
1601 705 1632 732 et
1655 711 1705 744 39.
1728 709 1781 742 45,

1155 753 1203 784 29.

1112 785 1300 826 Pelagones,
1317 787 1430 826 populi
1447 794 1498 825 45,
1515 796 1564 826 30.

1115 829 1249 868 Peligni,
1270 830 1382 869 populi
1405 830 1434 867 8,
1456 829 1475 861 6
1496 834 1528 860 et
1549 839 1597 871 29.
1628 829 1783 861 deficiunt

1156 881 1186 913 9,
1199 881 1250 911 41.
1276 873 1455 910 vincuntur,
1467 873 1542 903 ibid.
1566 876 1715 911 oratores,
1727 883 1783 913 pa-

1157 925 1225 945 cem
1247 919 1403 954 petentes,
1419 915 1560 946 Romam
1582 915 1715 946 mittunt
1730 923 1782 955 45.

1156 957 1194 987 iis
1212 958 1324 988 foedus
1344 959 1447 996 datur,
1464 958 1539 989 ibid.
1572 959 1710 989 caedunt
1730 968 1782 998 ag—

1155 1010 1230 1030 men
1245 1001 1436 1040 fugientium
1454 1000 1648 1032 Samnitium
1667 1011 1715 1039 10,
1731 1010 1781 1040 30.

1155 1043 1362 1074 devastantur
1390 1045 1431 1074 ab
1459 1043 1646 1074 Hannibale
1675 1053 1726 1083 22,
1751 1053 1782 1085 9.

1154 1086 1250 1116 11111111
1281 1086 1449 1117 voluntarii
1480 1087 1558 1117 dant
1586 1086 1717 1117 nomina
1748 1087 1782 1118 in

1155 1129 1288 1160 classem
1306 1129 1464 1169 Scipionis
1480 1130 1531 1168 28,
1547 1137 1596 1168 45.

1113 1171 1246 1211 Peligna
1262 1172 1373 1202 cohors
1389 1180 1440 1211 25,
1456 1182 1502 1211 14.
1522 1183 1574 1212 44,
1587 1182 1637 1211 40.
1660 1174 1782 1213 pugnat

1155 1215 1319 1253 acerrime,
1334 1215 1410 1246 ibid.

1113 1256 1282 1296 Pelignum
1299 1258 1420 1288 bellum
1440 1264 1467 1297 7,
1484 1259 1534 1297 38.

1113 1299 1240 1330 Pelium
1255 1301 1365 1331 urbem
1382 1301 1412 1331 vi
1428 1301 1561 1341 capiunt
1573 1300 1714 1331 Romani
1730 1309 1782 1340 31,

1155 1352 1205 1380 40.

1112 1385 1213 1423 Pella,
1229 1387 1303 1416 urbs
1321 1384 1371 1423 26,
1389 1393 1437 1425 25.
1459 1395 1510 1424 42,
1526 1385 1576 1425 67.
1608 1385 1718 1417 Pellae
1733 1385 1782 1416 hi-

1154 1428 1265 1458 bernat
1285 1428 1465 1468 Philippus,
1480 1429 1555 1460 ibid.
1576 1429 1615 1459 cf.
1632 1432 1665 1459 et
1681 1437 1732 1469 37,
1754 1436 1782 1469 7.

1154 1469 1197 1501 ibi
1214 1474 1304 1502 vetus
1325 1471 1542 1501 Macedonum
1563 1471 1647 1511 regia
1662 1481 1714 1510 42,
1730 1481 1784 1510 41,

1154 1521 1205 1552 51.
1229 1523 1281 1553 43,
1297 1523 1347 1552 43.
1374 1514 1492 1544 ibidem
1508 1515 1692 1545 servabatur
1705 1524 1783 1554 gaza

1152 1566 1261 1596 regum
1279 1552 1559 1596 Macedoniae'44‚
1577 1567 1624 1588 10.
1655 1557 1783 1588 deditur

1153 1599 1293 1630 Aemilio
1317 1600 1433 1631 Paullo
1449 1610 1511 1631 cos.
1528 1609 1578 1640 45.
1609 1600 1720 1631 Pellae
1740 1599 1781 1631 si-

1152 1645 1204 1672 tus
1220 1641 1270 1681 46.

1112 1683 1244 1716 Pellene
1261 1695 1313 1725 33,
1332 1693 1379 1724 15.

1111 1728 1310 1759 Pellenensis
1329 1739 1402 1768 ager
1418 1738 1469 1768 33,
1488 1738 1536 1767 14,
1556 1736 1603 1768 15.
1637 1739 1711 1760 eum
1727 1729 1781 1760 de-

1153 1772 1351 1811 populantur
1368 1772 1510 1811 Philippi
1528 1772 1650 1812 copiae,
1666 1771 1742 1803 ibid.

1111 1813 1218 1844 Pelles
1233 1815 1392 1846 detractas
1414 1815 1511 1845 scutis
1531 1815 1703 1845 comedunt
1719 1815 1781 1846 Ca-

1153 1856 1247 1888 silini.
1264 1856 1477 1889 vid.Casilini.
1501 1859 1559 1888 sub
1572 1857 1711 1897 pellibus
1722 1858 1780 1888 du-

1152 1903 1223 1930 rant
1239 1901 1279 1930 ad
1297 1900 1397 1931 Veios
1412 1901 1508 1932 Rom.
1524 1900 1643 1931 milites
1659 1907 1689 1939 5,
1707 1910 1734 1932 2.

1110 1941 1312 1974 Pellinaeum
1338 1947 1475 1983 occupat
1498 1943 1707 1983 Amynander
1728 1941 1780 1986 36,

1156 1995 1201 2017 ῐο.
1226 1986 1378 2026 recipitur
1392 1997 1411 2017 a
1429 1986 1584 2017 Romanis
1603 1995 1652 2024 14.

1110 2027 1219 2058 Pelliti
1235 2029 1326 2059 Sardi
1344 2038 1394 2068 23,
1410 2039 1460 2067 40.

1110 2071 1351 2111 Peloponnesus
1370 2081 1397 2109 1,
1412 2080 1438 2112 7.
1459 2081 1509 2110 31,
1527 2078 1553 2111 7.
1578 2071 1778 2110 Peloponne-

1151 2124 1203 2144 sus
1225 2115 1396 2154 peninsula
1415 2118 1462 2144 est
1478 2123 1529 2153 32,
1546 2123 1594 2145 21.
1625 2113 1778 2144 testudini

1149 2157 1346 2187 assimilatur
1361 2155 1412 2194 36,
1428 2166 1478 2195 32.

1108 2198 1237 2239 Pelops,
1270 2198 1598 2230 Lacedaemoniorum
1634 2209 1691 2231 rex
1726 2209 1777 2240 34,

1151 2250 1198 2277 32.

1107 2283 1200 2314 Pelta
1215 2284 1302 2314 haud
1318 2283 1479 2315 dissimilis
1495 2287 1599 2315 cetrae
1617 2284 1667 2323 28,
1683 2292 1711 2324 5.

1106 2326 1267 2357 Peltastae
1284 2327 1335 2364 28,
1352 2335 1380 2366 5.
1411 2327 1521 2366 iidem,
1537 2327 1591 2366 qui
1613 2332 1645 2358 et
1664 2327 1775 2359 cetrati

1146 2378 1197 2407 31,
1214 2368 1263 2408 36·
1289 2378 1339 2408 33,
1356 2381 1384 2408 4·

1105 2411 1211 2443 Pelvis
1225 2423 1321 2443 aurea
1335 2412 1431 2447 facta.
1448 2412 1578 2453 lataque
1593 2413 1626 2444 in
1642 2413 1774 2444 Aventi-

1145 2465 1235 2494 num,
1262 2455 1379 2486 Iunoni
1407 2455 1551 2495 Reginae
1576 2456 1696 2486 donum
1722 2463 1774 2496 27,

1145 2504 1195 2537 37·

1103 2540 1268 2571 Pelusium
1285 2551 1336 2579 44,
1356 2550 1402 2582 19.
1426 2548 1478 2580 45,
1497 2550 1532 2571 11
1550 2544 1582 2571 et
1602 2550 1648 2572 12.

1104 2583 1306 2614 Pelusiacum
1325 2584 1395 2614 Nili
1411 2584 1526 2614 ostium
1544 2591 1596 2622 45,
1615 2593 1664 2613 11.

1102 2626 1274 2657 Penatium
1291 2627 1434 2657 Deorum
1452 2627 1546 2656 aedes
1561 2626 1595 2656 in
1608 2624 1704 2657 Velia
1719 2633 1771 2666 45,

1148 2668 1194 2701 16.

1102 2713 1256 2743 Penestae
1273 2711 1377 2751 Illyrii
1392 2720 1445 2750 43,
1461 2721 1511 2749 22,
1528 2720 1564 2750 23
1583 2714 1615 2742 et
1632 2719 1681 2752 25.
1704 2713 1771 2743 bel-

1143 2755 1277 2785 licosum
1293 2764 1392 2793 genus
1407 2765 1458 2792 44,
1478 2764 1490 2784 1
1500 2764 1526 2785 1.

1100 2797 1259 2834 Penestia,
1277 2797 1399 2836 Illyrici
1414 2796 1499 2836 regio
1516 2806 1568 2836 43,
1584 2806 1634 2829 21.

1099 2840 1290 2872 Penestiana
1305 2843 1389 2870 terra
1405 2848 1456 2878 43,
1473 2849 1521 2871 20.

1100 2883 1268 2916 Penetrale
1289 2878 1378 2913 aedis
1399 2882 1519 2913 Vestae
1536 2881 1585 2921 26,
1603 2889 1653 2922 27.
1683 2883 1769 2915 urbis

1140 2925 1261 2967 Cyzici,
1277 2925 1342 2956 sive
1359 2925 1555 2966 Prytaneum
1571 2935 1622 2965 41,
1640 2933 1689 2966 25.
