1888 3194
374 186 455 225 366
869 186 1280 229 PRAEFATIO

373 303 499 344 tionis
527 303 763 358 particulae
795 313 893 346 sunt
925 307 1120 356 omissae,
1143 321 1253 361 quae
1285 306 1328 347 in
1359 307 1514 348 ceteris
1542 306 1764 350 codicibus

371 385 456 412 non
492 372 807 414 desiderantur.
870 373 1039 415 Harum
1075 389 1247 429 quoque
1289 373 1539 416 lacunarum
1581 376 1765 418 indicem

371 438 631 494 subiungere
663 439 836 494 placuit.
901 440 998 482 Lib.
1033 441 1213 482 XXXI.
1248 441 1354 496 Cap.
1388 442 1427 482 2.
1461 442 1506 482 in
1521 442 1621 497 fide
1649 458 1766 484 man-

369 505 509 547 sisset.
527 531 584 535 —
600 506 706 561 Cap.
731 508 769 547 7.
793 522 916 548 arma
936 521 1113 549 esse.·-—
1127 507 1234 562 Cap.
1259 509 1327 549 24.
1351 509 1395 549 in
1416 510 1570 550 hostes.
1586 510 1763 565 -Cap.

369 573 438 613 31.
481 589 508 614 a
543 575 870 628 nobis.—Cap.
909 575 978 615 33.
1019 577 1162 616 hostes
1203 577 1762 631 appropinquare.———Lib.

370 639 573 682 XXXII.
608 641 714 695 Cap.
749 642 812 681 ll.
852 640 1068 686 Quattuor
1098 642 1428 698 milia—Cap.
1469 646 1531 685 15.
1569 645 1706 700 legati
1735 661 1764 687 a

368 707 609 763 Bletropoli
648 714 691 748 et
725 723 752 748 a
785 707 920 748 Piera
956 709 1154 749 dedentes
1189 710 1315 750 urbes
1354 718 1565 752 venerunt.
1635 713 1766 754 Venia

368 774 520 815 iisdem
533 774 781 829 petentibus
803 775 943 815 datur.
993 775 1216 816 Phaloria.
1234 800 1292 804 -—
1310 776 1416 830 Cap.
1445 778 1508 818 17.
1534 779 1606 818 Ad
1623 780 1703 820 hoc
1723 787 1764 821 et

366 842 475 881 muri
492 856 601 896 pars
621 842 761 882 adhue
783 842 956 897 integra
977 848 1159 897 utraque
1181 849 1274 884 tuta
1290 845 1563 898 praestabat.
1580 869 1638 874 —
1654 846 1760 901 Cap.

366 910 435 950 21.
466 915 542 950 aut
571 909 626 959 vi,
658 915 734 950 aut
760 916 885 950 metu.
902 934 959 938 —-
976 910 1081 964 Cap.
1106 912 1174 952 26.
1208 925 1265 951 ex
1290 912 1668 967 praeda—Cap.
1691 914 1760 955 34.

365 984 442 1018 aut
476 977 723 1019 melioribus
753 979 1077 1034 parendum.——-
1091 978 1191 1019 Lib.
1223 978 1450 1020 XXXIII.
1484 979 1591 1034 Cap.
1624 981 1687 1022 18.
1720 987 1763 1022 et

364 1046 785 1088 Nisuetae.—Ibid.
816 1048 970 1087 dextro
1003 1061 1145 1096 cornu,
1178 1047 1355 1087 sinistro
1388 1048 1763 1089 mercenarios.—

366 1112 473 1168 Cap.
508 1114 576 1154 20.
618 1114 733 1155 alias
772 1115 954 1155 auxiliis
990 1115 1196 1156 iuverunt.
1217 1139 1274 1143 —
1291 1114 1398 1169 Cap.
1435 1116 1505 1156 23.
1549 1116 1761 1158 clarorum

364 1183 562 1223 virorum.
577 1206 634 1211 --
648 1182 755 1237 Cap.
773 1183 842 1223 25.
859 1183 1025 1237 plebeii
1045 1183 1205 1237 septies
1227 1183 1477 1224 instaurati.
1491 1207 1548 1211 —
1563 1183 1670 1238 Cap.
1688 1184 1757 1225 27.

364 1251 463 1291 auri
493 1251 608 1292 mille
638 1257 679 1292 et
707 1252 980 1306 quingentum
1003 1252 1165 1306 pondo,
1188 1251 1362 1305 argenti
1391 1251 1610 1292 denarium
1639 1252 1760 1306 quin-

359 1324 514 1373 gentos
554 1333 633 1374 pro
673 1319 770 1359 auri
810 1320 924 1359 mille
966 1325 1007 1360 et
1048 1320 1284 1375 quingenta
1327 1319 1567 1373 quindecim
1593 1320 1758 1374 pondo,

364 1387 536 1442 argenti
565 1387 722 1441 viginti
750 1387 884 1437 milia,
907 1388 1072 1442 signati
1102 1387 1322 1428 denarium
1350 1386 1535 1441 triginta
1557 1393 1760 1441 quattuor

363 1453 482 1494 milia
510 1459 552 1494 et
576 1454 842 1509 quingentos.
860 1477 917 1482 -—
934 1453 1046 1495 Ibid.
1077 1460 1119 1495 et
1147 1455 1216 1494 ad.
1233 1453 1411 1506 -Cap.
1435 1453 1504 1494 30.
1538 1453 1758 1495 dimidium

359 1521 776 1576 praesens.—Cap.
814 1521 881 1561 35.
921 1526 1022 1576 post
1058 1520 1487 1575 victoriam—Cap.
1520 1520 1589 1562 37.
1626 1521 1671 1561 in
1705 1535 1758 1562 ea

358 1588 693 1644 genten—Ibid.
726 1589 908 1629 ducenta
940 1588 1123 1643 triginta
1159 1587 1567 1643 quattuor.——Cap.
1590 1588 1659 1629 38.
1691 1603 1759 1629 re-

348 1656 573 1712 ficiendae
593 1656 726 1696 urbis.
742 1680 798 1684 -—
816 1655 923 1710 Cap.
947 1655 1015 1696 48.
1039 1662 1081 1696 et
1101 1655 1319 1711 aptandis.
1334 1679 1391 1683 ——
1408 1654 1505 1696 Lib.
1529 1654 1756 1698 XXXIV.

364 1723 469 1778 Cap.
493 1723 533 1764 4.
559 1722 747 1779 coeperit
762 1741 776 1771 ,·
810 1723 924 1778 quod
949 1729 1130 1778 oportet.
1148 1747 1205 1751 ——-
1222 1723 1328 1778 Cap.
1350 1723 1391 1763 9.
1418 1738 1470 1763 ac
1492 1723 1685 1778 benigne.
1700 1747 1758 1752 —-

363 1791 470 1845 Cap.
499 1792 563 1832 15.
588 1791 721 1832 ceteri
742 1797 888 1832 castra
909 1791 1132 1846 diripiunt.
1150 1815 1202 1819 -
1225 1789 1331 1845 Cap.
1359 1791 1425 1832 16.
1449 1791 1494 1831 in
1515 1790 1754 1846 Hispania.

361 1883 417 1887 ——
435 1858 543 1913 Cap.
565 1859 632 1899 39.
657 1859 843 1908 Deinde,
867 1865 1082 1900 crescente
1104 1858 1350 1907 certamine,
1373 1872 1640 1913 nequaquam
1660 1865 1757 1900 erat

355 1927 569 1981 proelium
589 1942 689 1982 par.
715 1926 961 1967 Missilibus
992 1927 1101 1967 enim
1123 1926 1456 1967 Lacedaemonii
1482 1926 1753 1981 pugnabant.

362 1995 468 2050 Cap.
491 1996 561 2036 44.
591 1996 634 2035 in
662 2008 888 2035 carcerem.
905 2017 962 2022 —-—
978 1993 1085 2047 Cap.
1109 1993 1177 2033 59.
1209 2007 1334 2047 quum
1361 1993 1634 2033 renuntiatae
1657 2007 1755 2034 eon-

361 2063 545 2104 ditiones
566 2068 706 2102 essent
722 2078 737 2102 .·
768 2067 810 2102 et
831 2062 1167 2116 impetraturum.
1185 2084 1242 2088 —
1260 2059 1368 2113 Cap.
1391 2060 1459 2101 61.
1487 2060 1530 2100 in
1556 2060 1752 2101 omnium.

360 2153 417 2158 —
433 2128 526 2183 Cap
563 2129 633 2169 62.
675 2129 731 2169 ab
770 2143 828 2169 se.
846 2152 902 2157 ——
920 2128 1019 2169 Lib.
1057 2127 1257 2169 XXXV.
1296 2127 1402 2181 Cap.
1437 2127 1478 2168 9.
1521 2127 1750 2184 Cethegus.

366 2195 604 2236 Cornelius.
621 2219 678 2224 -—
695 2195 801 2250 Cap.
826 2196 888 2236 11.
913 2195 955 2235 in
976 2209 1048 2236 eos
1070 2201 1112 2236 et
1133 2200 1178 2235 ut
1194 2195 1245 2235 is.
1264 2218 1318 2224 -——
1337 2193 1444 2249 Cap.
1463 2194 1532 2235 24.
1556 2194 1752 2246 Paullus,

362 2263 428 2304 M.
464 2262 687 2304 Aemilius.
704 2286 761 2291 —
781 2262 888 2316 Cap.
939 2263 1007 2302 27.
1060 2267 1200 2302 tamen
1250 2276 1319 2302 ex.
1336 2286 1393 2290 —
1410 2261 1517 2315 Cap.
1568 2262 1637 2303 36.
1689 2262 1752 2303 ibi

360 2330 680 2372 Alexamenum.
697 2354 754 2359 —-
770 2330 876 2384 Cap.
902 2329 970 2370 48.
1004 2344 1186 2384 unquam
1217 2344 1294 2370 nec
1325 2335 1436 2378 arte,
1464 2329 1750 2385 nec.-——Cap.

360 2398 430 2439 49.
453 2412 544 2439 esse
563 2404 796 2439 secuturos.
814 2421 870 2425 —-
886 2396 998 2437 Ibid.
1020 2402 1061 2437 et
1082 2396 1252 2437 Medos.
1267 2421 1324 2425 —
1338 2396 1445 2450 Cap.
1469 2396 1538 2436 50.
1561 2397 1622 2437 ad
1633 2396 1754 2438 Her-

359 2480 533 2507 maeum.
551 2489 610 2495 —-
624 2464 723 2506 Lib.
748 2463 970 2505 XXXVI.
998 2463 1105 2518 Cap.
1129 2466 1170 2504 2.
1203 2478 1252 2505 eo
1284 2469 1486 2518 tempore.
1504 2485 1562 2494 ·-
1577 2462 1685 2516 Cap.
1706 2463 1748 2504 3.

360 2533 694 2588 conscripsisset,
717 2538 759 2573 et
779 2547 897 2586 quos.
915 2556 972 2561 ——-
989 2530 1096 2586 Cap.
1119 2531 1159 2572 4.
1183 2530 1476 2571 Macedoniae
1496 2535 1549 2570 et.
1567 2554 1623 2560 ——
1640 2529 1747 2585 Cap.

360 2602 401 2642 5.
424 2601 484 2642 ad
501 2615 587 2642 eos.
603 2621 658 2630 —-
672 2600 778 2654 Cap.
807 2601 871 2641 10.
902 2600 958 2640 ab
978 2600 1179 2641 Larissa.
1199 2624 1254 2630 —
1273 2598 1380 2652 Cap.
1408 2598 1472 2638 13.
1502 2600 1748 2653 oppugnari

352 2682 500 2723 posse,
528 2682 671 2723 regem
701 2668 761 2708 ad
778 2667 1041 2708 Limnaeam.
1057 2689 1113 2696 ——
1128 2666 1235 2720 Cap.
1265 2665 1334 2706 31.
1368 2670 1408 2705 et
1432 2665 1545 2706 Elis.
1564 2689 1623 2695 —
1638 2665 1746 2721 Cap.

359 2736 429 2777 35.
451 2733 619 2775 Achaei
641 2734 997 2789 per-maluerunt,
1026 2731 1177 2774 vocula
1196 2746 1282 2787 per
1308 2732 1351 2772 in
1377 2746 1527 2773 versus
1554 2732 1640 2773 fine
1671 2747 1747 2786 po—

361 2803 455 2852 sita,
487 2816 567 2857 pro
591 2801 772 2850 Achaei,
795 2800 898 2842 Elei
922 2814 1008 2855 per
1039 2814 1084 2840 se
1116 2799 1219 2854 ipsi,
1257 2814 1382 2854 quam
1408 2814 1492 2856 per
1515 2799 1746 2850 Romanos,

359 2870 607 2911 maluerunt.
626 2868 807 2923 —Cap.
838 2868 906 2909 36.
933 2867 1173 2923 postulavit
1207 2867 1263 2908 ab
1294 2872 1457 2917 senatu,
1486 2873 1531 2908 ut
1558 2867 1746 2923 pecunia
