1888 3194
514 219 640 261 LIB.
674 217 817 260 XLII.
865 217 1013 261 CAP.
1047 223 1113 260 32.
1436 224 1488 262 65

102 311 264 368 equites
286 309 444 351 treceni
473 308 743 364 aequaliter
733 323 777 349 m
807 307 989 363 singulas
1019 307 1217 364 legiones
1281 308 1367 349 Et
1357 324 1401 349 1n
1422 324 1488 350 so-
1503 320 1547 352 Π
1565 322 1698 362 0481.

101 368 196 410 ciali
216 368 404 408 exercitu
419 366 579 408 consuli
600 366 716 408 alteri
740 375 886 407 auctus
906 380 1131 407 numerus.
1164 365 1375 407 sexdecim
1392 366 1486 406 mil-
1500 364 1540 396 A.
1563 365 1602 397 C.
1628 374 1696 404 ¹71·

100 425 157 467 lia
172 424 388 490 peditum,
415 424 677 480 octingentos
705 424 879 479 equites,
901 433 1068 479 praeter
1087 438 1169 473 eos,
1193 438 1297 479 quos
1321 422 1401 464 Cn.
1421 423 1486 465 Si-

100 482 234 524 cinius
249 481 450 531 duxisset,
465 491 684 523 sexcentos
700 481 875 538 equites,
890 481 934 522 in
949 480 1245 522 Macedoniam
1263 480 1482 522 traiiceret.

100 539 244 582 Italiae
275 539 372 581 satis
398 539 485 581 visa
512 538 735 581 duodecim
767 538 897 579 millia
923 538 1129 580 sociorum
1160 538 1365 595 peditum,
1391 553 1486 579 sex-

99 597 213 639 centi
232 597 408 653 equites.
470 596 582 638 Illud
603 611 771 653 quoque
802 596 1074 652 praecipuum
1095 596 1240 637 datum
1268 596 1367 637 sorti
1389 595 1486 637 Ma-

99 654 313 705 cedoniae,
335 663 384 696 ut
403 654 669 696 centuriones
699 653 935 720 militesque
956 663 1117 696 veteres
1146 654 1358 704 scriberet,
1380 668 1486 710 quos

99 711 237 762 vellet,
270 712 415 755 consul
445 727 576 768 usque
608 712 661 753 ad
686 712 994 769 quinquaginta
1021 727 1163 753 annos.
1225 710 1277 752 In
1308 685 1486 752 tribunis
1499 719 1633 751 Tribuni

69 769 281 818 5militum
312 778 510 812 novatum
538 785 589 812 eo
616 785 726 811 anno
756 779 927 827 propter
957 769 1282 811 Macedonicum
1313 768 1484 819 bellum,
1499 762 1572 835 {⁹¹¹}
1565 763 1694 795 .aCoss.

100 827 217 885 quod
236 827 427 870 consules
448 843 501 869 ex
522 827 879 869 senatusconsulto
904 827 957 869 ad
984 827 1186 884 populum
1208 826 1408 877 tulerunt,
1430 841 1485 868 ne
1512 815 1584 838 ‘³⁰¹

69 891 89 923 6
103 886 259 927 tribuni
280 885 460 927 militum
478 901 527 927 eo
549 890 660 927 anno
680 885 886 941 suffragiis
906 894 1160 935 crearentur,
1178 884 1251 926 sed
1267 859 1486 926 consuium

132 952 424 1000 raetorumque
446 944 489 984 in
511 943 560 985 iis
580 943 780 985 faciendis
810 943 1014 984 iudicium
1040 943 1341 998 arbitriumque
1363 951 1482 984 esset.

101 959 220 1043 Putet
239 1010 449 1066 praetores
479 1001 536 1042 ita
565 1001 717 1057 partita
737 1001 920 1057 imperia.
983 1000 1238 1050 Praetorem,
1261 1000 1380 1042 cuius
1400 1015 1486 1042 sors
1500 1006 1687 1038 Praetorum

100 1058 257 1123 fuisset,
279 1068 326 1099 ut
346 1058 436 1107 iret,
459 1074 543 1114 quo
564 1068 732 1100 senatus
753 1059 993 1108 censuisset,
1015 1057 1287 1100 Brundisium
1310 1058 1364 1099 ad
1384 1058 1486 1099 clas·
1500 1048 1693 1090 provinciae.

101 1131 189 1158 sem
210 1116 268 1157 ire
290 1115 469 1172 placuit3
503 1125 633 1172 utque
655 1116 713 1157 ibi
734 1125 1050 1171 recognosceret
1070 1116 1202 1157 socios
1222 1115 1402 1165 navales,
1424 1115 1487 1156 di-

101 1173 333 1230 missisque,
355 1173 388 1214 si
410 1174 483 1230 qui
504 1188 651 1230 parum
673 1173 815 1215 idonei
837 1182 986 1223 essent,
1009 1173 1348 1230 supplementum
1376 1172 1488 1230 lege-

102 1240 166 1273 ret
195 1246 249 1273 ex
280 1231 497 1281 libertinis,
526 1241 569 1273 et
598 1231 717 1272 daret
745 1246 927 1288 operam,
953 1240 1000 1272 ut
1031 1231 1139 1272 duae
1169 1239 1307 1288 partes
1333 1231 1488 1272 civium

104 1289 406 1339 Romanorum,
429 1289 551 1331 tertia
568 1289 773 1330 sociorum
796 1298 914 1330 esset.
979 1288 1253 1331 Commeatus
1280 1288 1399 1330 classi
1430 1288 1489 1330 le-

101 1347 379 1412 gionibusque
401 1356 448 1388 ut
468 1362 520 1388 ex
545 1346 687 1388 Sicilia
709 1346 984 1412 Sardiniaque
1006 1346 1350 1396 subveherentur,
1370 1361 1491 1403 prae-

105 1405 274 1454 toribus,
297 1420 370 1461 qul
396 1420 465 1446 eas
492 1405 746 1461 provincias
755 1405 888 1446 sortiti
918 1415 1068 1455 essent,
1100 1404 1288 1446 mandari
1319 1403 1489 1461 placuit,

104 1472 152 1504 ut
177 1462 325 1504 alteras
346 1462 542 1504 decumas
567 1461 716 1504 Siculis
729 1451 964 1528 Sardisque
995 1463 1261 1519 imperarent,
1284 1471 1415 1519 utque
1447 1461 1492 1503 id

104 1520 361 1562 frumentum
392 1520 445 1562 ad
475 1520 705 1562 exercitum
727 1520 771 1561 in
795 1519 1090 1562 Macedoniam
1116 1528 1361 1577 portaretur.
1428 1519 1492 1561 Si-

105 1577 243 1619 ciliam
267 1577 318 1620 C.
339 1578 543 1620 Caninius
577 1578 768 1620 Rebilius
798 1587 861 1620 est
890 1579 1071 1629 sortitus,
1095 1578 1144 1619 L.
1165 1577 1315 1619 Furius
1344 1577 1493 1619 Philus

109 1634 357 1684 Sardiniam,
376 1635 424 1676 L.
439 1634 668 1677 Canuleius
685 1635 947 1691 Hispaniam,
968 1635 1020 1678 C.
1039 1636 1248 1693 Sulpicius
1267 1635 1405 1677 Galba
1424 1650 1493 1676 ur-

106 1693 259 1735 banam
291 1692 632 1743 iurisdictionem,
651 1693 700 1734 L.
717 1692 869 1734 Villius
892 1693 1071 1735 Annalis
1098 1694 1208 1735 inter
1232 1693 1490 1750 peregrinos.

111 1749 164 1792 C.
183 1750 382 1792 Lucretio
406 1750 543 1799 Gallo,
566 1766 650 1816 quo
671 1762 838 1791 senatus
859 1751 1099 1801 censuisset,
1121 1766 1207 1792 sors
1227 1751 1409 1793 obvenit.

168 1807 285 1849 Inter
310 1807 501 1849 consules
529 1808 658 1860 manis
683 1807 903 1858 cavillatio,
929 1824 1055 1864 quam
1083 1823 1235 1864 magna
1265 1808 1491 1857 contentio,
1570 1809 1636 1848 32.

80 1864 162 1909 7de
183 1865 397 1922 provincia
416 1865 505 1906 fuit.
570 1865 788 1915 Cassius,‘
800 1866 888 1908 sine
911 1876 1019 1908 sorte
1041 1882 1083 1908 se
1107 1866 1403 1908 Macedoniam
1421 1881 1495 1922 op-

110 1928 122 1947 ‘
139 1923 349 1972 taturum‚’
368 1923 582 1988 dicebat,‘
596 1938 673 1964 nec
701 1938 819 1979 posse
840 1923 1056 1980 collegam,
1079 1924 1190 1965 salvo
1212 1923 1494 1989 iureiurando,

77 1985 277 2022 8‘secum
298 1980 444 2021 sortiri.
507 1980 748 2022 Praetorem
779 1996 889 2031 eum,
912 1996 965 2023 ne
994 1982 1038 2022 in
1059 1982 1315 2038 provinciam
1337 1982 1430 2029 iret,
1452 1982 1497 2022 in

111 2038 336 2080 ‘concione
368 2038 533 2087 iurasse,
562 2053 604 2080 se
636 2047 743 2080 stato
773 2038 865 2080 loco
896 2039 1107 2096 statisque
1125 2039 1272 2080 diebus
1297 2039 1498 2081 sacrificia

113 2102 124 2120 ‘
137 2095 303 2145 habere,
321 2111 441 2152 quae,
459 2095 630 2138 absente
648 2111 705 2147 se,
723 2105 833 2138 recte
848 2096 937 2138 fieri
955 2112 1039 2139 non
1061 2106 1252 2154 possent:
1286 2112 1393 2153 quae
1411 2112 1496 2138 non

111 2159 123 2177 ‘
139 2153 270 2210 magis
290 2153 473 2204 consule,
496 2169 622 2210 quam
644 2163 847 2220 praetore,
870 2155 1040 2197 absente
1070 2164 1180 2197 recte
1203 2155 1293 2196 fieri
1314 2163 1495 2211 possent.

78 2217 122 2257 9‘
139 2211 183 2254 Si
203 2220 384 2262 senatus,
402 2227 486 2253 non
507 2212 611 2278 quid
632 2212 787 2254 vellet
778 2228 820 2253 ln
842 2213 1061 2254 consulatu
1082 2213 1232 2270 potius,
1251 2228 1376 2269 quam
1394 2212 1498 2269 quid

112 2269 181 2310 ‘in
212 2279 407 2326 praetura
436 2270 631 2312 iuraverit
662 2270 709 2312 P.
730 2270 932 2336 Licinius,
959 2271 1376 2312 animadvertendum
1409 2286 1497 2312 esse

113 2333 317 2377 ‘censeat,
331 2343 374 2369 se
397 2338 536 2369 tamen
558 2328 772 2370 futurum
763 2344 804 2369 ιη
827 2339 994 2370 senatus
1013 2338 1231 2386 potestate.
1237 2329 1247 2346 '
1305 2328 1500 2370 Consulti

113 2384 271 2435 Patres,
293 2385 360 2427 cui
382 2386 643 2427 consulatum
666 2386 846 2443 populus
870 2387 1087 2428 Romanus
1115 2402 1201 2428 non
1223 2395 1426 2442 negasset,
1450 2387 1501 2427 ab

113 2458 155 2484 sc
183 2443 440 2499 provinciam
463 2444 620 2500 negari,
641 2445 867 2501 superbum
890 2445 979 2495 rati,
1003 2445 1138 2487 sortiri
1161 2444 1382 2486 consules
1375 2459 1502 2486 iusse-

114 2571 241 2599 augere,
268 2563 396 2592 triarios
423 2567 530 2592 nutem
560 2572 687 2602 semper
716 2573 783 2592 sex-
875 2570 890 2600 7
910 2564 1132 2593 Macedoniam
1149 2564 1352 2603 optaturum]
1374 2563 1424 2593 lta
1438 2563 1503 2593 Ru-

115 2609 225 2635 centos
253 2604 285 2635 in
316 2605 464 2634 subsidiis
496 2605 659 2635 instruere.
722 2606 784 2636 lta·
832 2605 944 2635 bonius
959 2605 1141 2636 emendavit
1166 2616 1222 2645 pro
1239 2606 1322 2643 vulg.
1338 2617 1504 2646 oppufflm-

116 2657 179 2686 que
203 2647 331 2684 hastati,
348 2647 519 2687 principes,
535 2653 566 2678 et
591 2648 703 2678 velites
725 2648 786 2678 sin·
831 2653 950 2678 turum.
997 2650 1118 2688 Optare
1143 2659 1200 2688 pro
1222 2650 1338 2688 eliglere
1358 2659 1444 2688 supr.
1466 2648 1507 2679 vi.

115 2689 180 2730 guli
202 2690 292 2721 mille
307 2694 340 2720 et.
355 2690 554 2728 octingentos
577 2691 699 2730 pedites
722 2692 786 2721 esti-
835 2700 882 2729 25.
899 2695 1014 2721 exstat.

117 2731 253 2764 ciebant.
302 2733 366 2763 Hic
383 2744 535 2765 numerus
555 2735 680 2765 auctior
701 2733 786 2764 haud
875 2734 894 2762 8
919 2735 1102 2765 Praetorem
1126 2735 1215 2772 eum]
1254 2734 1328 2765 noc
1348 2745 1432 2774 supr.
1452 2734 1506 2765 xli.

117 2775 213 2806 dubie
243 2781 354 2807 contra
382 2776 572 2816 phalangem
600 2777 689 2807 illam
718 2777 788 2807 Ma·
839 2785 884 2814 15.
901 2782 1113 2807 memoratum
1131 2782 1187 2808 eut.

118 2818 303 2849 cedonicam
321 2818 494 2850 instructus
509 2824 565 2850 ent.
852 2829 896 2868 9
920 2822 995 2850 Λοη
1011 2821 1090 2861 quid
1104 2819 1214 2860 vellet]
1241 2819 1437 2850 Par-ticulum
1457 2828 1508 2848 ne-

162 2868 180 2899 5
203 2863 382 2900 Novacum]
408 2861 502 2894 Nova
518 2862 665 2893 instituta
680 2866 728 2893 est
744 2873 789 2893 ra-
834 2862 972 2901 gativam
994 2863 1164 2893 delendam
1190 2867 1297 2894 censet
1315 2863 1345 2891 (“
1350 2862 1508 2894 mum-ius,

121 2902 175 2934 tio.
517 2919 527 2926 -
838 2906 992 2945 probante
1019 2905 1191 2937 (Mrexicrio.
1242 2905 1407 2935 Bckkcrm·
1436 2913 1506 2933 eum

145 2943 398 3019 ..⁶(Suffm-‘ffi'l
424 2958 465 2979 sc.
485 2947 610 2987 Populi.
651 2949 688 2979 cs.
706 2947 1082 2988 nupr.un‹=1÷³1mlu·‹1t

124 2986 162 3017 vix
203 2999 210 3016 ›
246 2998 274 3017 nx
304 2998 353 3026 30.

180 3042 278 3069 VO!-
306 3044 361 3070 lv.
1260 3044 1279 3068 Ξ·
