1888 3194
689 194 977 232 INDEX.

189 269 299 309 passis,
323 280 396 302 cum
421 268 604 301 ardentibus
628 267 751 299 facibus
772 269 814 299 ad
858 268 991 300 Baetica
1008 269 1058 308 28,
1074 279 1102 301 2.

188 312 331 344 Tiberim
349 314 531 349 decurrunt,
547 310 760 350 demissasque
780 310 812 341 in

187 364 304 395 aquam
329 355 413 386 faces
434 354 557 394 integra
582 353 713 384 flamma
738 353 812 385 effe-

186 401 381 437 ruut313

145 406 381 478 Bacchiugi,3
349 439 454 471 insula
469 446 520 479 37,
537 449 586 471 21.

144 481 267 514 Badius
295 482 480 523 Campanus
512 485 663 523 provocat
692 481 809 522 Crispi-

183 534 263 556 num
284 524 443 566 hospitem
466 526 507 556 ad
530 525 688 565 singulare
708 528 806 555 certa-

183 576 270 606 men,
285 571 317 599 et
334 569 516 600 vulneratus
529 568 651 608 aufugit
673 569 714 599 ad
735 578 807 599 suos

184 617 236 649 25,
255 611 302 642 18.

141 651 183 684 A.
196 653 348 692 Baebius,
363 654 449 694 quod
471 654 590 685 milites
605 654 701 685 Rom.
718 663 806 694 prae-

182 695 302 727 buisset
323 697 365 728 ad
386 697 596 728 ministerium
620 697 726 728 caedis
746 698 807 728 Ae-

181 738 268 777 tolis,
283 740 454 771 damnatur
469 748 520 780 45,
538 740 587 777 28,
604 749 653 779 31.

140 781 202 813 Cn.
213 782 353 814 Baebius
362 783 565 823 Tamphilus,
577 783 648 814 trib.
665 784 708 822 pl.
722 782 806 814 diem

182 824 260 856 dicit
275 825 323 857 M.
336 825 428 856 Livio
443 830 475 857 et
491 827 528 858 C.
544 825 682 857 Claudio
699 836 804 856 censo-

180 867 268 899 ribus
294 878 344 910 29,
371 876 421 908 37.
460 868 641 909 designatur
670 872 805 908 praetor,

181 920 255 941 cum
279 911 391 942 aedilis
417 911 561 952 plebeius
582 915 663 943 esset
687 921 738 951 31,
753 921 804 952 49,

181 960 232 992 50.
255 954 383 985 sortitur
397 954 580 985 Ariminum
599 964 649 994 32,
666 964 690 985 1.
715 964 804 994 prae-

179 999 241 1034 tor,
255 1001 376 1028 temere
393 997 549 1038 ingressus
565 996 734 1028 Gallorum
751 997 805 1028 In-

178 1039 322 1070 subrium
345 1039 434 1077 fines,
457 1040 549 1071 clade
575 1040 712 1070 afficitur
733 1047 760 1079 7.
785 1050 805 1070 a

180 1082 310 1113 consule
327 1082 363 1113 L.
375 1081 514 1113 Lentulo
531 1082 651 1121 probris
670 1082 804 1122 increpi-

178 1127 241 1162 tus,
256 1124 419 1164 provincia
436 1125 590 1155 excedere
610 1125 747 1163 iubetur,
762 1125 804 1156 ib.

178 1165 325 1197 triumvir
350 1168 494 1198 coloniae
519 1167 726 1198 deducendae
753 1176 804 1209 39,

180 1218 229 1249 23.
253 1219 315 1241 cos.
331 1208 380 1249 56.

136 1251 198 1284 Cn.
211 1252 352 1284 Baebius
365 1252 570 1293 Tamphilus,
586 1256 722 1293 praetor,
739 1262 801 1283 sor-

177 1294 256 1326 titur
266 1294 514 1327 iurisdictionem
526 1297 681 1327 urbanam
692 1307 743 1334 44,
755 1304 801 1336 17.

177 1337 302 1379 legatus
319 1338 352 1369 in
368 1338 536 1378 Illyricum
552 1347 604 1377 45,
624 1347 670 1378 17.

137 1379 175 1412 L.
191 1380 343 1420 Baebius,
369 1382 492 1423 legatus
516 1381 549 1412 in
575 1381 799 1413 Macedoniam

178 1434 231 1462 449
250 1424 296 1455 18·

137 1465 174 1498 L.
188 1466 329 1498 Baebius
344 1466 455 1505 Dives,
470 1471 595 1498 creatur
610 1471 736 1508 praetor
751 1475 802 1508 37,

178 1516 229 1548 47.
253 1509 381 1541 sortitur
400 1510 594 1550 Hispaniam
620 1510 802 1541 ulteriorem

178 1560 229 1601 50.
252 1562 338 1589 eum,
354 1553 607 1593 proficiscentem
629 1553 661 1583 in
678 1553 802 1593 provin-

178 1595 272 1633 ciam,
305 1595 558 1626 circumveniunt
592 1595 724 1635 Ligures
752 1604 801 1635 57.

177 1637 244 1669 sine
270 1638 433 1669 lictoribus
456 1638 593 1679 perfugit
613 1638 801 1676 Massiliam,

177 1680 232 1711 ubi
247 1680 331 1712 intra
346 1681 488 1712 triduum
504 1681 655 1722 exspirat,
670 1681 745 1712 ibid.

135 1723 184 1755 M.
198 1723 349 1762 Baebius,
365 1725 488 1764 legatus
503 1733 554 1763 30,
571 1732 620 1763 25.

134 1765 183 1797 M.
197 1765 338 1798 Baebius
360 1767 564 1808 Tamphilus,
585 1766 730 1798 triumvir
751 1777 800 1798 co-

177 1809 282 1841 loniae
305 1810 511 1841 deducendae
533 1819 583 1849 34,
599 1818 648 1849 45.
677 1814 802 1850 praetor

177 1860 230 1892 35,
246 1862 292 1884 10.
316 1863 356 1884 ex
374 1853 508 1884 Bruttiis
521 1854 560 1883 ad
578 1853 752 1884 Tarentum
769 1857 801 1883 et

177 1894 386 1927 Brundisium
403 1896 542 1936 legiones
556 1905 740 1936 promovere
756 1896 800 1926 iu-

176 1938 270 1969 betur
286 1947 335 1978 23.
364 1939 491 1970 iubetur
513 1939 644 1970 transire
668 1939 698 1969 in
724 1938 800 1978 Epi-

175 1990 245 2012 rum
264 1991 313 2020 24.
337 1986 522 2022 propraetor
538 1980 588 2021 36,
601 1982 629 2013 8.
654 1981 685 2012 in
701 1981 799 2012 Thes-

174 2023 255 2055 salia
266 2025 420 2064 quasdam
432 2025 525 2055 urbes
537 2024 624 2065 capit
641 2034 686 2064 13.
711 2035 798 2064 prae-

174 2070 224 2098 est
256 2067 339 2107 parti
369 2071 543 2098 castrorum
574 2067 606 2097 in
638 2067 799 2098 obsidione

176 2109 357 2141 Heracleae
370 2120 419 2142 22.
442 2111 481 2141 ad
498 2110 741 2150 disceptandum
755 2111 798 2140 in-

174 2155 224 2183 ter
245 2152 434 2193 Philippum
457 2157 489 2184 et
514 2153 693 2184 Eumenem
718 2154 799 2193 lega-

174 2198 227 2226 tus
249 2195 386 2227 mittitur
401 2205 452 2239 39,
470 2206 518 2234 ²4·
542 2196 732 2235 legationem
754 2206 799 2226 rc-

175 2238 302 2270 nuntiat
322 2247 372 2278 33.
395 2243 520 2270 creatur
541 2239 650 2270 consul
676 2249 727 2277 40,
755 2240 800 2270 18.

175 2279 800 2365 gitsmorgigatiffiaritdispegiglunieffindiiecit

176 2366 226 2405 38.
261 2367 351 2398 nullo
377 2367 462 2398 bello
487 2372 586 2408 gest0,
611 2368 799 2408 triumphat,

176 2408 253 2440 ibid.

134 2450 178 2487 Q.
201 2451 341 2483 Baebius
369 2452 573 2493 Tamphilus,
604 2454 727 2494 legatus
759 2454 800 2485 1111

176 2494 396 2526 Hannibalern
419 2496 532 2527 missus
557 2506 606 2535 21,
625 2495 654 2527 6.
686 2496 799 2527 iterum

174 2538 216 2568 ad
233 2538 509 2579 Carthaginienses
527 2539 573 2570 18.

134 2579 178 2616 Q.
195 2579 336 2613 Baebius
362 2582 556 2620 Herennius,
578 2581 648 2613 trib.
677 2583 720 2622 pl.
743 2582 799 2612 cri-

175 2622 315 2655 minatur
329 2629 474 2656 senatum
491 2630 522 2656 et
537 2635 672 2665 augures
689 2635 738 2663 22,
751 2634 800 2664 34.

175 2666 244 2697 eius
258 2667 359 2698 oratio
375 2668 407 2698 in
423 2667 556 2705 nobiles,
571 2668 646 2700 ibid.

134 2707 344 2748 QBaebius,
360 2710 431 2742 trib.
449 2711 492 2751 pl.
509 2720 561 2750 31,
576 2709 605 2742 6.

134 2750 179 2787 Q.
193 2750 333 2784 Baebius
347 2753 456 2789 Sulca,
474 2754 595 2793 legatus
611 2763 663 2792 42,
677 2753 707 2785 6

136 2792 289 2832 Baecula,
312 2796 385 2826 urbs
410 2796 588 2836 Hispaniae
610 2797 728 2837 27,18.
756 2797 803 2833 8,

182 2844 229 2875 13·

136 2877 173 2909 A.
190 2878 415 2919 Baeculonius,
427 2881 554 2922 signifer
570 2885 664 2913 notae
680 2883 801 2913 fortitu-

177 2920 259 2952 dinis
275 2931 325 2960 41,
340 2923 370 2953 8.

857 311 978 350 Baetis,
1006 312 1038 342 fl.
1067 313 1117 351 28,
1148 311 1194 344 16.
1239 312 1363 344 incolae
1391 325 1517 348 amnem

898 353 984 385 hunc
999 354 1120 386 Certim
1135 355 1302 395 appellant
1319 365 1366 387 22.

854 396 1016 435 Baeturia,
1032 406 1084 437 33,
1101 407 1150 429 21.
1173 407 1225 439 39,
1240 407 1290 437 3ο.
1351 416 1358 423 -

854 439 1000 480 Bagrada
1015 440 1046 471 fl.
1063 444 1096 471 et
1112 441 1154 471 ad
1174 451 1247 472 eum
1270 450 1377 481 pugna
1397 441 1516 482 Reguli

895 493 968 513 cum
983 487 1128 523 serpente
1144 492 1195 522 30,
1212 491 1260 522 25.

851 524 1001 563 Balanos,
1020 526 1148 566 regulus
1163 526 1343 564 Gallorum,
1358 527 1514 558 Romanis

891 568 1012 599 auxilia
1029 569 1199 609 pollicetur
1212 569 1253 600 ad
1268 569 1391 600 bellum
1406 569 1515 601 Mace-

891 611 1040 642 donicum
1057 623 1108 650 44,
1128 621 1174 650 14.

851 653 971 692 Balari,
991 654 1154 686 Sardiniae
1176 654 1288 695 populi
1303 664 1355 693 41,
1374 665 1421 686 10.
1444 665 1512 686 cae-

893 697 1011 728 duntur
1025 708 1045 728 a
1059 697 1216 728 Romanis
1234 696 1280 728 16.

851 739 984 779 Balbus,
1012 750 1103 771 mons
1136 740 1287 772 herbidus
1314 750 1513 781 aquosusque

895 792 910 812 2
935 806 944 820 ,
961 792 1010 822 31.

850 792 1003 863 Bali9ares‚
1019 825 1142 857 insulae
1164 826 1257 863 duae,
1279 826 1380 857 maior
1401 829 1433 857 et
1455 825 1511 856 mi-

889 879 947 899 nor
964 869 1013 907 28,
1029 877 1078 908 37.
1096 869 1134 900 cf.
1151 873 1182 900 et
1200 879 1250 907 22,
1267 878 1314 900 20.
1340 878 1390 907 23,
1406 879 1455 907 40.

849 910 992 942 Baliares
1014 911 1192 952 peritissimi
1207 912 1382 943 funditores
1398 921 1448 950 21,
1461 921 1511 949 21,

891 962 940 993 55.
965 964 1014 993 22,
1031 962 1079 993 37.
1105 955 1154 992 28,
1172 962 1220 994 27.

849 995 996 1035 Ballista,
1010 1007 1101 1028 mons
1117 997 1264 1038 Liguriae
1280 1006 1330 1038 39,
1346 1007 1373 1029 2.
1397 1007 1448 1037 40,
1461 1006 1510 1036 41.

890 1049 941 1077 41,
959 1049 1008 1070 22.

848 1081 991 1113 Ballistis
1021 1086 1053 1113 et
1087 1082 1305 1123 scorpionibus
1339 1082 1511 1114 instructae

889 1134 988 1156 naves
1017 1125 1262 1156 Tarentinorum
1293 1135 1343 1163 21,
1374 1135 1384 1155 1
1395 1135 1419 1156 1.
1461 1136 1510 1163 24,

846 1209 977 1241 Balneis
1004 1209 1143 1241 inclusos
1165 1210 1329 1241 Romanos
1351 1211 1510 1251 Campani

886 1252 1008 1284 fervore
1023 1257 1055 1284 et
1069 1257 1159 1284 aestu
1174 1253 1329 1284 suffocant
1347 1262 1397 1292 23,
1415 1261 1441 1292 7.

847 1294 965 1326 Bantia
982 1303 1031 1333 27,
1049 1304 1097 1334 25.

846 1337 884 1369 L.
897 1338 1032 1369 Bantius
1045 1338 1203 1375 Nolanus,
1212 1338 1334 1369 iuvenis
1345 1349 1428 1377 acer,
1441 1349 1509 1379 pro-

888 1391 1004 1420 pensus
1018 1381 1050 1412 in
1067 1381 1298 1419 Hannibalem,
1314 1381 1470 1413 Romanis
1490 1392 1509 1413 a

888 1424 1044 1455 Marcello
1061 1424 1248 1455 conciliatur
1264 1433 1315 1463 23,
1334 1432 1381 1463 15.

847 1467 1028 1507 Baphyrus,
1042 1467 1145 1498 amnis
1160 1478 1212 1505 44,
1227 1466 1256 1499 6.

847 1509 986 1541 Barbam
1004 1510 1150 1541 omnibus
1170 1510 1246 1540 olim
1262 1510 1417 1541 Romanis
1440 1521 1509 1551 pro-

887 1552 1012 1583 mittere
1034 1563 1102 1583 mos
1122 1552 1182 1583 fuit
1199 1561 1229 1591 5,
1245 1562 1294 1591 41.
1323 1553 1454 1584 barbam
1477 1559 1509 1584 et

887 1595 1041 1635 capillum
1053 1595 1248 1636 promittere,
1259 1606 1330 1635 pars
1341 1600 1372 1626 et
1385 1596 1508 1636 signum

887 1638 1003 1669 doloris
1018 1637 1048 1676 6,
1068 1637 1113 1670 16.
1138 1647 1189 1678 27,
1205 1647 1254 1677 34.
1278 1649 1329 1676 44,
1347 1647 1396 1679 29.

846 1680 1017 1711 Barbanna
1033 1681 1064 1712 fl.
1082 1692 1132 1719 44,
1148 1690 1198 1720 31.

846 1723 1090 1760 Barbosthenes,
1107 1733 1197 1754 mons
1213 1733 1229 1762 3
1234 1731 1264 1763 5,
1281 1731 1331 1762 27,
1347 1732 1396 1762 30.

847 1766 982 1797 Barcina
1004 1767 1125 1797 familia
1147 1775 1196 1805 23,
1217 1775 1262 1805 13-
1297 1766 1392 1797 factio
1410 1776 1459 1804 21,
1480 1777 1508 1804 2,

886 1820 914 1850 9.
938 1810 1061 1840 mavult
1077 1810 1197 1840 belluni
1215 1818 1265 1848 30,
1283 1817 1311 1849 7,
1327 1819 1376 1847 42.

846 1852 1054 1883 Barcinorum
1079 1852 1111 1883 in
1134 1852 1219 1883 bello
1243 1851 1434 1892 praestantia
1458 1853 1509 1889 28,

891 1905 936 1926 12.

847 1938 964 1975 Bardo,
979 1940 1052 1969 urbs
1070 1937 1246 1978 Hispaniae
1262 1947 1312 1977 33,
1330 1947 1378 1969 21.

846 1981 1020 2021 Bargulum
1039 1991 1088 2023 29,
1107 1991 1153 2012 12.

846 2024 1023 2063 Bargusios,
1040 2023 1217 2064 Hispaniae
1236 2025 1382 2064 populos,
1399 2028 1507 2055 contm

887 2067 1012 2098 Poenos
1040 2067 1213 2097 sollicitant
1244 2067 1338 2106 legati
1370 2067 1507 2098 Romani

886 2119 936 2147 21,
964 2120 1008 2152 ¹9·
1043 2110 1230 2150 subiguntur
1254 2110 1294 2140 ab
1323 2109 1507 2140 Hannibale

888 2162 936 2191 23.

846 2195 1025 2236 Bargylias,
1047 2195 1201 2236 oppidum
1227 2204 1277 2234 32,
1302 2204 1352 2234 33.
1383 2205 1434 2235 33,
1461 2197 1507 2232 18,

888 2248 939 2278 30,
955 2246 1006 2277 35,
1023 2248 1071 2280 39-

846 2281 1078 2322 Bargylieticus
1092 2281 1177 2311 sinus
1194 2289 1244 2321 37,
1262 2289 1306 2320 17.

847 2324 990 2361 Barium,
1006 2324 1159 2364 oppidum
1177 2334 1228 2362 4ο,
1249 2324 1293 2355 18.

846 2367 984 2398 Basilica
1001 2367 1050 2404 26,
1068 2375 1116 2407 27.
1149 2371 1218 2407 post
1240 2366 1432 2407 argentarias
1455 2378 1507 2397 110-

887 2421 940 2441 vas
956 2420 1006 2449 4ο,
1023 2418 1071 2449 51.
1097 2409 1210 2441 Porcia
1225 2419 1276 2451 39,
1288 2421 1337 2449 44.
1362 2411 1506 2450 Sempro-

886 2453 938 2484 nia
951 2464 1002 2492 44,
1023 2452 1067 2484 16.

846 2495 1010 2533 Bassania,
1026 2497 1100 2527 urbs
1115 2507 1166 2534 44,
1181 2505 1230 2535 30.

847 2538 1031 2570 Bassanitae
1047 2550 1098 2578 44,
1115 2548 1164 2578 30.

847 2581 1031 2620 Bastarnae,
1051 2593 1128 2622 gens
1150 2581 1265 2612 nobilis
1280 2592 1331 2620 40,
1348 2591 1375 2621 5.
1399 2592 1418 2612 a
1436 2582 1507 2613 Phi-

887 2624 976 2665 lippo
988 2624 1110 2655 evocati
1127 2633 1176 2664 57.
1200 2629 1389 2664 tempestate
1404 2625 1508 2665 oppri-

887 2672 1018 2698 muntur
1034 2669 1082 2706 58.
1114 2668 1244 2698 vincunt
1269 2668 1436 2698 Dardanos
1459 2678 1508 2705 41,

890 2719 938 2749 23.
962 2711 1168 2742 absorbentur
1185 2711 1278 2746 Istro,
1295 2710 1368 2741 ibid.

850 2753 1026 2791 Bastetani,
1042 2762 1093 2793 37,
1109 2753 1157 2792 46.

849 2797 943 2833 Bato,
959 2796 1092 2836 Longari
1111 2797 1204 2830 tilius.
1216 2796 1321 2827 deficit
1338 2797 1376 2826 ad
1394 2797 1506 2827 Roma-

890 2849 946 2870 nos
962 2849 1013 2878 31,
1031 2841 1078 2871 28.

850 2882 1030 2921 Begorritis,
1047 2883 1134 2913 lacus
1150 2892 1200 2919 4²·
1217 2890 1264 2919 53.

852 2924 1035 2956 Belbinates
1050 2935 1133 2963 ager,
1150 2927 1265 2983 ³⁸2³*

1217 2978 1240 3005 s
1262 2970 1285 3005 2
