1888 3194
708 205 997 243 INDEX.

204 281 296 313 drato
311 280 510 322 Capitolium
526 279 557 318 6,
569 290 598 318 4.
620 280 653 310 in
663 278 828 320 Capitolio

205 324 357 356 Herculis
380 323 586 354 simulacrum
611 322 751 362 positum
775 323 828 354 de-

204 367 410 406 dicatumque
428 375 460 407 9,
476 376 526 404 44.
554 365 587 396 in
609 365 772 405 Capitolio
792 365 828 396 li-

203 409 291 440 mina
313 418 414 440 aenea
437 409 541 448 posita
569 418 617 446 10,
643 417 692 447 23.
724 408 829 439 fornix

203 461 277 483 cum
297 451 394 491 signis
413 455 538 491 septem
558 451 688 488 auratis,
704 452 829 482 duobus

201 493 303 534 equis,
315 499 348 524 et
359 504 538 525 marmorea
552 495 617 525 duo
634 495 722 525 labra
734 502 785 534 37,
798 503 828 533 3.

201 536 375 577 quadrigae
393 547 509 568 aureae
531 546 582 578 29,
601 537 651 576 38.
677 536 767 577 signa
786 547 826 568 ex

200 579 382 610 multaticio
397 583 528 620 argento
543 580 648 620 posita.
664 589 716 619 3ο,
731 589 781 622 39.

158 622 370 663 Cappadocia
385 631 436 663 37,
453 631 504 662 31.
526 633 579 662 42,
597 632 646 664 29.

158 665 267 706 Capra
291 675 348 696 sex
373 665 494 697 hoedos
520 676 584 698 uno
610 667 699 698 foetu
725 665 826 699 edidit

202 715 254 748 35,
270 717 320 740 21·

158 751 286 791 Caprae
301 751 396 791 palus
415 761 442 790 1,
462 751 509 783 16.

158 793 274 834 Capris
297 794 422 825 duabus
445 794 527 825 albis
549 794 668 826 auratis
691 799 723 826 et
745 795 827 826 bove

201 841 314 868 aurata
327 836 475 886 Apollini
494 847 618 868 sacrum
634 838 756 868 factum
777 846 827 877 25,

205 889 252 912 12.
293 879 397 920 capris
421 889 440 911 1.
463 880 496 910 in
521 881 588 911 foro
614 880 827 912 sacrificatum

201 923 242 953 ob
258 923 404 964 prodigia
419 931 471 962 45,
490 922 537 954 16.

158 965 289 1006 Captivi
305 966 363 996 sub
379 976 496 996 corona
511 966 631 997 venditi
649 976 678 1004 2,
698 974 744 1006 17.
762 976 827 997 non

200 1008 306 1039 minus
334 1009 447 1039 decem
482 1010 589 1048 pondo
619 1009 828 1057 compedibus

202 1051 310 1087 vincti,
330 1050 363 1081 in
385 1051 507 1092 publici
527 1052 660 1082 carceris
683 1052 827 1082 custodia

199 1097 365 1125 servantur
380 1103 432 1132 32,
449 1092 497 1126 26.
521 1095 720 1134 captivorum
741 1104 825 1125 eom-

198 1136 427 1167 mutandorum
451 1137 532 1168 ratio
558 1146 608 1174 22,
633 1146 682 1176 23.
712 1137 825 1167 redimi

199 1178 400 1219 cupientium
423 1179 524 1210 oratio
549 1189 599 1218 22,
623 1188 672 1221 59.
703 1189 758 1210 eos
779 1190 825 1210 re-

199 1221 278 1253 dimi
299 1232 364 1253 non
386 1222 455 1253 vult
476 1226 606 1253 senatus
625 1221 676 1254 61.
707 1221 826 1262 captivi

200 1265 298 1296 Rom.
342 1265 393 1296 vel
437 1265 579 1305 plurium
624 1264 825 1305 captivorum

198 1307 296 1346 fraus,
313 1307 396 1338 iusta
416 1318 522 1348 poena
537 1308 691 1349 castigata
708 1317 758 1346 22,
774 1308 825 1347 58,

199 1349 251 1383 61.
275 1350 394 1391 captivi
411 1351 552 1382 Romani
571 1351 660 1391 apud
676 1350 826 1382 Achaeos

157 1430 165 1439 ι
199 1393 372 1425 servientes
394 1394 570 1425 liberantur
591 1403 644 1434 34,
662 1402 712 1435 5ο.
738 1394 824 1425 idem

201 1436 238 1467 fit
252 1436 285 1467 in
301 1437 400 1469 Creta
414 1445 466 1476 37,
478 1436 528 1468 60.

158 1479 285 1519 Capua,
309 1480 395 1517 urbs,
419 1479 496 1510 olim
522 1480 716 1518 Vulturnus,
740 1480 826 1512 unde

201 1521 317 1554 dieta?
347 1534 378 1561 4,
409 1531 459 1562 37.
497 1522 572 1553 dolo
601 1526 778 1563 occupatur
806 1533 826 1554 a

201 1565 410 1603 Samnitibus,
434 1565 510 1597 ibid.
538 1569 570 1596 et
600 1572 628 1605 7,
655 1566 704 1604 38.
737 1566 768 1604 8,
795 1565 824 1597 6.

200 1608 335 1648 Capuae
357 1608 492 1639 deliciae
514 1611 722 1647 corrumpunt
744 1608 826 1638 mili-

200 1654 259 1688 tes,
278 1659 305 1690 7,
322 1652 372 1689 38.
399 1652 439 1682 de
459 1651 617 1691 capienda
634 1652 749 1691 Capua
768 1651 826 1681 mi-

201 1693 294 1724 litum
313 1694 456 1732 consilia,
472 1694 547 1726 ibid.
563 1694 738 1725 eluduntur
758 1699 826 1725 arte

200 1745 252 1778 39.
278 1737 412 1777 Capuae
435 1737 586 1776 praefecti
608 1737 706 1767 creati
727 1747 757 1778 9,
777 1747 824 1768 20.

200 1780 335 1820 Capuae
350 1780 584 1811 coniurationes
598 1781 748 1810 adversus
761 1780 825 1811 Ro-

200 1831 313 1853 manos
324 1823 428 1853 factae
446 1832 482 1861 25
500 1827 532 1853 et
550 1821 597 1854 26.
622 1823 787 1853 Hannibal
802 1823 825 1853 it

200 1865 347 1905 Capuam
360 1866 392 1896 in
406 1865 537 1896 hiberna
551 1875 601 1905 23,
617 1867 662 1897 18.
686 1876 824 1897 corrum-

200 1907 288 1948 pitur
302 1908 370 1939 illic
388 1908 456 1939 eius
475 1909 645 1946 exercitus,
660 1909 736 1940 ibid.
763 1910 823 1941 Ca—

199 1960 266 1991 pua
287 1951 409 1982 laborat
432 1951 542 1991 inopia
567 1961 616 1989 25,
643 1961 688 1991 13.
720 1952 824 1982 suble-

201 1997 294 2024 vatur
311 1995 352 2024 ab
375 1994 549 2031 Hannone,
564 1994 639 2025 ibid.
664 1995 826 2025 obsidetur

198 2046 220 2067 a
251 2037 435 2068 consulibus
467 2038 563 2068 Rom.
596 2047 645 2069 20.
690 2037 825 2077 cingitur

199 2080 348 2120 operibus
365 2089 402 2110 22
419 2084 451 2110 et
470 2079 520 2117 26,
537 2090 546 2110 1
565 2084 595 2111 et
612 2093 640 2119 4.
664 2086 826 2111 senatores

198 2126 322 2163 septem
349 2127 382 2154 et
409 2122 520 2163 viginti
547 2123 706 2163 Campani
734 2134 824 2154 vene>

198 2176 277 2197 num
304 2166 419 2196 bibunt
445 2165 495 2201 26,
526 2176 571 2204 14.
608 2166 748 2196 Romani
780 2166 824 2196 in-

197 2209 388 2249 grediuntur
409 2209 570 2249 Capuam,
593 2209 668 2240 ibid.
696 2216 826 2239 senatus

199 2251 300 2282 securi
322 2251 499 2292 percutitur
521 2261 566 2290 15.
591 2252 676 2283 eires
698 2262 825 2283 venum-

200 2295 318 2325 dantur
336 2294 382 2327 16.
406 2295 575 2326 coniurant
598 2304 648 2335 27,
669 2305 696 2335 3.
720 2295 825 2335 oppri—

199 2342 344 2375 muntur,
367 2337 443 2368 ibid.
476 2339 610 2378 Capuae
634 2339 718 2369 bona
743 2339 825 2378 prin-

200 2380 310 2420 cipum
335 2380 445 2411 vendit
466 2382 509 2417 Q.
523 2381 658 2411 Fulvius
678 2381 827 2419 Flaccus,

200 2423 275 2455 ibid.
308 2423 443 2463 Capuae
467 2424 570 2454 multa
594 2424 625 2454 in
650 2424 718 2454 foro
741 2424 826 2455 aedi—

200 2466 274 2497 ficia
289 2467 329 2497 de
345 2468 436 2497 coelo
452 2470 537 2497 taeta
554 2476 606 2504 41,
627 2475 672 2505 13.

157 2509 298 2550 Capusa,
320 2509 404 2540 lilius
429 2509 583 2545 Oesaleis,
609 2508 826 2540 Numidarum

200 2552 291 2592 regis,
314 2552 433 2592 accipit
461 2557 628 2592 paternum
657 2552 826 2592 imperium

202 2605 253 2637 29,
270 2605 318 2636 29.
345 2596 478 2626 dimicat
499 2606 572 2626 cum
597 2596 761 2626 Mem-tulo
783 2596 824 2627 de

199 2648 307 2678 regno,
323 2643 354 2669 et
370 2639 467 2676 cadit,
483 2638 558 2670 ibid.

157 2681 268 2721 Caput
288 2681 464 2712 humanum
485 2681 608 2720 integra
623 2681 704 2712 facie
726 2681 756 2712 in
779 2682 823 2712 so-

201 2723 324 2755 diendis
348 2724 460 2764 templi
490 2724 575 2755 Iovis
598 2724 728 2764 Tarpeii
753 2726 823 2755 fun-

201 2766 360 2798 damentis
389 2767 553 2798 inventum
586 2777 611 2802 1,
642 2777 691 2805 55.
726 2772 823 2807 eaput

204 2809 274 2839 lovi
298 2820 420 2840 sacrum
447 2819 476 2849 3,
498 2819 547 2848 55.
580 2820 626 2846 Ιο,
649 2813 697 2849 38.
725 2815 824 2849 caput

202 2852 389 2891 stupratoris
401 2852 447 2883 11111
466 2863 557 2892 praec·
561 2852 640 2883 11111111
658 2853 773 2883 mulier
783 2854 823 2884 1111

203 2894 303 2924 11111111
320 2904 412 2925 suum
427 2900 577 2935 apportat
594 2898 645 2933 38.
660 2905 707 2934 2...
726 2907 750 2925 c·
754 2900 824 2935 :put

203 2936 341 2968 hostium
364 2936 453 2968 ducis
474 2948 492 2968 11
516 2948 549 2968 se
569 2937 662 2968 occisi
688 2944 825 2977 purgant

916 280 1001 317 Boii,
1017 283 1048 311 et
1065 281 1189 311 calvam
1201 290 1282 311 auro
1298 281 1436 320 caelant,
1452 286 1484 313 et
1499 293 1539 314 ex

915 333 954 354 ea
977 323 1090 354 bibunt
1115 333 1166 364 23,
1189 333 1237 361 24.
1270 324 1378 364 capita
1401 324 1540 356 hostium

915 365 1035 397 lanceis
1063 366 1212 406 infigunt,
1237 369 1294 397 aut
1322 365 1356 396 in
1385 376 1540 406 equorum

915 408 1097 449 pectoribus
1114 408 1289 448 pendentia
1307 411 1433 448 gestant
1449 410 1539 440 Galli

915 453 1058 483 Senones
1081 461 1130 489 10,
1146 450 1195 491 36.
1219 451 1379 490 capitibus
1398 451 1475 482 rasis
1493 462 1539 482 se-

914 498 1056 534 quuntur
1085 504 1213 525 currum
1243 494 1282 525 T.
1309 493 1457 529 Quinctii
1486 493 1539 524 tri-

912 547 966 568 um
970 536 1111 577 phantis,
1125 536 1181 576 qui
1200 537 1352 568 servitute
1371 537 1413 567 ab
1428 546 1467 567 eo
1485 547 1538 567 ex-

911 580 1013 620 empti
1023 581 1150 611 fuerant
1161 589 1212 620 34,
1219 589 1268 620 52.
1285 578 1399 619 capitis
1411 579 1538 610 velandi

911 633 982 654 mos
996 623 1165 654 fecialibus
1179 626 1351 662 usurpatus
1369 631 1396 660 1,
1413 631 1463 662 32.
1488 632 1538 653 ca-

912 666 980 706 pita
991 666 1133 697 hostium
1146 665 1372 706 praecidenda,
1382 665 1538 696 libertatis

912 709 1104 750 praemium,
1120 708 1289 740 volonibus
1307 707 1471 748 proposita
1487 717 1538 746 24,

917 762 929 782 1

871 760 981 836 Calfys
997 794 1125 834 Silvius,
1140 804 1197 825 rex
1213 794 1318 825 Albae
1337 803 1364 831 1,
1380 802 1409 833 3.

871 838 942 878 Cap
945 849 992 879 19,
1007 839 1086 876 dux,
1101 838 1187 868 unde
1202 837 1318 876 Capua
1337 836 1424 867 dieta
1440 846 1470 875 4,
1487 844 1536 876 37.

871 849 1014 919 Carabis,
1030 881 1104 911 urbs
1120 879 1300 920 Hispaniae
1316 889 1368 918 41,
1381 888 1409 918 3.

872 924 1004 956 Carales
1021 933 1071 964 23,
1087 933 1137 962 40.
1161 932 1213 962 30.
1230 932 1279 963 39.

871 967 1075 999 caralitanus
1100 976 1174 1006 ager
1200 968 1342 996 vastatur
1366 975 1386 996 a
1413 964 1538 996 Punica

913 1010 1014 1041 classe
1031 1016 1081 1048 27,
1097 1007 1126 1040 6.

871 1052 1031 1090 Caralitis,
1047 1052 1140 1092 palus
1156 1051 1207 1090 38,
1227 1058 1273 1091 15.

870 1095 1025 1133 Caranus,
1056 1094 1178 1134 primus
1208 1092 1421 1125 Macedoniae
1457 1103 1512 1124 rex
1531 1106 1539 1131 ;

912 1138 1082 1168 vicesimus
1096 1138 1137 1167 ab
1153 1146 1191 1167 eo
1208 1137 1344 1167 Perseus
1359 1144 1411 1176 45,
1422 1146 1452 1178 9.

869 1179 1070 1218 Caravantis,
1081 1179 1255 1211 Caviorum
1272 1179 1304 1209 in
1317 1179 1450 1219 Illyrico
1465 1180 1540 1210 urbs

912 1234 964 1262 449
980 1232 1030 1262 30·

869 1266 973 1299 Carav
975 1265 1092 1303 antius,
1103 1265 1200 1296 frater
1211 1263 1337 1300 Gentii,
1351 1263 1537 1304 Illyriorum

910 1309 992 1350 regis
1007 1319 1059 1347 44,
1071 1317 1122 1357 305
1146 1307 1293 1347 captiuis
1308 1307 1449 1338 Romam
1467 1308 1538 1338 mit-

911 1352 991 1383 titur
1022 1361 1071 1400 32.
1109 1351 1142 1382 in
1172 1349 1337 1390 triumpho
1368 1350 1406 1381 L.
1431 1350 1539 1381 Anicii

911 1394 1066 1435 praetoris
1088 1393 1217 1425 ducitur
1238 1396 1314 1424 ante
1337 1403 1465 1424 currum
1487 1400 1539 1432 45,

869 1481 988 1513 Carcer
1007 1480 1196 1512 aedificatur
1215 1478 1323 1510 media
1342 1479 1421 1510 urbe
1443 1489 1470 1517 1,
1488 1489 1537 1520 33.

913 1523 952 1555 cf.
977 1527 1010 1555 et
1034 1532 1065 1563 3,
1090 1531 1140 1562 57.
1168 1521 1297 1553 inferior
1321 1531 1372 1561 34,
1395 1532 1445 1559 44.
1473 1523 1538 1553 alio

911 1566 1043 1597 nomine
1059 1565 1248 1596 Tullianum
1271 1574 1321 1606 29,
1339 1574 1388 1596 22.
1416 1565 1538 1596 Lautu-

912 1609 1049 1639 miarum
1064 1618 1115 1648 32,
1129 1607 1176 1639 26.
1202 1607 1345 1647 privatus
1359 1607 1391 1637 in
1407 1607 1540 1647 singulis

912 1651 1119 1692 patriciorum
1149 1650 1298 1681 domibus
1326 1649 1357 1688 6,
1385 1649 1434 1690 36.
1473 1661 1538 1682 ear-

912 1705 1000 1726 ceres
1015 1695 1047 1724 in
1064 1694 1148 1724 circo
1163 1694 1194 1731 8,
1212 1703 1260 1724 20.
1284 1702 1336 1730 41,
1352 1701 1402 1731 32·

870 1738 980 1775 Cares,
997 1737 1110 1777 populi
1132 1745 1185 1776 33,
1205 1738 1251 1767 18.
1275 1735 1426 1766 iubentur
1447 1736 1536 1768 liberi

911 1791 979 1811 esse
995 1792 1046 1819 44,
1065 1787 1112 1819 15.

870 1823 965 1855 Can'a
982 1832 1032 1862 33,
1051 1832 1098 1864 19.
1123 1831 1174 1862 35,
1192 1829 1240 1860 27.
1265 1829 1316 1861 37,
1336 1821 1383 1854 16.

870 1866 966 1898 Caria
982 1866 1131 1906 Hydrela
1148 1873 1197 1905 37.
1215 1863 1263 1904 56.

869 1909 1018 1945 Carinae,
1042 1908 1126 1949 regio
1152 1907 1238 1938 urbis
1262 1907 1389 1939 Romae
1414 1907 1464 1945 26,
1491 1918 1537 1940 10.

912 1951 964 1991 56,
982 1960 1029 1990 27.

870 1997 1009 2027 Carmen
1036 1993 1262 2025 exsecrationis
1292 2003 1340 2030 10,
1367 1994 1416 2031 38.
1451 2004 1537 2033 roga-

912 2037 1007 2068 tionis
1032 2047 1062 2076 3,
1086 2036 1136 2075 64.
1176 2037 1321 2067 sollenne
1346 2037 1538 2076 precationis

912 2081 1078 2111 consulum
1097 2089 1147 2121 39,
1166 2089 1210 2120 15.
1232 2079 1428 2119 triumphale
1444 2088 1474 2118 3,
1489 2089 1537 2120 29.

912 2124 943 2153 111
959 2123 1046 2154 libris
1061 2123 1227 2163 Sibyllinis
1239 2122 1405 2152 inventum
1418 2123 1458 2153 de
1472 2124 1537 2162 pel-

913 2166 1016 2196 lendis
1056 2165 1152 2196 ltalia
1189 2164 1343 2202 hostibus,
1374 2165 1399 2195 si
1437 2170 1539 2196 mater

913 2209 1014 2240 11111101
1036 2220 1055 2240 a
1080 2208 1271 2239 Pessinunte
1295 2209 1434 2239 Romam
1459 2208 1539 2239 foret

912 2253 1049 2283 davecta
1066 2261 1182 2292 2(),1ο.
1206 2263 1225 2282 11
1242 2251 1279 2282 Ρ.
1295 2250 1418 2282 Licinio
1434 2251 1538 2291 Tegu-

913 2296 945 2326 la.
961 2294 1185 2331 eondit11m‚et
1201 2295 1241 2324 11)
1263 2298 1311 2324 ter
1330 2294 1464 2324 novenis
1481 2295 1538 2324 111·-

912 2338 1039 2379 ginibus
1054 2348 1111 2386 per
1129 2338 1240 2367 urbem
1260 2337 1331 2367 cani
1350 2337 1469 2367 iussum
1487 2346 1539 2376 31,

918 2391 964 2412 12.
997 2380 1147 2412 carminis
1175 2379 1325 2410 horrendi
1352 2380 1403 2410 lex
1436 2390 1461 2417 1,
1490 2380 1538 2412 26.

913 2423 1055 2454 carmina
1072 2422 1263 2454 militaribus
1281 2422 1358 2453 iocis
1373 2422 1490 2454 iactata
1507 2423 1539 2454 in

914 2467 1061 2497 consules
1075 2466 1312 2506 triumphantes
1330 2468 1379 2501 28,
1391 2477 1420 2506 1).
1446 2475 1497 2507 39,
1513 2475 1539 2505 7.

914 2509 1056 2540 earmina
1074 2509 1240 2540 Marciana
1257 2518 1307 2547 25,
1327 2518 1373 2540 ¹2.
1397 2509 1540 2549 Sibyllae

918 2561 966 2588 1ο,
982 2554 1010 2584 8.
1036 2551 1211 2592 piacularia
1229 2561 1279 2591 31,
1300 2561 1345 2583 12.

868 2597 1043 2627 Carmenta
1065 2595 1221 2634 fatiloquo
1246 2599 1322 2625 ante
1343 2595 1486 2634 Sibyllae
1508 2595 1538 2625 in

912 2637 1041 2669 Italiam
1059 2638 1233 2668 adventum
1251 2637 1361 2668 habita
1381 2648 1407 2674 1,
1426 2647 1452 2677 7.

868 2681 1084 2714 Carmentalis
1105 2685 1195 2721 porta
1218 2690 1247 2717 2,
1267 2690 1316 2721 49.
1344 2691 1395 2720 24,
1412 2690 1461 2720 47.
1489 2690 1539 2719 25.

917 2745 941 2764 Ι·

868 2767 1050 2798 Carmentis
1066 2777 1177 2797 saxum
1196 2775 1226 2805 5.
1242 2775 1292 2805 47.

868 2812 998 2848 Carino,
1015 2811 1088 2840 urbs
1104 2809 1279 2849 llispuniae
1295 2818 1346 2847 33,
1363 2818 1411 2839 21.

868 2853 978 2890 Carni,
996 2853 1118 2893 populi,
1133 2855 1311 2892 queruntur
1331 2853 1370 2881 de
1386 2853 1423 2881 (“.
1437 2850 1537 2881 Cassii

910 2896 1050 2926 consuli„
1064 2895 1252 2925 erudelitate
1269 2903 1319 2931 43,
1338 2902 1363 2931 7.

869 2938 983 2971 Carnis
1008 2938 1039 2968 in
1064 2936 1149 2968 seriis
1175 2935 1298 2967 Latinis
1321 2936 1445 2966 (1111111110
1470 2945 1538 2966 mos
