1888 3194
364 164 448 203 244
879 159 1255 203 EPITOMAE

363 249 563 292 heredem
581 250 785 307 populum
803 251 1044 292 Romanum
1061 251 1244 307 reliquit,
1262 259 1305 292 et
1320 250 1411 292 eius
1432 250 1551 306 regni
1572 249 1761 291 civitates

365 316 534 349 senatus
558 308 707 350 liberas
731 323 820 350 esse
846 309 975 349 iussit.
1039 309 1345 350 Ariobarzanes
1373 308 1418 348 in
1446 322 1624 363 regnum
1648 306 1762 362 Cap-

366 365 568 421 padociae
604 381 629 407 a
663 365 713 406 L.
736 365 936 407 Cornelio
975 365 1091 407 Sulla
1125 366 1324 407 reductus
1359 374 1433 406 est.
1507 364 1762 406 Parthorum

367 422 508 478 legati,
531 438 555 464 a
579 437 677 478 rege
700 423 858 464 Arsace
884 423 1011 472 missi,
1034 432 1240 464 venerunt
1268 422 1321 464 ad
1351 422 1524 472 Sullam,
1547 430 1595 462 ut
1618 420 1762 462 amici-

368 480 470 520 tiam
504 480 650 536 populi
687 479 870 521 Romani
904 489 1109 535 peterent.
1172 480 1219 521 P.
1240 479 1440 529 Rutilius,
1477 479 1540 519 vir
1575 492 1761 519 summae

367 537 649 587 innocentiae,
668 537 867 592 quoniam
888 536 1049 592 legatus
1073 536 1126 584 Q.
1145 536 1281 578 Mucii
1301 535 1561 593 proconsulis
1581 552 1605 577 a
1624 534 1764 592 publi-

368 609 568 635 canorum
590 594 753 634 iniuriis
776 594 922 634 Asiam
943 593 1201 642 defenderat,
1225 594 1382 634 invisus
1403 593 1586 650 equestri
1611 591 1762 641 ordini,

368 666 500 706 penes
540 666 668 706 quem
708 650 864 691 iudicia
904 659 1035 699 erant,
1072 650 1400 705 repetundarum
1441 651 1675 699 damnatus,
1719 649 1765 689 in

369 708 563 749 exsilium
600 708 747 748 missus
783 717 856 747 est.
921 707 969 748 C.
997 706 1165 747 SentIus
1200 717 1367 762 praetor
1400 717 1546 748 contra
1578 707 1764 748 Thracas

368 765 593 805 infeliciter
612 764 825 819 pugnavit.
882 762 1072 812 Senatus,
1096 779 1228 819 quum
1248 764 1540 819 impotentiam
1561 763 1764 819 equestris

369 821 529 862 ordinis
565 821 609 861 in
644 820 810 861 iudiciis
846 820 1094 861 exercendis
1129 820 1235 861 ferre
1277 820 1420 870 nollet,
1458 820 1574 861 omni
1608 821 1650 861 vi
1684 820 1765 860 niti

369 878 521 933 coepit,
548 885 595 918 ut
627 877 681 918 ad
713 892 755 918 se
789 877 944 917 iudicia
977 877 1311 927 transferrentur,
1338 877 1569 918 sustinente
1598 891 1765 918 causam

370 935 461 976 eius
502 934 564 975 M.
585 934 708 976 Livio
743 934 884 975 Druso
922 934 1091 975 tribuno
1130 934 1289 990 plebis:
1339 935 1425 990 qui,
1463 943 1510 975 ut
1544 934 1651 976 vires
1686 934 1765 975 sibi

371 991 619 1047 acquireret,
653 991 887 1047 perniciosa
919 1007 991 1048 spe
1024 992 1293 1048 largitionum
1326 992 1494 1048 plebem
1526 991 1760 1033 concitavit.

370 1048 595 1091 Praeterea
614 1058 752 1090 motus
776 1048 919 1106 Syriae
942 1064 1088 1107 regum
1110 1049 1309 1091 eontinet.

983 1275 1150 1317 LXXI.

371 1393 434 1435 M.
468 1392 678 1434 LIVIUS
719 1390 982 1441 DRUSUS,
1024 1392 1218 1433 tribunus
1262 1391 1410 1447 plebis,
1453 1400 1500 1432 ut
1539 1392 1764 1434 maioribus

369 1451 526 1492 viribus
546 1459 715 1491 senatus
736 1464 901 1491 causam
918 1457 1153 1504 susceptam
1171 1457 1371 1498 tueretur,
1388 1448 1521 1489 socios
1536 1458 1580 1490 et
1595 1449 1764 1492 Italicos

369 1507 547 1564 populos
567 1523 640 1563 spe
662 1507 841 1548 civitatis
864 1506 1082 1547 Romanae
1111 1506 1372 1547 sollicitavit:
1406 1505 1540 1561 iisque
1562 1505 1764 1548 adiuvan-

369 1565 494 1614 tibus,
523 1579 599 1620 per
625 1564 710 1605 vim
738 1563 900 1620 legibus
928 1563 1097 1619 agrariis
1124 1562 1491 1618 frumentariisque
1519 1562 1628 1613 latis,
1653 1563 1764 1605 iudi-

369 1622 537 1663 ciariam
573 1636 743 1677 quoque
784 1620 970 1677 pertulit,
1014 1620 1077 1661 Ut
1112 1635 1247 1676 aequa
1285 1628 1402 1676 parte
1443 1619 1601 1662 iudicia
1634 1636 1765 1677 penes

369 1688 561 1720 senatum
583 1687 625 1720 et
645 1687 882 1734 equestrem
904 1678 1096 1719 ordinem
1112 1686 1262 1719 essent.
1328 1677 1475 1725 Quum
1491 1677 1646 1719 deinde
1667 1693 1765 1734 pro-

369 1736 495 1777 missa
525 1736 647 1777 sociis
679 1735 823 1777 civitas
859 1735 1058 1792 praestari
1090 1750 1177 1776 non
1208 1743 1360 1791 posset,
1394 1734 1488 1775 irati
1521 1733 1658 1777 Italici
1689 1735 1764 1777 de—

369 1793 598 1835 fectionem
628 1793 784 1849 agitare
816 1801 1058 1849 coeperunt.
1137 1792 1297 1833 Eorum
1329 1791 1476 1841 coitus,
1510 1792 1764 1835 coniuratio-

370 1866 544 1906 nesque,
585 1859 629 1892 et
668 1851 877 1891 orationes
911 1850 956 1891 in
996 1849 1183 1891 conciliis
1228 1849 1468 1905 principum
1511 1849 1765 1891 referuntur·

371 1907 552 1963 Propter
578 1922 686 1963 quae
715 1906 862 1948 Livius
883 1907 1062 1956 Drusus,
1084 1907 1241 1947 invisus
1268 1907 1393 1947 etiam
1424 1906 1589 1947 senatui
1615 1906 1763 1958 factus,

369 1964 485 2006 velut
505 1963 667 2006 socialis
687 1963 786 2005 belli
808 1972 966 2014 auctor,
987 1964 1193 2005 incertum
1215 1978 1240 2004 a
1260 1978 1358 2018 quo,
1377 1963 1490 2004 domi
1512 1963 1672 2005 occisus
1687 1973 1762 2006 est.

970 2249 1160 2292 LXXII.

371 2367 612 2410 ITALICI
653 2366 797 2424 populi
839 2366 1097 2415 defecerunt,
1141 2364 1349 2412 Picentes,
1392 2362 1571 2412 Vestini,
1613 2362 1759 2413 Marsi,

369 2426 550 2482 Peligni,
573 2424 819 2473 Marrucini,
845 2422 1066 2472 Samnites,
1089 2421 1265 2470 Lucani,
1288 2420 1407 2461 initio
1435 2419 1532 2461 belli
1559 2434 1584 2460 a
1607 2419 1761 2461 Picen-

369 2484 480 2524 tibus
502 2491 627 2523 moto.
693 2481 746 2530 Q.
769 2480 967 2522 Servilius
991 2478 1213 2536 proconsul
1239 2478 1282 2518 in
1304 2476 1460 2532 oppido
1483 2475 1642 2518 Asculo
1662 2492 1760 2518 cum

369 2540 563 2580 omnibus
590 2539 751 2580 civibus
773 2537 989 2586 Romanis,
1011 2537 1086 2592 qui
1112 2536 1155 2576 in
1183 2550 1234 2576 eo
1261 2533 1419 2589 oppido
1445 2541 1578 2583 erant,
1600 2534 1760 2576 occisus

369 2605 442 2637 est.
508 2595 615 2651 Saga
641 2595 821 2651 populus
847 2594 1035 2649 sumpsit.
1101 2593 1187 2634 Ser.
1209 2590 1356 2639 Galba,
1382 2604 1407 2630 a
1433 2589 1618 2631 Lucanis
1644 2606 1760 2632 com-

368 2653 614 2709 prehenSUS,
650 2652 775 2692 unius
809 2651 989 2692 feminae
1026 2664 1164 2705 opera,
1202 2647 1256 2688 ad
1288 2661 1413 2703 quam
1449 2646 1757 2698 devertebatur,

369 2709 609 2766 captivitate
643 2716 863 2763 exemptus
895 2716 968 2748 est.
1033 2705 1238 2746 Aesernia
1267 2713 1310 2745 et
1341 2703 1454 2745 Alba
1484 2704 1672 2748 coloniae
1705 2705 1758 2747 ab

369 2766 525 2808 Italicis
546 2766 732 2807 obsessae
761 2773 869 2805 sunt.
932 2763 1108 2804 Auxilia
1127 2761 1281 2802 deinde
1304 2760 1449 2802 Latini
1475 2761 1658 2802 nominis
1684 2777 1759 2803 ex-

369 2832 665 2878 ternarumque
706 2821 898 2878 gentium
938 2820 1063 2860 missa
1102 2818 1259 2875 populo
1296 2817 1504 2867 Romano,
1546 2826 1589 2859 et
1628 2833 1758 2875 expe-

369 2880 549 2922 ditiones
570 2880 749 2921 invicem
770 2877 1187 2934 expugnationesque
1209 2875 1356 2917 urbem
1377 2875 1624 2917 referuntur.
