1888 3194
676 197 970 236 INDEX.

171 272 328 313 populum
351 282 409 313 pro
425 271 464 304 Τ.
478 272 646 310 Quinctio,
669 272 798 304 Cincin-

170 316 237 346 nati
255 315 334 354 filio,
348 324 403 346 reo
418 325 468 353 41.

128 356 167 388 T.
180 357 355 394 Quinctius
364 356 576 388 Cincinnatus
589 357 726 394 Pennus,
737 367 799 388 cos.

170 411 202 438 4,
219 399 268 431 26.
299 399 476 430 discordiae
492 399 560 430 eius
575 408 649 430 cum
666 399 801 439 collega,

168 441 246 473 ibid.
284 446 414 472 strenua
439 442 508 472 eius
533 452 631 482 opera
656 441 689 472 in
713 442 801 472 bello

170 491 305 526 27—29.
330 484 446 515 iterum
463 495 525 516 cos.
543 493 592 524 30.
615 484 688 516 trib.
705 485 800 516 milit.

169 535 232 557 cos.
258 530 324 566 pot.
352 535 405 565 31.
443 528 528 558 male
558 537 624 558 rem
654 527 734 568 gerit
759 528 801 558 ad

169 568 280 604 Veios,
295 569 374 600 ibid.
408 570 532 611 legatus
553 570 685 601 adiuvat
701 569 800 600 victo-

168 610 248 642 riam
261 612 426 643 dictatoris
441 622 479 652 32
493 617 525 644 et
537 621 586 653 33.
610 623 682 644 reus
697 614 802 644 factus

167 654 209 685 ad
226 664 290 694 ppo
293 655 396 692 ulum,
411 656 586 686 absolvitur
602 665 652 694 41.

128 695 167 728 T.
182 696 368 735 Quinctius,
384 679 561 738 Capitolini
586 698 683 735 filius,
703 698 801 738 Capi-

168 739 289 771 tolinus
304 751 366 772 cos.
383 745 510 772 creatur
526 753 556 780 4,
569 750 619 781 43.
643 741 715 772 trib.
732 741 799 772 mil.

169 792 232 814 cos.
249 787 314 822 pot.
331 782 382 815 61.

127 824 167 856 T.
180 825 356 861 Quinctius
372 826 595 864 Cincinnatus,
610 826 683 857 trib.
706 825 801 856 milit.

169 878 232 899 cos.
250 873 316 908 pot.
332 868 364 907 6,
379 880 410 907 4.
435 870 583 900 tribunus
597 869 738 899 militum
755 879 801 899 se-

169 912 311 942 cundum
343 912 389 943 18.
432 912 569 942 dictator
598 916 724 942 creatur
751 912 801 943 28.

169 953 269 984 vincit
288 955 540 985 Praenestinos
527 964 574 996 2.9
598 954 803 994 triumphans

169 995 294 1036 signum
310 997 397 1028 Iovis
410 997 619 1037 Imperatoris
633 998 802 1028 Praeneste

171 1039 367 1070 devectum
359 1050 391 1070 m
408 1040 607 1080 Capitolium
623 1041 696 1077 fert,
712 1040 787 1070 ibid.

128 1079 168 1112 T.
195 1081 370 1118 Quinctius
404 1082 620 1122 Capitolinus,
657 1063 804 1113 tribunus

169 1124 310 1155 militum
338 1135 400 1156 cos.
426 1130 491 1165 pot.
516 1124 618 1163 6,11.
653 1125 804 1165 magister

170 1167 268 1206 equit.
285 1167 361 1198 ibid.

127 1207 167 1240 T.
181 1209 358 1245 Quinctius
381 1209 452 1241 trib.
477 1210 570 1240 milit.
596 1219 657 1240 cos.
681 1214 748 1250 pot.
772 1208 804 1248 6,

126 1293 167 1325 T.
181 1294 358 1331 Quinctius
381 1295 519 1334 Pennus,
541 1295 692 1335 magister
715 1295 802 1335 equi-

169 1341 239 1368 tum
257 1336 288 1376 6,
304 1348 354 1377 42.

127 1379 167 1411 T.
181 1380 369 1419 Quinctius,
384 1380 523 1412 dictator
540 1387 569 1420 7,
584 1390 615 1422 9.
652 1380 804 1421 magister

171 1423 317 1462 equitum
339 1433 385 1455 11.
403 1434 465 1454 cos.
486 1424 533 1454 18.

128 1464 170 1495 T.
185 1465 361 1500 Quinctius
377 1466 520 1503 Pennus,
536 1475 598 1497 cos.
618 1473 646 1506 7,
664 1475 714 1496 22.

128 1507 168 1539 T.
189 1508 366 1544 Quinctius
402 1519 422 1539 a
459 1508 616 1540 seditiosis
647 1509 805 1539 militibus

171 1551 238 1581 dux
262 1551 391 1591 eligitur
413 1560 442 1591 7,
460 1561 509 1593 39.
546 1551 616 1583 eius
638 1551 740 1582 oratio
762 1551 804 1582 ad

171 1604 245 1624 suos
260 1604 311 1633 41.

129 1636 169 1668 T.
181 1636 368 1675 Quinctius,
383 1636 530 1668 triumvir
545 1637 690 1668 coloniae
706 1637 804 1668 dedu-

172 1680 294 1710 cendae
310 1680 341 1717 8,
361 1679 407 1710 16.

129 1721 170 1754 Τ.
184 1722 360 1758 Quinctius
383 1722 563 1762 Crispinus,
583 1722 764 1763 praefectus
786 1733 806 1753 a

172 1765 332 1796 Marcello
349 1765 441 1796 classi
459 1765 632 1805 castrisque
646 1765 806 1796 veteribus

175 1817 226 1846 24,
242 1817 293 1849 39.
325 1812 452 1848 praetor
472 1812 598 1839 creatur
615 1816 665 1847 27,
681 1807 710 1839 6.
742 1818 804 1838 sor-

172 1851 252 1881 titur
271 1853 419 1891 Capuam
440 1859 466 1890 7.
489 1862 552 1882 cos.
573 1860 620 1882 21.
661 1851 806 1882 vulnera-

172 1897 226 1924 tur
243 1901 293 1933 27.
326 1894 471 1925 fraudem
498 1893 694 1924 Hannibalis
717 1898 806 1924 ante-

174 1936 268 1967 vertit
286 1937 335 1967 28.
363 1937 498 1967 moritur
512 1947 551 1967 ex
570 1937 702 1967 vulnere
718 1945 768 1976 33.

130 1979 170 2011 Τ.
185 1978 333 2015 Quinctii
349 1979 489 2019 Crispini
506 1984 538 2010 et
556 1979 650 2011 Badii
668 1980 807 2020 Campa-

173 2021 204 2052 ni
222 2027 385 2053 certamen
404 2031 457 2061 25,
478 2024 523 2054 18.

130 2065 170 2097 T.
185 2064 363 2100 Quinctius
379 2065 583 2096 Flamininus
606 2068 732 2095 creatur
754 2064 807 2095 de-

173 2107 294 2138 cemvir
319 2118 395 2148 agro
421 2108 600 2138 dividundo
624 2116 677 2146 31,
698 2119 727 2146 4.
754 2107 807 2137 tri-

173 2150 279 2181 umvir
306 2151 348 2181 ad
381 2151 600 2191 supplendum
635 2149 809 2181 Venusinis

172 2193 360 2224 colonorum
386 2204 556 2224 numerum
574 2203 624 2234 49.
655 2203 694 2224 ex
712 2203 808 2232 quae-

173 2239 261 2267 stura
290 2237 493 2267 consulatum
522 2236 615 2276 petit,
640 2240 683 2273 et,
711 2235 807 2266 recla-

174 2278 338 2309 mantibus
363 2280 489 2310 duobus
516 2278 651 2310 tribunis
674 2279 718 2318 pl.
742 2277 809 2309 adi-

175 2320 309 2361 piscitur
324 2330 375 2361 32,
394 2330 420 2361 7.
458 2322 590 2352 sortitur
611 2321 808 2362 provinciam

174 2363 403 2395 Macedoniam
422 2364 452 2395 8.
486 2364 645 2404 proficisci
668 2367 810 2394 maturat

174 2416 205 2447 9.
239 2406 308 2437 eius
331 2417 404 2438 cum
433 2407 585 2447 Philippo
611 2406 808 2447 colloquium

180 2458 226 2481 10.
257 2449 326 2480 eius
341 2460 390 2481 res
403 2454 512 2489 gestae
533 2459 666 2481 10—12.
694 2458 742 2489 13,
762 2458 812 2488 15,

180 2500 215 2531 17
232 2496 265 2523 et
286 2494 331 2524 18.
369 2497 501 2523 auctore
521 2502 571 2530 e0,
593 2491 688 2532 legati
708 2503 728 2522 a
751 2492 811 2522 fra-

175 2539 222 2566 tre
253 2535 321 2566 eius
349 2535 386 2567 L.
407 2535 564 2572 Quinctio
595 2535 636 2565 ad
664 2534 813 2566 Achaeos

175 2577 350 2609 mittuntur
371 2588 415 2620 19.
444 2578 582 2609 Elatiam
602 2577 689 2618 capit
709 2587 757 2616 ²4·
782 2576 811 2607 ei

177 2626 381 2662 prorogatum
397 2621 568 2661 imperium
585 2622 634 2651 28.
658 2620 726 2651 eius
738 2630 813 2650 cum

177 2673 251 2703 rege
265 2663 419 2704 Philippo
435 2663 634 2703 colloquium
653 2672 691 2702 32
703 2667 735 2693 ct
746 2673 813 2702 sqq.

176 2705 206 2736 ci
221 2705 356 2737 liberum
372 2707 538 2737 arbitrium
563 2706 651 2746 pacis
673 2710 705 2736 ct
727 2705 805 2736 belli

176 2758 196 2778 a
209 2753 323 2780 senatu
338 2750 526 2790 permissum
544 2758 596 2789 37.
631 2748 741 2780 Nabin
758 2753 806 2789 ty-

177 2800 312 2822 rannum
338 2791 495 2824 Romanis
520 2792 671 2823 conciliat
694 2800 744 2833 39.
783 2791 807 2821 it

179 2833 210 2864 in
230 2833 397 2865 Boeotiam
417 2844 469 2873 33,
490 2844 514 2866 1.
536 2835 713 2875 ingreditur
728 2834 813 2865 The-

180 2877 247 2912 bas.
273 2876 352 2908 ibid.
395 2876 535 2908 Boeotos
565 2878 596 2908 in
627 2877 815 2908 societatem

178 2918 303 2950 asciscit
322 2928 348 2951 2.
372 2920 413 2951 ud
425 2919 665 2960 Thermopylas
683 2920 768 2950 venit
787 2928 814 2958 3.

887 272 1088 312 progreditur
1100 271 1240 313 Xynias,
1251 273 1328 305 ibid.
1353 274 1520 306 contendit

886 315 928 345 ad
955 315 1156 355 Philippum,
1171 314 1247 346 ibid.
1285 321 1394 348 movet
1417 321 1520 348 castra

887 357 928 387 ad
951 355 1082 388 Thebas
1106 357 1308 388 Phthioticas
1331 367 1358 398 5.
1398 359 1522 399 proelio

886 399 928 430 ad
938 399 1203 440 Cynoscephalas
1215 399 1313 430 vincit
1326 401 1518 442 Philippum

889 448 905 480 7
922 447 954 472 et
969 451 1036 481 sqq.
1063 443 1196 473 Aetolos
1211 442 1345 473 offendit
1366 453 1412 475 11.
1447 455 1520 475 con-

887 483 994 514 silium
1012 484 1110 515 habet
1129 485 1169 515 de
1193 494 1272 524 pace
1293 494 1339 516 12.
1373 485 1440 516 eius
1456 487 1520 517 col-

887 526 1033 566 loquium
1056 527 1098 557 ad
1121 526 1248 566 Tempe
1271 537 1345 557 cum
1366 527 1521 568 Philippo

891 578 938 608 13.
972 569 1113 600 indutias
1135 569 1164 600 ei
1188 573 1340 608 quattuor
1362 571 1521 602 mensium

888 611 1047 649 concedit,
1064 611 1139 643 ibid.
1168 611 1320 648 Boeotos,
1336 613 1423 652 quod
1439 614 1521 644 mul-

887 659 937 686 tos
953 655 1120 686 Romanos
1141 664 1198 695 per
1214 655 1382 686 latrocinia
1398 655 1522 687 occide-

887 697 1090 735 rint,multat
1105 707 1152 738 ²9·
1177 698 1373 738 promulgari
1389 698 1422 728 in
1438 699 1526 729 ludis

889 740 1003 772 Isthm.
1011 744 1101 771 curat
1114 740 1294 771 libertatem
1304 741 1461 772 Graeciae
1470 750 1522 780 32.

888 783 916 814 ei
948 787 1136 823 prorogatur
1165 783 1336 822 imperium
1365 792 1415 823 43.
1454 784 1523 815 eius

887 826 1010 856 iustitia
1032 830 1064 856 et
1087 826 1301 866 temperantia
1325 835 1377 865 34,
1398 836 1446 857 22.
1481 827 1523 858 ad

888 879 961 899 eum
975 869 1288 899 senatusconsultum
1304 869 1448 908 missurn,
1459 880 1524 910 quo

887 912 1040 942 adversus
1063 911 1173 942 Nabin
1198 911 1320 942 bellum
1345 912 1522 951 decretum,

889 954 965 985 ibid.
991 958 1184 985 conventum
1202 954 1346 985 omnium
1364 955 1522 986 sociarum

890 997 1057 1027 civitatum
1089 996 1301 1037 legationibus
1332 998 1430 1028 edicit
1460 998 1522 1030 Co-

890 1039 1045 1078 rinthum,
1057 1039 1132 1070 ibid.
1159 1040 1227 1071 eius
1242 1041 1282 1070 ad
1298 1040 1440 1071 Graecos
1455 1051 1522 1072 ora-

889 1082 946 1120 tio,
957 1082 1033 1113 ibid.
1059 1082 1236 1113 exercitum
1253 1083 1343 1113 ducit
1357 1085 1458 1124 Argos
1472 1092 1524 1124 25.

890 1125 972 1165 petit
996 1125 1275 1156 Lacedaemonem
1300 1124 1347 1157 26.
1383 1126 1452 1158 eius
1474 1137 1524 1158 res

888 1172 997 1207 gestae
1023 1168 1055 1198 in
1083 1178 1120 1198 eo
1146 1168 1233 1198 bello
1259 1167 1392 1210 26—29.
1425 1169 1523 1200 collo-

890 1211 1001 1249 quium
1019 1220 1092 1241 cum
1110 1210 1240 1241 Nabide
1257 1219 1392 1250 30—32.
1421 1212 1525 1243 socios

889 1253 931 1283 ad
955 1263 1067 1292 pacem
1092 1253 1238 1284 hortatur
1259 1262 1297 1292 33
1315 1258 1348 1284 et
1369 1263 1420 1293 34.
1459 1265 1523 1295 pax

890 1296 1060 1326 convenire
1079 1306 1143 1326 non
1164 1299 1269 1335 potest
1285 1305 1324 1335 35
1342 1301 1374 1327 et
1392 1295 1440 1337 36.
1472 1308 1523 1329 οο-

889 1348 968 1369 rona
983 1342 1149 1378 oppugnat
1163 1338 1311 1378 Spartam
1332 1340 1380 1378 38.
1405 1341 1524 1371 recedit

891 1390 942 1422 39.
980 1380 1121 1411 indutias
1148 1381 1295 1412 concedit
1322 1382 1444 1413 Nabidi
1473 1392 1523 1421 40.

891 1423 1075 1463 praeficitur
1095 1423 1230 1454 Nemeis
1246 1433 1298 1462 41.
1333 1425 1524 1457 Aetolorum

890 1467 922 1496 in
959 1467 997 1498 T.
1027 1466 1221 1502 Quinctium
1255 1468 1417 1506 querelae,
1447 1468 1527 1500 ibid.

891 1509 1061 1540 Graeciam
1079 1509 1274 1549 relinquens,
1286 1510 1462 1550 alloquitur
1477 1521 1524 1542 so-

891 1552 1013 1583 ciorum
1037 1552 1160 1591 legatos
1180 1552 1220 1590 48
1237 1558 1270 1583 et
1290 1562 1340 1594 49.
1379 1553 1462 1601 petit
1483 1555 1528 1585 ab

891 1595 942 1632 iis,
957 1598 993 1625 ut
1014 1594 1098 1625 cives
1118 1595 1296 1632 Romanos,
1312 1595 1337 1626 si
1359 1595 1413 1635 qui
1435 1597 1526 1636 apud

892 1648 946 1669 eos
971 1637 1004 1668 in
1032 1637 1185 1668 servitute
1212 1642 1329 1675 essent,
1355 1638 1528 1670 liberarent

893 1689 943 1719 50.
977 1680 1257 1718 Acrocorinthum,
1272 1680 1477 1719 Chalcidem,
1492 1686 1526 1713 et

892 1722 1135 1754 Demetriadem
1161 1723 1275 1754 liberat
1297 1731 1347 1762 51.
1382 1724 1524 1755 triduum

892 1765 1070 1805 triumphat
1099 1774 1148 1804 52.
1187 1770 1262 1796 ante
1293 1766 1362 1797 eius
1395 1777 1524 1798 currum

892 1808 985 1839 multi
1024 1808 1148 1839 nobiles
1185 1808 1304 1848 captivi
1335 1809 1526 1850 obsidesque

893 1851 994 1889 ducti,
1019 1851 1101 1881 inter
1123 1862 1203 1891 quos
1228 1851 1426 1890 Demetrius,
1451 1853 1528 1884 Phi-

895 1894 975 1934 lippi
1005 1894 1097 1933 regis,
1123 1898 1155 1925 et
1183 1895 1350 1933 Armenes,
1378 1895 1529 1934 Nabidis,

895 1937 964 1975 filii,
989 1936 1065 1968 ibid.
1100 1936 1192 1968 audit
1219 1937 1340 1977 legatos
1364 1937 1530 1977 Antiochi,

895 1979 997 2019 iisque
1021 1980 1193 2019 respondet
1215 1987 1252 2019 57
1271 1984 1303 2010 ct
1320 1980 1369 2020 58.
1405 1981 1530 2021 legatus

895 2022 927 2053 in
952 2022 1123 2053 Graeciam
1146 2022 1285 2053 mittitur
1301 2031 1352 2061 35,
1371 2032 1419 2062 23.
1451 2024 1529 2063 quid

895 2065 993 2105 egerit
1007 2065 1037 2095 in
1051 2076 1090 2096 ea
1107 2065 1276 2105 legatione,
1289 2070 1436 2096 narratur
1446 2075 1531 2105 31—-

895 2117 934 2147 33
961 2112 993 2139 ct
1018 2117 1067 2150 39.
1107 2108 1175 2139 eius
1201 2108 1302 2139 oratio
1332 2108 1364 2139 in
1392 2109 1530 2140 concilio

897 2151 1099 2182 Achaeorum
1130 2161 1180 2192 49.
1232 2151 1346 2182 leniter
1385 2151 1531 2192 increpat

897 2193 1118 2233 Diophanem,
1129 2194 1332 2224 Achaeorum
1351 2199 1530 2234 praetorem

896 2235 948 2275 36.
965 2245 1014 2274 31.
1046 2237 1114 2267 cius
1141 2237 1242 2267 oratio
1269 2236 1301 2267 in
1328 2237 1464 2268 concilio
1487 2238 1531 2269 A·

896 2279 1068 2310 chaeormn
1098 2289 1147 2319 3²·
1185 2279 1209 2309 it
1238 2279 1449 2319 Naupactum
1481 2290 1530 2320 34.

896 2321 965 2352 eius
987 2332 1082 2362 opem
1110 2321 1285 2362 implorant
1310 2323 1431 2360 Aetoli,
1453 2323 1531 2355 ibid.

896 2369 1024 2395 creatur
1047 2375 1158 2395 censor
1178 2373 1230 2404 37,
1247 2365 1296 2404 58.
1329 2365 1398 2396 eius
1421 2376 1531 2396 censu-

897 2417 950 2438 rae
976 2411 1049 2438 acta
1076 2408 1127 2447 38,
1156 2410 1205 2439 28.
1245 2407 1362 2448 legatio
1393 2408 1462 2439 eius
1490 2409 1531 2440 ad

900 2450 1061 2489 Prusiam,
1083 2450 1191 2481 fatalis
1214 2450 1395 2481 Hannibali
1418 2460 1470 2493 39,
1492 2460 1528 2491 51

898 2497 930 2524 et
947 2493 996 2532 56.

856 2535 895 2568 T.
914 2535 1091 2573 Quinctius
1117 2535 1320 2567 Flamininus
1349 2536 1442 2566 ludos
1465 2536 1532 2567 edit

899 2578 1012 2609 mortis
1035 2589 1130 2610 causa
1154 2579 1252 2619 patris
1272 2578 1319 2608 sui
1343 2588 1395 2616 41,
1411 2587 1462 2616 33.
1490 2579 1532 2609 le-

899 2626 992 2661 gatus
1014 2621 1045 2652 in
1063 2621 1249 2657 Thraciam,
1266 2621 1388 2651 reducit
1408 2622 1534 2651 obsides

901 2672 954 2703 45,
970 2674 1019 2703 42.
1043 2675 1144 2704 augur
1166 2664 1196 2694 iu
1214 2664 1344 2695 Claudii
1365 2664 1470 2694 locum
1490 2665 1532 2694 lc-

890 2706 976 2746 gitur
989 2718 1039 2747 ⁴4-

851 2748 1098 2790 Quinquaginta
1126 2749 1218 2780 annis
1249 2749 1390 2780 minores
1417 2759 1536 2780 omues

893 2798 1096 2824 &aeramento
1114 2792 1213 2831 rogati
1231 2801 1284 2829 4ο,
1303 2791 1350 2823 26.

860 2834 1088 2875 Quinquatrus
1106 2835 1157 2871 26,
1176 2843 1224 2873 27.
1249 2846 1300 2872 44,
1319 2844 1366 2865 2ο.

860 2877 1131 2918 Quinqucnnaliu
1147 2881 1220 2907 vota
1238 2885 1290 2914 31,
1306 2887 1336 2917 9.

861 2919 1122 2960 Quinqucremcs
1146 2928 1195 2956 ιι,
1216 2927 1261 2958 17.
1289 2922 1338 2956 28,
1355 2928 1405 2959 ⁴5·
1433 2929 1535 2951 novae
