1888 3194
943 169 1233 208 INDEX.

444 245 554 283 trium,
576 247 616 277 ab
640 245 783 277 Etruscis
803 249 934 286 captum
957 255 986 285 3.
1014 246 1067 277 tri-

443 289 580 328 umphat
610 300 638 327 4.
676 289 748 320 trib.
781 289 875 320 milit.
910 289 1067 320 consulari

442 335 601 371 potestate
627 331 775 371 quintum
798 330 828 363 6.
858 332 998 372 regimen
1021 342 1066 362 re-

442 383 514 404 rum
539 375 679 414 collegae
709 375 737 405 ei
763 374 964 414 permittunt,
990 374 1065 405 ibid.

442 416 510 447 eius
543 427 592 448 res
624 421 731 457 gestae
769 425 879 457 7—10.
922 417 955 448 in
991 427 1065 448 eum

441 459 559 490 Manlii
575 460 752 499 Capitolini
773 460 853 490 livor
872 470 919 491 11.
944 461 978 490 fit
995 460 1066 490 trib.

440 501 535 533 milit.
566 503 722 533 consulari
752 506 911 543 potestate
940 506 1067 533 sextum

444 544 491 575 18.
521 545 693 584 septimum
723 556 770 576 22.
800 545 867 576 eius
891 545 1067 575 moderatio

439 586 473 616 in
490 588 658 628 collegam,
675 593 706 618 et
723 588 853 619 victoria
870 588 909 618 de
925 587 1068 617 hostibus

442 637 576 668 23—25.
615 630 751 660 dictator
771 634 920 669 quartum
942 636 1068 660 creatur

440 672 491 710 38.
515 678 675 703 certamen
692 673 773 703 inter
789 682 861 702 eum
879 676 910 702 et
926 672 1069 702 tribunos

439 714 554 753 plebis,
570 715 643 745 ibid.
668 725 701 745 se
721 714 849 745 abdicat
867 715 1065 754 magistratu,

437 756 514 787 ibid.
539 756 675 787 dictator
696 757 844 796 quintum
868 760 992 788 creatus
1015 767 1064 795 42.

438 799 531 829 victis
555 799 670 833 Gallis.
690 799 880 838 triumphat,
901 799 977 830 ibid.
1005 800 1064 830 dis-

439 841 562 872 cordias
590 841 673 872 inter
702 842 827 872 ordines
857 843 958 879 sedat,
988 842 1064 873 ibid.

439 883 507 914 eius
522 894 606 914 mors
622 888 653 915 et
669 885 780 915 laudes
798 892 826 923 7,
846 894 871 916 1.

396 927 444 958 M.
461 926 576 957 Furius
600 927 775 967 Crassipes,
799 927 944 958 coloniae
967 928 1064 958 dedu-

438 970 559 1000 cendae
584 970 740 1008 triumvir,
764 970 813 1000 cui
836 970 869 1000 in
891 970 1064 1001 triennium

436 1011 609 1051 imperium
630 1016 723 1051 esset,
740 1016 865 1043 creatur
881 1022 931 1052 34,
950 1021 999 1052 53.
1024 1013 1063 1044 cf.

437 1057 470 1085 et
486 1062 537 1094 35,
560 1065 609 1093 40.
637 1059 764 1095 praetor
785 1060 920 1093 creatus,
936 1056 1065 1086 sortitur

437 1096 582 1128 Galliam
607 1099 658 1137 38,
680 1108 730 1136 42.
760 1098 938 1129 insontibus
962 1100 1063 1130 Ceno-

435 1140 539 1171 manis
554 1151 642 1171 arma
656 1142 810 1181 adempta
830 1142 962 1172 reddere
976 1142 1063 1172 iube-

436 1186 488 1213 tur
503 1194 523 1213 a
537 1187 661 1221 senatu,
677 1187 708 1214 et
730 1184 895 1224 provincia
911 1185 1064 1216 decedere

437 1234 488 1266 39,
504 1235 533 1265 3.
557 1230 684 1266 praetor
701 1226 816 1258 iterum
834 1237 885 1265 41,
903 1236 952 1267 33.
976 1226 1064 1258 sorti-

435 1271 489 1298 tur
504 1268 646 1299 Siciliam
663 1279 715 1307 42,
734 1279 760 1301 1.

393 1310 442 1341 M.
454 1311 569 1342 Furius
585 1312 719 1349 Luscus,
731 1311 843 1342 aedilis
854 1312 957 1352 plebis
967 1321 1019 1354 39,
1036 1320 1061 1353 7.

393 1352 431 1384 P.
445 1353 571 1392 Furius,
587 1354 732 1385 triumvir
746 1365 820 1395 agro
836 1355 941 1385 dando
958 1364 988 1394 3,
1009 1365 1034 1386 1.

394 1395 432 1427 P.
446 1396 562 1427 Furius
578 1396 691 1427 Philus
706 1397 742 1427 fit
758 1401 885 1437 praetor
899 1398 1015 1428 iterum
1031 1401 1063 1428 et

435 1439 564 1469 sortitur
578 1439 827 1470 iurisdictionem
840 1440 923 1471 inter
935 1441 1020 1471 cives
1030 1444 1061 1471 et

435 1482 616 1521 peregrinos
640 1492 690 1520 22,
712 1490 762 1522 35.
786 1483 824 1513 cf.
845 1487 877 1513 et
902 1492 951 1523 55.
983 1483 1060 1513 clas-

435 1534 501 1555 sem
523 1525 641 1564 accipit
657 1536 676 1555 a
697 1525 855 1555 Marcello
872 1526 995 1565 collega
1011 1533 1060 1564 57.

434 1566 517 1597 redit
536 1577 575 1597 ex
591 1567 700 1597 Africa
717 1568 908 1608 Lilybaeum
924 1568 1062 1608 graviter

434 1608 559 1640 saucius
576 1619 628 1649 23,
641 1619 687 1641 11.
705 1611 743 1642 cf.
760 1614 792 1641 et
809 1620 857 1641 21.
882 1621 993 1641 censor
1010 1620 1060 1649 24,

438 1661 485 1683 11.
509 1662 617 1683 severe
633 1652 764 1692 castigat
781 1653 858 1684 vitia
876 1654 923 1684 18.
947 1653 1016 1684 dies
1031 1653 1060 1684 ei

434 1694 552 1725 dicitur
578 1706 597 1726 a
624 1695 662 1727 L.
679 1696 828 1733 Metello,
857 1696 985 1726 tribuno
1014 1697 1059 1736 pl.

434 1747 531 1776 quem
543 1741 655 1768 senatu
667 1742 810 1769 moverat
823 1748 874 1778 43.
896 1749 981 1769 mors
994 1739 1062 1770 eius

434 1779 583 1820 impedit,
618 1791 659 1811 ne
696 1782 831 1812 lustrum
867 1781 1061 1821 perficiatur,

434 1822 511 1855 ibid.
534 1833 635 1862 augur
649 1824 784 1854 moritur
801 1831 851 1863 25,
868 1834 896 1855 2.

397 1865 432 1896 P.
445 1865 561 1896 Furius
578 1866 702 1905 Philus,
716 1867 888 1898 consularis
904 1866 961 1898 viri
977 1867 1062 1898 filius

436 1917 487 1946 2²2
504 1916 553 1947 53·

393 1950 430 1982 P.
445 1951 560 1982 Furius
576 1950 698 1989 Philus,
714 1955 842 1991 praetor
857 1956 991 1991 creatus,
1007 1953 1060 1983 ob—

434 1993 515 2024 tinet
533 1994 726 2034 Hispaniam
747 1994 925 2026 citeriorem
941 2005 993 2033 41,
1010 1994 1059 2026 26.

433 2037 474 2066 ab
501 2036 658 2076 Hispanis
683 2041 862 2076 aecusatus,
889 2039 1061 2069 Praeneste

432 2078 466 2109 in
483 2079 631 2110 exsilium
646 2079 712 2110 abit
729 2089 780 2119 43,
799 2090 825 2111 2.

391 2121 435 2157 Q.
449 2121 575 2160 Furius,
592 2122 735 2161 pontifex
751 2122 924 2162 maximus,
934 2122 1061 2154 iubetur

433 2174 540 2195 creare
556 2165 699 2195 tribunos
715 2166 759 2205 pl.
777 2174 807 2204 3,
825 2174 875 2206 54.

391 2205 464 2237 Sex.
479 2206 604 2244 Furius,
621 2217 684 2238 cos.
702 2217 731 2245 2,
748 2216 798 2249 39.

391 2248 446 2287 Sp.
460 2249 588 2286 Furius,
605 2259 666 2280 cos.
685 2259 714 2287 2,
731 2259 781 2288 43.

390 2290 446 2329 Sp.
460 2291 587 2328 Furius,
604 2302 665 2322 cos.
682 2293 768 2322 male
783 2302 849 2322 rem
860 2292 939 2331 gerit
949 2292 1057 2322 adver-

432 2342 485 2362 sus
508 2334 647 2372 Aequos,
663 2337 695 2363 et
715 2334 747 2363 in
769 2334 878 2364 castris
898 2334 1060 2364 obsidetur

435 2384 465 2414 3,
482 2385 510 2412 4.
533 2385 554 2405 a
569 2376 608 2406 T.
622 2375 778 2411 Quinctio
795 2376 948 2406 liberatur
964 2386 992 2415 5.

391 2417 447 2457 Sp.
463 2417 590 2453 Furius,
610 2417 681 2448 trib.
703 2417 796 2449 milit.
820 2419 977 2449 consulari
1002 2429 1056 2458 po-

431 2463 549 2490 testate
564 2459 595 2498 6,
613 2469 661 2499 31.

391 2502 445 2542 Sp.
462 2502 578 2533 Furius
606 2503 654 2534 M.
676 2503 714 2534 F.
737 2503 906 2541 Camillus,
936 2504 1058 2544 primus

433 2548 560 2584 praetor
577 2552 605 2585 7,
625 2554 649 2575 1.

391 2587 446 2627 Sp.
460 2587 585 2626 Fusius,
597 2587 662 2618 sive
675 2587 801 2626 Furius,
812 2591 903 2628 pater
915 2593 1058 2629 patratus

437 2640 464 2668 1,
481 2640 530 2668 24.

391 2672 418 2703 F
420 2672 608 2711 ustuarium,
624 2683 729 2713 poena
743 2673 889 2704 militaris
905 2682 934 2714 5,
950 2674 979 2706 6.

702 2800 743 2832 G.

391 2885 487 2917 Gabii
514 2896 540 2924 1,
564 2894 613 2926 53.
644 2896 694 2924 24,
722 2896 767 2917 10.
797 2885 848 2924 26,
871 2897 900 2928 9.
930 2896 980 2926 41,
1006 2897 1053 2919 20.

1154 256 1208 278 eos
1222 246 1334 278 fraude
1350 248 1437 288 capit
1455 247 1648 288 Tarquinius
1663 249 1778 289 Super-

1154 291 1213 320 bUS
1232 300 1259 327 Ι,
1276 297 1327 329 53,
1344 298 1393 330 54-

1113 331 1242 363 Gabina
1258 333 1308 363 via
1325 343 1353 371 2,
1373 343 1420 364 11.
1446 344 1474 374 3,
1491 333 1520 365 6.
1545 341 1575 372 5,
1591 343 1640 376 49.

1111 374 1258 406 Gabinus
1274 375 1396 407 cinctus
1409 384 1438 415 5,
1455 375 1504 414 46.
1529 377 1559 412 8,
1575 386 1603 417 9.
1632 386 1680 415 10,
1698 384 1724 416 7.

1112 417 1229 448 Gabini
1247 417 1278 454 6,
1296 428 1343 449 21.
1369 419 1569 450 Gabinorum
1588 429 1663 459 ager
1677 422 1777 450 vasta-

1152 463 1204 490 tur
1219 471 1238 490 a
1254 461 1380 492 Volscis
1397 471 1426 500 3,
1444 462 1472 493 8.

1113 502 1280 540 Gabinius,
1314 505 1493 543 praefectus
1524 503 1673 543 praesidii
1704 504 1778 536 Sco-

1153 545 1239 583 drae,
1254 546 1358 585 regiae
1374 547 1485 578 Gentii
1502 554 1553 586 45,
1571 545 1618 578 26.

1114 586 1223 617 Gades
1241 589 1402 627 profectus
1427 589 1606 626 Hannibal,
1630 592 1703 620 vota
1723 600 1777 620 ex-

1154 630 1248 660 solvit
1266 630 1401 660 Herculi
1419 641 1469 669 21,
1483 641 1531 662 21.
1555 631 1594 662 cf.
1611 635 1643 662 et
1661 642 1711 670 24,
1727 642 1776 673 49.

1155 671 1206 709 26,
1223 681 1272 711 43.
1299 673 1348 710 28,
1368 682 1395 703 1.

1112 713 1276 745 Gaditana
1291 715 1455 754 provincia
1472 716 1522 753 28,
1539 725 1567 748 2.

1110 756 1264 787 Gaditani
1280 757 1431 797 perfugae
1443 758 1647 798 pollicentur,
1659 769 1692 789 se
1707 769 1777 798 pro-

1151 799 1273 830 dituros
1288 801 1399 830 urbem
1416 804 1448 831 et
1464 800 1657 840 praesidium
1679 801 1778 832 Puni-

1151 852 1224 873 cum
1256 843 1413 873 Romanis
1449 844 1500 881 28,
1530 853 1546 874 2
1551 853 1579 882 3.
1617 844 1778 883 patefacta

1151 885 1343 924 proditione,
1368 885 1523 916 coniurati
1550 886 1778 926 Carthaginem

1151 928 1354 958 devehuntur
1373 937 1422 967 3ο.
1446 939 1465 959 a
1488 929 1658 959 Gaditanis
1678 929 1777 969 Mago

1151 971 1249 1010 exigit
1265 972 1435 1010 pecuniam
1447 970 1496 1010 36.
1521 971 1700 1002 Gaditanos
1710 981 1777 1002 ma-

1150 1013 1299 1052 gistratus
1319 1014 1352 1044 in
1372 1024 1498 1044 crucem
1520 1014 1607 1044 tollit
1630 1021 1680 1054 37.
1713 1014 1777 1045 Ga-

1151 1056 1251 1086 ditani
1269 1056 1427 1087 Romanis
1442 1057 1603 1087 deduntur
1617 1061 1689 1097 post
1705 1057 1777 1088 Ma-

1150 1098 1239 1138 gonis
1250 1100 1290 1129 ab
1305 1099 1425 1130 Oceani
1438 1109 1491 1130 ora
1504 1100 1688 1137 discessum,
1700 1099 1777 1131 ibid.

1151 1141 1323 1172 Gaditanis
1343 1142 1521 1179 remissum,
1536 1152 1577 1172 ne
1597 1142 1778 1182 praefectus

1152 1184 1261 1214 Gades
1275 1184 1456 1215 mitteretur
1471 1194 1524 1224 32,
1541 1194 1569 1216 2.

1109 1226 1217 1257 Gaesa
1231 1227 1262 1263 8,
1277 1228 1305 1257 8.

1108 1268 1240 1300 Gaetuli
1256 1269 1374 1300 milites
1392 1279 1442 1309 23,
1462 1270 1508 1300 18.

1107 1311 1193 1342 Gala
1208 1313 1435 1353 Massylorum,
1452 1311 1647 1343 Numidicae
1661 1313 1776 1352 gentis,

1148 1365 1203 1385 rex
1222 1365 1271 1393 24,
1288 1356 1338 1393 48.
1362 1355 1551 1386 Masinissae
1567 1358 1659 1394 pater
1674 1365 1724 1396 49.
1743 1359 1777 1387 et

1150 1407 1200 1438 29,
1221 1407 1269 1438 29.
1300 1398 1441 1437 iungitur
1461 1397 1778 1437 Carthaginiensibus

1151 1449 1201 1477 24,
1218 1450 1267 1481 49.
1292 1440 1426 1470 moritur
1443 1449 1492 1481 29,
1510 1449 1560 1480 29.

1106 1481 1249 1519 Galatia,
1270 1483 1450 1521 castellum,
1473 1482 1599 1522 capitur
1620 1483 1661 1513 ab
1684 1483 1776 1514 Han-

1147 1525 1254 1555 nibale
1272 1524 1322 1563 26,
1340 1533 1367 1564 5.

1106 1567 1274 1605 Galaesus,
1291 1568 1417 1605 fluvius,
1431 1567 1572 1607 quinque
1587 1567 1691 1599 millia
1705 1578 1776 1608 pas-

1146 1620 1240 1640 suum
1256 1621 1276 1640 a
1291 1610 1431 1641 Tarento
1447 1611 1538 1641 abest
1555 1618 1605 1649 25,
1624 1619 1672 1642 ΙΙ.

1105 1652 1210 1684 Galea
1234 1663 1260 1691 l,
1284 1662 1333 1692 43.
1367 1654 1479 1693 galeae
1502 1652 1649 1684 cristatae
1670 1663 1702 1694 9,
1725 1662 1775 1692 40.

1150 1705 1198 1733 10,
1215 1696 1264 1734 38.
1294 1697 1401 1735 galeas
1419 1699 1541 1735 gestare
1556 1695 1642 1726 soliti
1657 1695 1777 1727 milites

1147 1738 1180 1768 in
1197 1738 1387 1769 stationibus
1404 1749 1455 1777 44,
1471 1747 1521 1778 33.

1106 1780 1267 1821 Galeagra
1282 1781 1377 1811 turris
1393 1789 1444 1820 25,
1462 1790 1510 1820 23.

1107 1823 1278 1863 Galepsus,
1293 1825 1367 1854 urbs
1383 1823 1541 1854 Thraciae
1557 1834 1609 1863 44,
1622 1830 1672 1863 45.

1107 1866 1238 1897 Galeria
1253 1866 1396 1897 centuria
1410 1866 1570 1897 iuniorum
1588 1873 1639 1906 27,
1651 1865 1680 1898 6.

1106 1908 1226 1947 Gallia,
1243 1909 1417 1949 provincia,
1432 1909 1511 1940 olim
1526 1909 1707 1940 Ariminum
1724 1909 1774 1947 28,

1105 1961 1195 2025 Gai'lli
1212 1994 1368 2034 Cisalpini
1391 2004 1442 2032 22,
1457 1993 1507 2025 61.
1533 2001 1583 2033 27,
1599 1993 1649 2033 38.
1681 1993 1774 2025 Insu-

1146 2038 1217 2068 bres
1244 2047 1294 2077 30,
1325 2037 1372 2068 18.
1410 2037 1543 2077 Ligures
1570 2046 1619 2074 21,
1645 2035 1697 2074 38,
1723 2036 1773 2074 58.

1147 2079 1317 2120 Tectosagi
1333 2080 1384 2118 38,
1404 2078 1450 2111 ῐ6.
1481 2078 1681 2116 Tolistoboii,
1696 2077 1773 2110 ibid.

1147 2122 1352 2161 Transalpini
1369 2131 1420 2163 39,
1438 2131 1487 2152 22.
1512 2120 1642 2151 Trocmi
1658 2121 1710 2159 38,
1726 2119 1772 2152 16.

1147 2164 1237 2195 Galli
1259 2164 1333 2194 novi
1356 2164 1486 2194 accolae
1509 2162 1653 2194 Etruscis
1673 2170 1703 2202 5,
1725 2170 1772 2203 17.

1146 2210 1256 2246 captos
1277 2206 1447 2236 dulcedine
1472 2206 1610 2246 frugum,
1632 2205 1774 2237 maxime

1146 2248 1221 2285 vini,
1247 2248 1395 2279 transisse
1415 2249 1516 2288 Alpes
1539 2248 1625 2279 fama
1652 2251 1699 2279 est
1722 2257 1772 2288 33.

1145 2291 1291 2321 ducentis
1317 2295 1392 2321 ante
1417 2291 1520 2329 annis,
1545 2301 1641 2331 quam
1665 2291 1774 2322 Roma

1146 2337 1323 2372 caperetur,
1347 2334 1381 2364 in
1410 2333 1542 2364 Italiam
1570 2334 1772 2364 transcende-

1142 2379 1225 2413 rant,
1250 2375 1326 2407 ibid.
1366 2376 1544 2416 Tarquinio
1571 2375 1681 2407 Prisco
1705 2386 1772 2416 reg-

1142 2422 1240 2449 nante
1251 2419 1377 2450 Romae
1390 2428 1442 2458 34.
1465 2429 1575 2450 eorum
1587 2418 1682 2450 variis
1692 2422 1772 2449 tem-

1143 2461 1273 2500 poribus
1303 2462 1456 2492 transitus
1491 2461 1525 2492 in
1555 2461 1686 2492 Italiam
1718 2461 1772 2491 de·-

1143 2503 1263 2543 scripti,
1287 2503 1363 2535 ibid.
1391 2508 1423 2535 et
1443 2512 1493 2543 35.
1527 2503 1678 2543 postremi
1704 2513 1770 2534 om-

1143 2546 1233 2576 nium
1256 2547 1438 2587 transgressi
1457 2547 1608 2583 Senones,
1624 2545 1770 2577 Clusium

1144 2592 1332 2628 oppugnant
1345 2597 1394 2628 35.
1418 2588 1512 2628 legati
1528 2589 1569 2619 ad
1585 2598 1639 2619 eos
1650 2588 1771 2619 Roma-

1143 2641 1268 2669 norum,
1284 2631 1360 2662 ibid.
1389 2641 1575 2671 responsum
1599 2630 1770 2661 Gallorum

1144 2673 1193 2714 36.
1217 2674 1285 2705 iure
1299 2673 1443 2713 gentium
1454 2684 1474 2704 a
1486 2672 1642 2704 Romanis
1658 2673 1771 2712 legatis

1144 2716 1273 2754 violato,
1302 2716 1363 2756 ipsi
1393 2715 1527 2746 mittunt
1556 2716 1677 2755 legatos
1703 2716 1770 2746 Ro-

1143 2769 1242 2797 mam,
1251 2758 1327 2790 ibid.
1351 2759 1440 2789 elusa
1451 2769 1507 2789 sua
1523 2758 1692 2799 legatione,
1704 2758 1769 2789 Ro-

1142 2812 1228 2833 mam
1257 2801 1318 2832 iter
1346 2801 1518 2832 intendunt
1543 2808 1592 2841 37.
1638 2801 1770 2832 vincunt

1141 2845 1307 2875 Romanos
1331 2845 1372 2875 ad
1399 2843 1532 2882 Alliam,
1556 2843 1632 2875 ibid.
1656 2847 1688 2874 et
1716 2843 1766 2883 38.

1141 2887 1296 2928 diripiunt
1315 2890 1346 2918 et
1366 2887 1545 2918 incendunt
1562 2887 1700 2918 Romam
1717 2894 1768 2924 41.

1878 2856 1888 2879 ξ
