1888 3194
347 155 430 195 246
859 149 1234 193 EPITOMAE

348 243 462 293 vicit,
499 250 541 284 et
580 242 680 284 bina
719 249 853 283 castra
892 255 1038 283 eorum
1078 240 1348 297 expugnavit.
1414 237 1494 280 Cn.
1519 237 1748 295 Pompeius

352 300 553 342 Vestinos
580 300 625 341 in
650 298 911 341 deditionem
939 298 1111 355 accepit.
1174 298 1223 339 L.
1248 297 1423 339 Porcius
1444 295 1604 346 consul,
1625 296 1749 337 rebus

355 372 551 415 prospere
592 357 731 413 gestiS,
776 357 962 413 fusisque
1007 356 1229 412 aliquoties
1269 354 1435 404 Marsis,
1475 353 1577 395 dum
1617 361 1751 394 castra

357 430 504 457 eorum
532 422 759 471 expugnat,
782 414 946 456 cecidit.
1010 413 1074 455 Ea
1105 428 1170 454 res
1202 412 1391 454 hostibus
1415 411 1632 453 victoriam
1660 410 1751 451 eius

356 472 506 530 proelii
533 472 662 513 dedit.
728 472 961 513 Cosconius
989 480 1032 512 et
1058 470 1266 512 Lucceius
1293 469 1503 511 Samnites
1531 469 1618 510 acie
1639 467 1752 509 vice-

356 540 469 580 runt,
507 529 692 570 Marium
736 529 978 585 Egnatium,
1015 528 1320 569 nobilissimum
1360 527 1544 568 hostium
1584 526 1750 575 ducem,

357 587 617 636 occiderunt,
639 587 938 641 compluraque
967 600 1112 626 eorum
1140 585 1296 641 oppida
1322 585 1366 625 in
1394 583 1655 625 deditionem
1684 597 1753 624 ac-

358 654 573 701 ceperunt.
647 643 697 684 L.
740 643 855 684 Sulla
896 642 1100 698 Hirpinos
1140 642 1316 691 domuit,
1362 641 1569 683 Samnites
1609 639 1753 681 multis

357 702 527 759 proeliis
562 701 684 750 fudit,
722 700 884 755 aliquot
917 699 1095 755 populos
1126 700 1310 755 recepit:
1364 699 1617 754 quantisque
1657 711 1751 738 raro

357 760 580 814 quisquam
602 757 706 798 alius
727 765 824 798 ante
842 757 1107 798 consulatum
1127 757 1252 797 rebus
1272 757 1411 812 gestis,
1430 755 1484 796 ad
1503 755 1751 811 petitionem

356 815 596 858 consulatus
619 814 801 856 Romam
823 822 886 856 est
906 813 1130 870 profectus.

946 1040 1156 1082 LXXVI.

357 1162 411 1203 A.
431 1160 736 1203 GABINIUS
765 1160 940 1217 legatus,
962 1160 1087 1201 rebus
1117 1159 1314 1201 adversus
1336 1160 1533 1202 Lucanos
1553 1175 1751 1217 prospere

355 1219 496 1275 gestis,
519 1227 562 1260 et
581 1218 772 1274 plurimis
801 1217 966 1274 oppidis
993 1218 1257 1274 expugnatis,
1280 1218 1324 1258 in
1352 1217 1569 1259 obsidione
1598 1227 1753 1259 castro-

355 1292 450 1318 rum
483 1276 698 1317 hostilium
732 1275 896 1316 cecidit.
963 1274 1173 1331 Sulpicius
1203 1274 1364 1331 legatus
1390 1275 1657 1317 Marrucinos
1684 1290 1754 1317 ce·-

356 1334 473 1384 cidit,
491 1342 707 1389 totamque
729 1348 822 1374 eam
844 1332 1058 1389 regionem
1080 1332 1249 1388 recepit.
1270 1376 1273 1385 2
1307 1331 1388 1374 Cn.
1407 1332 1636 1389 Pompeius
1656 1347 1754 1389 pro-

356 1391 503 1433 consul
524 1390 724 1431 Vestinos
745 1399 788 1432 et
809 1390 1007 1446 Pelignos
1035 1390 1078 1430 in
1101 1389 1362 1431 deditionem
1383 1391 1555 1446 accepit.
1619 1390 1753 1431 Marsi

357 1464 540 1505 quoque,
579 1464 603 1489 a
638 1448 688 1489 L.
713 1448 897 1488 Murena
932 1456 975 1488 et
1013 1446 1200 1488 Caecilio
1236 1447 1377 1488 Pinna
1410 1447 1557 1503 legatis
1592 1447 1754 1503 aliquot

356 1506 524 1562 proeliis
546 1506 676 1554 fracti,
699 1520 846 1561 pacem
868 1505 1092 1561 petierunt.
1157 1504 1363 1545 Asculum
1392 1520 1416 1546 a
1446 1504 1526 1546 Cn.
1546 1504 1753 1560 Pompeio

359 1572 530 1619 captum
552 1572 626 1612 est,
649 1564 777 1603 caesis
798 1571 840 1603 ct
868 1577 892 1602 a
917 1561 1048 1602 Mam.
1066 1561 1252 1603 Aemilio
1273 1561 1411 1617 legato
1432 1561 1600 1603 Italicis.
1665 1561 1753 1604 Silo

356 1620 653 1676 Pompaedius,
684 1620 772 1660 dux
805 1619 1056 1668 Marsorum,
1086 1627 1231 1660 auctor
1260 1619 1385 1660 huius
1415 1619 1489 1669 rei,
1518 1619 1561 1660 in
1592 1619 1753 1676 proelio

356 1678 520 1719 cecidit.
584 1677 889 1718 Ariobarzanes
913 1676 1222 1732 Cappadociae,
1247 1676 1504 1718 Nicomedes
1526 1676 1753 1734 Bithyniae

356 1750 487 1791 regno
528 1750 552 1776 a
592 1734 858 1784 Mithridate,
890 1733 1019 1775 Ponti
1055 1749 1166 1790 rege,
1198 1733 1307 1791 pulsi
1343 1742 1452 1775 sunt.
1528 1734 1755 1776 Praeterea

356 1793 618 1834 incursiones
663 1791 878 1833 Thracum
928 1792 972 1832 in
1024 1791 1324 1833 Macedoniam
1374 1791 1753 1848 populationesque

357 1858 556 1892 contmet.

937 2016 1172 2059 LXXVII.

362 2129 551 2181 QUUM
587 2130 634 2171 P.
662 2129 871 2186 Sulpicius
907 2129 1100 2171 tribunus
1135 2129 1281 2185 plebis,
1318 2137 1488 2172 auctore
1526 2129 1576 2172 C.
1596 2129 1751 2182 Mario,

358 2189 614 2246 perniciosas
627 2187 740 2244 leges
753 2186 1068 2244 promulgasset,
1093 2192 1119 2211 ‘⁴
1134 2187 1197 2228 Ut
1210 2187 1374 2228 exsules
1387 2196 1694 2239 revocarentur,
1709 2197 1752 2230 et

359 2247 458 2288 novi
478 2246 588 2287 cives
603 2245 872 2300 libertinique
890 2244 1240 2286 distribuerentur
1255 2244 1300 2286 in
1316 2245 1486 2295 tribus,’'
1510 2253 1553 2287 et
1574 2251 1601 2270 “
1615 2245 1678 2287 Ut
1697 2245 1748 2287 C.

361 2303 524 2346 Marius
545 2303 742 2344 adversus
764 2301 1058 2343 Mithridatem
1080 2302 1208 2344 Ponti
1229 2317 1373 2359 regem
1394 2302 1482 2344 dux
1503 2303 1752 2354 crearetur,’'

359 2370 402 2403 et
432 2361 746 2403 adversantibus
776 2359 1016 2401 consulibus
1050 2359 1103 2408 Q.
1123 2360 1328 2416 Pompeio
1356 2367 1399 2402 et
1426 2359 1475 2401 L.
1498 2359 1638 2401 Sullae
1664 2360 1750 2402 vim

358 2419 580 2468 intulisset,
604 2418 739 2460 occiso
772 2417 825 2465 Q.
844 2417 1049 2473 Pompeio
1077 2417 1258 2459 consulis
1278 2417 1378 2467 filio,
1400 2432 1556 2473 genero
1580 2416 1748 2468 Sullae3

360 2476 410 2517 L.
434 2476 549 2517 Sulla
576 2475 721 2517 consul
752 2490 848 2516 cum
879 2475 1068 2516 exercitu
1094 2475 1138 2515 in
1166 2476 1312 2516 urbem
1333 2475 1461 2524 venit,
1484 2483 1527 2516 et
1553 2474 1750 2516 adversus

359 2533 584 2573 factionem
610 2532 785 2588 Sulpicii
806 2540 849 2573 et
870 2532 998 2572 Marii
1024 2532 1069 2572 in
1096 2532 1186 2588 ipsa
1209 2533 1311 2573 urbe
1334 2532 1549 2588 pugnavit,
1571 2547 1749 2588 eamque

361 2589 549 2645 expulit:
584 2605 636 2630 ex
665 2604 749 2644 qua
775 2589 999 2629 duodecim
1026 2604 1050 2629 a
1077 2597 1224 2630 senatu
1252 2589 1403 2638 hostes,
1426 2589 1536 2630 inter
1560 2604 1666 2645 quos
1696 2589 1746 2631 C.

360 2646 524 2688 Marius
543 2654 662 2702 pater
682 2654 725 2686 et
744 2645 867 2694 filius,
890 2645 1063 2686 iudicati
1085 2654 1192 2687 sunt.
1245 2646 1292 2687 P.
1313 2646 1533 2701 SulpiciUS,
1551 2661 1683 2702 quum
1704 2646 1750 2687 in

360 2703 541 2760 quadam
566 2702 664 2743 villa
692 2702 852 2750 lateret,
875 2701 1031 2742 indicio
1056 2703 1158 2743 servi
1192 2702 1256 2742 sui
1286 2712 1487 2743 retractus
1517 2711 1560 2743 et
1590 2703 1750 2744 occisus

359 2769 432 2802 est.
498 2759 662 2809 Servus,
684 2768 731 2800 ut
757 2758 990 2814 praemium
1018 2759 1266 2814 promissum
1293 2759 1423 2800 indici
1449 2759 1635 2810 haberet,
1661 2775 1750 2802 ma-

357 2817 579 2866 numissus,
602 2825 645 2858 et
671 2817 724 2857 ob
752 2815 885 2857 scelus
912 2815 1067 2871 proditi
1088 2816 1248 2857 domini
1269 2815 1322 2857 de
1343 2831 1443 2857 saxo
1464 2816 1652 2859 deiectus
1672 2826 1746 2859 est.

362 2875 412 2917 C.
444 2875 607 2917 Marius
642 2874 751 2915 filius
786 2873 830 2914 in
867 2872 1054 2914 Africam
1097 2873 1269 2914 traiecit.
1335 2872 1385 2915 C.
1417 2873 1578 2916 Marius
1617 2883 1747 2932 pater,
