1888 3194
527 200 654 242 LIB.
689 199 832 242 XLII.
876 199 1022 241 CAP.
1056 204 1124 242 49.
1480 203 1532 243 79

115 292 389 349 7pr0baretur
409 290 522 347 prior
548 290 700 346 legatio
729 289 894 340 Marcii,
916 299 959 331 et
986 289 1134 331 eodem
1163 304 1303 330 rursus
1331 290 1374 331 in
1399 290 1532 334 Grae·
1548 300 1592 332 U.
1609 301 1647 332 C.
1670 301 1742 341 58¹-

142 349 250 391 ciam
279 363 375 390 cum
407 348 781 404 quinqueremibus
808 348 1104 397 remitteretur,
1132 347 1433 403 iubereturque
1463 364 1532 390 ce-
1546 344 1586 375 A.
1610 344 1649 376 C.
1674 352 1744 383 17¹·

143 415 242 456 tera,
265 406 327 447 uti
352 421 375 447 e
400 406 613 462 republica
637 406 819 447 maxime
847 406 982 447 visum
1010 413 1129 454 esset,
1152 420 1285 462 agere.
1350 406 1402 446 A.
1428 421 1531 461 quo-

141 479 224 520 que
238 463 419 505 Atilium
433 463 636 505 miserunt
648 463 701 505 ad
715 463 1002 520 occupandam
1020 462 1228 504 Larissam
1243 462 1286 503 in
1301 462 1530 513 Thessalia,

141 521 350 571 timentes,
372 537 439 571 ne,
462 522 496 563 si
521 522 777 563 indutiarum
809 522 900 563 dies
924 521 1088 570 exisset,
1112 520 1302 570 Perseus,
1325 520 1532 576 praesidio

140 593 191 620 eo
211 579 348 628 misso,
371 589 497 636 caput
518 579 757 621 Thessaliae
779 579 823 620 in
844 588 1050 635 potestate
1072 578 1254 620 haberet.
1317 578 1418 619 Duo
1440 578 1533 620 mil-

139 635 196 678 lia
225 637 416 693 peditum
448 637 605 679 Atilius
636 638 687 679 ab
721 636 801 679 Cn.
829 636 986 679 Sicinio
1016 636 1204 692 accipere
1235 636 1288 678 ad
1319 651 1411 677 eam
1443 651 1531 678 rem

139 694 344 751 agendam
376 695 532 736 iussus:
576 704 618 738 et
650 695 698 736 P.
723 694 919 745 Lentulo,
952 694 1025 751 qui
1056 709 1110 735 ex
1140 693 1306 735 Achaia
1336 694 1530 744 redierat,

106 753 317 794 strecenti
331 752 484 794 milites
504 752 639 795 Italici
660 753 825 810 generis
846 753 946 803 dati,
964 763 1011 794 nt
1032 751 1192 793 Thebis
1208 751 1326 793 daret
1346 767 1529 809 operam,

138 819 187 852 ut
207 810 250 851 in
271 819 475 868 potestate
498 810 673 853 Boeotia
693 821 811 853 esset.

198 867 280 909 His
307 869 573 925 praeparatis,
596 884 837 926 quanquam
860 868 913 910 ad
940 867 1098 910 bellum
1123 867 1297 910 consilia
1316 879 1436 910 erant
1457 868 1530 910 de·
1605 871 1673 909 48.

139 925 302 976 sanata,
334 936 524 968 senatum
562 938 702 969 tamen
737 927 926 984 praeberi
957 926 1104 982 legatis
1134 926 1303 982 placuit.
1368 925 1528 968 Eadem
1544 925 1741 975 Legati-³91⁹-

138 983 237 1034 fere,
252 999 360 1040 quae
381 985 424 1026 in
447 985 656 1041 colloquio
677 986 728 1027 ab
749 1000 847 1042 rege
864 985 977 1025 dicta
997 993 1127 1034 erant,
1145 984 1275 1025 relata
1296 985 1348 1025 ab
1369 984 1527 1040 legatis.
1543 969 1717 1001 se1aud1t1.

138 1040 390 1083 Insidiarum
425 1042 608 1084 Eumeni
639 1042 840 1084 factarum
866 1043 1038 1091 crimen,
1067 1051 1110 1083 et
1140 1042 1322 1083 maxima
1349 1057 1461 1091 cura,
1488 1052 1531 1084 et

138 1099 311 1141 minime
329 1108 469 1141 tamen
490 1100 771 1156 probabiliter,
789 1100 1028 1156 (manifesta
1044 1100 1157 1140 enim
1174 1115 1239 1140 res
1260 1100 1368 1154 erat)
1384 1100 1530 1142 defen-

137 1171 242 1199 sum.
307 1156 461 1199 Cetera
476 1158 714 1214 deprecatio
735 1168 840 1199 erat:
875 1157 948 1199 sed
964 1172 1050 1198 non
1067 1157 1116 1198 iis
1137 1157 1286 1198 animis
1301 1157 1530 1199 audieban-

137 1223 217 1265 tur,
239 1215 313 1272 qui
340 1224 413 1257 aut
437 1215 591 1266 doceri,
622 1225 694 1257 aut
717 1216 826 1257 flecti
854 1224 1035 1272 possent.
1099 1214 1426 1265 Denuntiatum,
1456 1231 1529 1256 ex·
1543 1223 1728 1273 Excpdpre·

137 1273 295 1330 templo
335 1274 554 1315 moenibus
590 1273 702 1316 urbis
744 1274 920 1323 Romae,
958 1272 1080 1314 Italia
1118 1273 1228 1314 intra
1267 1273 1529 1328 trigesimum
1544 1266 1740 1299 stabam-‘³¹-

136 1330 249 1373 diem
270 1331 537 1373 excederent.
600 1331 647 1373 P.
668 1331 835 1373 Licinio
856 1331 1010 1373 deinde
1036 1329 1210 1380 consuli,
1233 1331 1300 1372 cui
1327 1330 1530 1373 Macedo-

135 1388 208 1430 nia
241 1389 454 1446 provincia
484 1390 723 1439 obvenerat,
755 1390 1064 1439 denuntiatum,
1097 1397 1145 1430 ut
1179 1389 1384 1430 exercitui
1415 1389 1529 1431 diem

135 1446 311 1504 primam
333 1462 544 1504 quamque
566 1447 726 1490 diceret
745 1447 799 1489 ad
819 1446 1169 1489 conveniendum.
1235 1446 1285 1488 C.
1305 1446 1529 1489 Lucretius
1543 1452 1714 1500 Luc-retius

103 1514 314 1562 9praetor‚
342 1506 411 1547 cui
435 1505 573 1548 classis
600 1506 816 1563 provincia
845 1515 947 1555 erat,
973 1520 1070 1547 cum
1101 1504 1380 1562 quadraginta
1404 1505 1529 1561 quin·
1542 1496 1714 1569 {212¹th

136 1563 405 1619 queremibus
439 1564 491 1605 ab
522 1564 623 1606 urbe
654 1564 887 1621 profectus:
932 1578 1029 1604 nam
1065 1578 1119 1604 ex
1151 1563 1317 1605 refectis
1352 1563 1529 1605 navibus
1541 1558 1680 1621 navigai.

137 1619 237 1662 alias
257 1621 301 1662 in
322 1620 449 1662 alium
467 1636 588 1662 usum
609 1622 780 1664 retineri
797 1621 850 1662 ad
872 1622 1015 1663 urbem
1038 1620 1207 1677 placuit.
1270 1620 1529 1663 Praemissus

138 1692 163 1719 a
181 1688 370 1735 praetore
392 1688 455 1720 est
478 1679 605 1720 frater
626 1678 688 1720 M.
707 1679 932 1720 Lucretius
959 1694 1055 1720 cum
1084 1680 1390 1735 quinquereme
1421 1695 1526 1721 una:

138 1735 369 1793 iussusque,
387 1737 438 1777 ab
459 1737 580 1778 sociis
600 1751 653 1778 ex
669 1736 837 1778 foedere
859 1736 1042 1792 acceptis
1063 1736 1251 1785 navibus,
1272 1735 1325 1777 ad
1345 1735 1530 1793 Cephal-

110 1802 119 1824 ¹
137 1792 291 1835 leniam
312 1793 429 1836 classi
451 1809 678 1836 occurrere.
743 1794 812 1835 Ab
835 1794 1049 1850 ‘Rheginis
1072 1794 1230 1835 triremi
1250 1809 1347 1843 una,
1370 1794 1422 1835 ab
1444 1794 1530 1836 Lo-

137 1851 216 1893 cris
242 1851 416 1901 duabus,
439 1853 490 1893 ab
516 1852 706 1893 Uritibus
735 1862 944 1908 quattuor,
967 1862 1131 1908 praeter
1151 1867 1264 1892 oram
1295 1851 1438 1893 Italiae
1461 1868 1529 1894 su-

135 1919 355 1966 pervectus
399 1909 617 1951 Calabriae
665 1919 900 1951 extremum
942 1909 1273 1965 promontorium
1317 1910 1358 1950 in
1408 1909 1528 1951 Ionio

134 1967 252 2016 mari,
279 1966 591 2024 Dyrrhachium
625 1967 787 2008 traiicit.
851 1966 915 2008 Ibi
944 1967 1090 2008 decem
1123 1967 1307 2022 ipsorum
1340 1966 1529 2024 Dyrrha-

134 2023 367 2074 chinorum,
410 2024 634 2066 duodecim
684 2024 931 2073 Issaeorum,
974 2024 1283 2080 quinquaginta
1330 2034 1529 2081 quattuor

137 2081 284 2124 Gentii
316 2082 426 2139 regis
466 2083 625 2125 lembos
661 2093 819 2131 nactus,
851 2082 1051 2124 simulans
1082 2097 1124 2123 se
1158 2082 1342 2132 credere,
1377 2099 1448 2124 eos
1483 2084 1528 2124 in

134 2155 255 2182 usum
284 2141 571 2183 Romanorum
600 2151 861 2198 comparatos
886 2156 987 2191 esse,
1011 2140 1206 2182 omnibus
1231 2140 1435 2191 abductis,
1458 2141 1526 2182 die

134 2199 257 2241 tertio
273 2198 516 2256 Corcyram,
534 2199 632 2240 indo
651 2199 841 2255 protinus
858 2199 900 2239 in
921 2197 1240 2255 Cephalleniam
1259 2198 1422 2240 traiicit.
1474 2199 1524 2241 C.

133 2256 356 2299 Lucretius
393 2267 542 2299 ›raetor
562 2258 613 2299 ab
642 2256 823 2314 Neapoli
847 2257 1071 2314 profectuS,
1094 2265 1288 2312 superato
1315 2256 1433 2306 freto,
1456 2257 1526 2298 die

132 2314 282 2372 quinto
304 2315 347 2356 in
367 2272 686 2372 kephalleniam
709 2315 945 2356 transmisit.
1008 2314 1072 2356 Ibi
1096 2314 1211 2356 stetit
1231 2314 1383 2364 classis,
1402 2315 1526 2356 simul

131 2373 368 2430 opperiens,
391 2383 438 2414 ut
460 2383 672 2415 terrestres
693 2373 837 2430 copiae
865 2373 1167 2421 traiicerentur,
1189 2372 1326 2422 simul,
1351 2382 1396 2413 ut
1424 2388 1526 2414 one-

131 2431 276 2481 rariae,
294 2446 347 2473 ex
369 2432 535 2488 agmine
558 2447 633 2472 suo
655 2447 729 2488 per
745 2431 875 2472 altum
898 2431 1134 2487 dissipatae,
1151 2441 1521 2486 consequerentur.

190 2489 273 2531 Per
300 2489 374 2530 hos
402 2489 506 2531 forte
532 2489 622 2530 dics
643 2489 689 2530 P.
711 2489 900 2530 Licinius
927 2489 1086 2538 consul,
1109 2488 1215 2529 votis
1244 2488 1286 2529 in
1311 2488 1524 2545 Capitolio
1569 2538 1575 2543 ⁹
1600 2484 1669 2521 49·

131 2548 395 2604 nuncupatis,
418 2547 640 2604 paludatus
668 2547 719 2588 ab
742 2547 843 2588 urbe
865 2546 1075 2603 profectus
1096 2556 1170 2587 est.
1236 2546 1411 2603 Semper
1431 2547 1525 2603 qui·
1539 2538 1681 2569 mems

130 2604 228 2647 dem
262 2621 312 2647 ea
346 2621 411 2647 res
442 2621 538 2646 cum
573 2620 723 2661 magna
754 2605 958 2661 dignitate
1000 2620 1048 2646 ac
1089 2604 1304 2646 maiestate
1340 2614 1521 2661 geritur:
1538 2583 1610 2612 (Μ’
1630 2584 1707 2621 pron

175 2716 193 2748 7
216 2710 257 2739 ln
275 2708 460 2749 Graeciam]
489 2709 560 2739 llus
578 2719 669 2739 voces
683 2719 702 2739 a
719 2708 804 2738 mala
850 2707 942 2747 Supr.
956 2715 1094 2745 xxx.43.
1132 2705 1261 2736 Etenim
1278 2707 1445 2745 provincia
1460 2717 1524 2736 om-

130 2760 227 2782 manu
244 2752 371 2783 additas
386 2764 465 2789 esse,
480 2758 511 2782 et
529 2762 696 2782 numerum
714 2751 803 2790 quiu-
851 2751 926 2780 nino
944 2760 1000 2790 pro
1011 2749 1123 2789 quovis
1139 2750 1291 2779 mandatu
1305 2749 1380 2779 belli
1394 2759 1526 2780 mutiero

131 2795 328 2833 queremium
357 2795 512 2826 excidisse
539 2794 702 2825 existimat
728 2796 803 2825 Cre·
849 2792 975 2823 dicitur.

133 2836 256 2869 vierius.
898 2845 906 2866 1
934 2838 959 2867 Α
969 2837 985 2864 h
1003 2836 1157 2875 ln'lwyim's
1178 2836 1319 2873 triremi]
1346 2846 1387 2865 sc.
1408 2834 1523 2873 Rhegi-

174 2880 193 2909 8
219 2882 260 2912 Ut
279 2882 406 2920 Thebis]
426 2879 801 2915 'l'ht-bisinuncnn,'1'}1t·-
849 2889 961 2909 norum
990 2877 1120 2908 triremi.
1170 2878 1220 2908 ltu
1244 2879 1284 2906 ab
1308 2879 1398 2907 sociis
1428 2888 1524 2907 naves

132 2920 189 2952 bna
204 2926 323 2954 umens.
348 2925 454 2956 Cum.
848 2927 921 2954 sunt
939 2932 1037 2953 nares
1053 2920 1224 2955 sociorum,
1242 2920 1312 2951 infr.
1331 2920 1380 2957 56.

174 2975 194 3001 ί)
217 2966 277 2996 s'm'
303 2968 412 2997 clama
440 2968 607 3007 prouincia
634 2967 722 3004 crat]
763 2966 802 2996 cs.
