<?xml version="1.0" encoding="UTF-8"?>
<!DOCTYPE html PUBLIC "-//W3C//DTD XHTML 1.0 Transitional//EN"
    "http://www.w3.org/TR/xhtml1/DTD/xhtml1-transitional.dtd">
<html xmlns="http://www.w3.org/1999/xhtml" xml:lang="en" lang="en">
 <head>
  <title>
</title>
<meta http-equiv="Content-Type" content="text/html;charset=utf-8" />
  <meta name='ocr-system' content='tesseract 3.04.00' />
  <meta name='ocr-capabilities' content='ocr_page ocr_carea ocr_par ocr_line ocrx_word'/>
</head>
<body>
  <div class='ocr_page' id='page_1' title='image "./historiarumli04livyuoft/historiarumli04livyuoft_0247.png"; bbox 0 0 1888 3194; ppageno 0'>
   <div class='ocr_carea' id='block_1_1' title="bbox 488 183 1504 228">
    <p class='ocr_par' dir='ltr' id='par_1_1' title="bbox 488 183 1504 228">
     <span class='ocr_line' id='line_1_1' title="bbox 488 183 1504 228; baseline 0 0"><span class='ocrx_word' id='word_1_1' title='bbox 488 184 769 228; x_wconf 89' lang='lat' dir='ltr'><strong>LIBROR..</strong></span> <span class='ocrx_word' id='word_1_2' title='bbox 816 183 1117 226; x_wconf 89' lang='lat' dir='ltr'><strong>DEPERI).</strong></span> <span class='ocrx_word' id='word_1_3' title='bbox 1421 186 1504 228; x_wconf 81' lang='lat'><strong>239</strong></span> 
     </span>
    </p>
   </div>
   <div class='ocr_carea' id='block_1_2' title="bbox 106 273 1507 732">
    <p class='ocr_par' dir='ltr' id='par_1_2' title="bbox 106 273 1507 732">
     <span class='ocr_line' id='line_1_2' title="bbox 106 273 1503 336; baseline -0.004 -13"><span class='ocrx_word' id='word_1_4' title='bbox 106 296 150 323; x_wconf 92' lang='lat' dir='ltr'><strong>se</strong></span> <span class='ocrx_word' id='word_1_5' title='bbox 171 280 409 336; x_wconf 80' lang='lat' dir='ltr'><strong>recepisset,</strong></span> <span class='ocrx_word' id='word_1_6' title='bbox 431 285 621 318; x_wconf 86' lang='lat' dir='ltr'><strong>mortuus</strong></span> <span class='ocrx_word' id='word_1_7' title='bbox 649 276 693 316; x_wconf 92' lang='lat' dir='ltr'><strong>in</strong></span> <span class='ocrx_word' id='word_1_8' title='bbox 719 273 915 316; x_wconf 91' lang='lat' dir='ltr'><strong>cubiculo</strong></span> <span class='ocrx_word' id='word_1_9' title='bbox 942 274 1140 315; x_wconf 89' lang='lat' dir='ltr'><strong>inventus</strong></span> <span class='ocrx_word' id='word_1_10' title='bbox 1161 283 1234 316; x_wconf 89' lang='lat' dir='ltr'><strong>est.</strong></span> <span class='ocrx_word' id='word_1_11' title='bbox 1301 275 1503 332; x_wconf 83' lang='lat' dir='ltr'><strong>Suspecta</strong></span> 
     </span>
     <span class='ocr_line' id='line_1_3' title="bbox 106 330 1502 392; baseline -0.004 -12"><span class='ocrx_word' id='word_1_12' title='bbox 106 338 198 388; x_wconf 88' lang='lat' dir='ltr'><strong>fuit,</strong></span> <span class='ocrx_word' id='word_1_13' title='bbox 221 346 422 392; x_wconf 87' lang='lat' dir='ltr'><strong>tanquam</strong></span> <span class='ocrx_word' id='word_1_14' title='bbox 451 334 491 375; x_wconf 92' lang='lat' dir='ltr'><strong>ei</strong></span> <span class='ocrx_word' id='word_1_15' title='bbox 518 346 731 374; x_wconf 88' lang='lat' dir='ltr'><strong>venenum</strong></span> <span class='ocrx_word' id='word_1_16' title='bbox 759 331 956 380; x_wconf 87' lang='lat' dir='ltr'><strong>dedisset,</strong></span> <span class='ocrx_word' id='word_1_17' title='bbox 982 330 1232 387; x_wconf 91' lang='lat' dir='ltr'><strong>Sempronia</strong></span> <span class='ocrx_word' id='word_1_18' title='bbox 1262 346 1381 381; x_wconf 84' lang='lat' dir='ltr'><strong>uxor,</strong></span> <span class='ocrx_word' id='word_1_19' title='bbox 1403 333 1502 374; x_wconf 89' lang='lat' dir='ltr'><strong>hinc</strong></span> 
     </span>
     <span class='ocr_line' id='line_1_4' title="bbox 107 387 1504 447; baseline -0.005 -10"><span class='ocrx_word' id='word_1_20' title='bbox 107 395 303 443; x_wconf 80' lang='lat' dir='ltr'><strong>maxime,</strong></span> <span class='ocrx_word' id='word_1_21' title='bbox 339 390 455 447; x_wconf 92' lang='lat' dir='ltr'><strong>quod</strong></span> <span class='ocrx_word' id='word_1_22' title='bbox 490 404 606 432; x_wconf 93' lang='lat' dir='ltr'><strong>soror</strong></span> <span class='ocrx_word' id='word_1_23' title='bbox 644 397 753 430; x_wconf 91' lang='lat' dir='ltr'><strong>esset</strong></span> <span class='ocrx_word' id='word_1_24' title='bbox 790 387 1094 438; x_wconf 87' lang='lat' dir='ltr'><strong>Gracchorum,</strong></span> <span class='ocrx_word' id='word_1_25' title='bbox 1129 403 1226 429; x_wconf 90' lang='lat' dir='ltr'><strong>cum</strong></span> <span class='ocrx_word' id='word_1_26' title='bbox 1262 388 1416 444; x_wconf 90' lang='lat' dir='ltr'><strong>quibus</strong></span> <span class='ocrx_word' id='word_1_27' title='bbox 1451 390 1504 430; x_wconf 89' lang='lat' dir='ltr'><strong>si-</strong></span> 
     </span>
     <span class='ocr_line' id='line_1_5' title="bbox 108 445 1506 493; baseline -0.004 0"><span class='ocrx_word' id='word_1_28' title='bbox 108 450 259 493; x_wconf 82' lang='lat' dir='ltr'><strong>multas</strong></span> <span class='ocrx_word' id='word_1_29' title='bbox 300 449 502 490; x_wconf 89' lang='lat' dir='ltr'><strong>Africano</strong></span> <span class='ocrx_word' id='word_1_30' title='bbox 541 446 688 488; x_wconf 91' lang='lat' dir='ltr'><strong>fuerat.</strong></span> <span class='ocrx_word' id='word_1_31' title='bbox 763 445 832 486; x_wconf 93' lang='lat' dir='ltr'><strong>De</strong></span> <span class='ocrx_word' id='word_1_32' title='bbox 878 454 1012 486; x_wconf 92' lang='lat' dir='ltr'><strong>morte</strong></span> <span class='ocrx_word' id='word_1_33' title='bbox 1058 453 1200 486; x_wconf 89' lang='lat' dir='ltr'><strong>tamen</strong></span> <span class='ocrx_word' id='word_1_34' title='bbox 1251 445 1341 486; x_wconf 91' lang='lat' dir='ltr'><strong>eius</strong></span> <span class='ocrx_word' id='word_1_35' title='bbox 1390 445 1506 487; x_wconf 87' lang='lat' dir='ltr'><strong>nulla</strong></span> 
     </span>
     <span class='ocr_line' id='line_1_6' title="bbox 108 502 1505 564; baseline -0.004 -15"><span class='ocrx_word' id='word_1_36' title='bbox 108 507 299 564; x_wconf 84' lang='lat' dir='ltr'><strong>quaestio</strong></span> <span class='ocrx_word' id='word_1_37' title='bbox 320 514 423 547; x_wconf 89' lang='lat' dir='ltr'><strong>acta.</strong></span> <span class='ocrx_word' id='word_1_38' title='bbox 488 504 553 545; x_wconf 91' lang='lat' dir='ltr'><strong>Eo</strong></span> <span class='ocrx_word' id='word_1_39' title='bbox 574 503 788 552; x_wconf 83' lang='lat' dir='ltr'><strong>defuncto,</strong></span> <span class='ocrx_word' id='word_1_40' title='bbox 812 502 1039 544; x_wconf 84' lang='lat' dir='ltr'><strong>seditiones</strong></span> <span class='ocrx_word' id='word_1_41' title='bbox 1064 502 1342 544; x_wconf 87' lang='lat' dir='ltr'><strong>triumvirales</strong></span> <span class='ocrx_word' id='word_1_42' title='bbox 1369 503 1505 544; x_wconf 88' lang='lat' dir='ltr'><strong>acrius</strong></span> 
     </span>
     <span class='ocr_line' id='line_1_7' title="bbox 107 558 1505 616; baseline -0.004 -10"><span class='ocrx_word' id='word_1_43' title='bbox 107 571 365 606; x_wconf 86' lang='lat' dir='ltr'><strong>exarserunt.</strong></span> <span class='ocrx_word' id='word_1_44' title='bbox 431 561 481 603; x_wconf 87' lang='lat' dir='ltr'><strong>C.</strong></span> <span class='ocrx_word' id='word_1_45' title='bbox 509 560 783 616; x_wconf 88' lang='lat' dir='ltr'><strong>Sempronius</strong></span> <span class='ocrx_word' id='word_1_46' title='bbox 811 559 958 601; x_wconf 86' lang='lat' dir='ltr'><strong>consul</strong></span> <span class='ocrx_word' id='word_1_47' title='bbox 985 568 1133 601; x_wconf 90' lang='lat' dir='ltr'><strong>contra</strong></span> <span class='ocrx_word' id='word_1_48' title='bbox 1159 558 1341 616; x_wconf 86' lang='lat' dir='ltr'><strong>Iapydas</strong></span> <span class='ocrx_word' id='word_1_49' title='bbox 1369 560 1505 616; x_wconf 89' lang='lat' dir='ltr'><strong>primo</strong></span> 
     </span>
     <span class='ocr_line' id='line_1_8' title="bbox 107 616 1507 673; baseline -0.003 -10"><span class='ocrx_word' id='word_1_50' title='bbox 107 636 197 663; x_wconf 88' lang='lat' dir='ltr'><strong>rem</strong></span> <span class='ocrx_word' id='word_1_51' title='bbox 218 620 326 662; x_wconf 88' lang='lat' dir='ltr'><strong>male</strong></span> <span class='ocrx_word' id='word_1_52' title='bbox 375 619 495 661; x_wconf 90' lang='lat' dir='ltr'><strong>essit:</strong></span> <span class='ocrx_word' id='word_1_53' title='bbox 530 632 629 659; x_wconf 84' lang='lat' dir='ltr'><strong>mox</strong></span> <span class='ocrx_word' id='word_1_54' title='bbox 649 617 824 658; x_wconf 89' lang='lat' dir='ltr'><strong>victoria</strong></span> <span class='ocrx_word' id='word_1_55' title='bbox 844 616 1007 658; x_wconf 81' lang='lat' dir='ltr'><strong>cladem</strong></span> <span class='ocrx_word' id='word_1_56' title='bbox 1028 625 1242 673; x_wconf 86' lang='lat' dir='ltr'><strong>acceptam</strong></span> <span class='ocrx_word' id='word_1_57' title='bbox 1264 617 1507 659; x_wconf 85' lang='lat' dir='ltr'><strong>emendavit</strong></span> 
     </span>
     <span class='ocr_line' id='line_1_9' title="bbox 108 673 1389 732; baseline -0.004 -12"><span class='ocrx_word' id='word_1_58' title='bbox 108 678 262 720; x_wconf 87' lang='lat' dir='ltr'><strong>virtute</strong></span> <span class='ocrx_word' id='word_1_59' title='bbox 285 677 341 719; x_wconf 88' lang='lat' dir='ltr'><strong>D.</strong></span> <span class='ocrx_word' id='word_1_60' title='bbox 382 676 471 718; x_wconf 89' lang='lat' dir='ltr'><strong>unii</strong></span> <span class='ocrx_word' id='word_1_61' title='bbox 493 675 630 725; x_wconf 83' lang='lat' dir='ltr'><strong>Bruti,</strong></span> <span class='ocrx_word' id='word_1_62' title='bbox 652 675 754 724; x_wconf 83' lang='lat' dir='ltr'><strong>eius,</strong></span> <span class='ocrx_word' id='word_1_63' title='bbox 777 674 851 732; x_wconf 93' lang='lat' dir='ltr'><strong>qui</strong></span> <span class='ocrx_word' id='word_1_64' title='bbox 873 673 1136 717; x_wconf 87' lang='lat' dir='ltr'><strong>Lusitaniam</strong></span> <span class='ocrx_word' id='word_1_65' title='bbox 1156 675 1389 731; x_wconf 82' lang='lat' dir='ltr'><strong>subegerat.</strong></span> 
     </span>
    </p>
   </div>
   <div class='ocr_carea' id='block_1_3' title="bbox 112 901 1507 1071">
    <p class='ocr_par' dir='ltr' id='par_1_3' title="bbox 112 901 1507 1071">
     <span class='ocr_line' id='line_1_10' title="bbox 764 901 861 944; baseline 0.01 -1"><span class='ocrx_word' id='word_1_66' title='bbox 764 901 861 944; x_wconf 89' lang='lat' dir='ltr'><strong>LX.</strong></span> 
     </span>
     <span class='ocr_line' id='line_1_11' title="bbox 112 1012 1507 1071; baseline -0.001 -14"><span class='ocrx_word' id='word_1_67' title='bbox 112 1015 163 1057; x_wconf 93' lang='lat' dir='ltr'><strong>L.</strong></span> <span class='ocrx_word' id='word_1_68' title='bbox 187 1013 509 1056; x_wconf 86' lang='lat' dir='ltr'><strong>AURELIUS</strong></span> <span class='ocrx_word' id='word_1_69' title='bbox 544 1012 691 1055; x_wconf 91' lang='lat' dir='ltr'><strong>consul</strong></span> <span class='ocrx_word' id='word_1_70' title='bbox 731 1013 982 1055; x_wconf 87' lang='lat' dir='ltr'><strong>rebellantes</strong></span> <span class='ocrx_word' id='word_1_71' title='bbox 1017 1012 1170 1055; x_wconf 87' lang='lat' dir='ltr'><strong>Sardos</strong></span> <span class='ocrx_word' id='word_1_72' title='bbox 1205 1015 1382 1071; x_wconf 85' lang='lat' dir='ltr'><strong>subegit.</strong></span> <span class='ocrx_word' id='word_1_73' title='bbox 1446 1014 1507 1056; x_wconf 93' lang='lat' dir='ltr'><strong>M.</strong></span> 
     </span>
    </p>
   </div>
   <div class='ocr_carea' id='block_1_4' title="bbox 111 1070 1521 2730">
    <p class='ocr_par' dir='ltr' id='par_1_4' title="bbox 111 1070 1521 2655">
     <span class='ocr_line' id='line_1_12' title="bbox 113 1070 1510 1127; baseline 0 -13"><span class='ocrx_word' id='word_1_74' title='bbox 113 1071 286 1114; x_wconf 89' lang='lat' dir='ltr'><strong>Fulvius</strong></span> <span class='ocrx_word' id='word_1_75' title='bbox 308 1071 480 1113; x_wconf 88' lang='lat' dir='ltr'><strong>Flaccus</strong></span> <span class='ocrx_word' id='word_1_76' title='bbox 500 1071 660 1126; x_wconf 88' lang='lat' dir='ltr'><strong>primus</strong></span> <span class='ocrx_word' id='word_1_77' title='bbox 681 1070 981 1126; x_wconf 87' lang='lat' dir='ltr'><strong>Transalpinos</strong></span> <span class='ocrx_word' id='word_1_78' title='bbox 1003 1070 1182 1127; x_wconf 86' lang='lat' dir='ltr'><strong>Ligures</strong></span> <span class='ocrx_word' id='word_1_79' title='bbox 1202 1072 1312 1113; x_wconf 88' lang='lat' dir='ltr'><strong>bello</strong></span> <span class='ocrx_word' id='word_1_80' title='bbox 1333 1072 1510 1122; x_wconf 89' lang='lat' dir='ltr'><strong>domuit,</strong></span> 
     </span>
     <span class='ocr_line' id='line_1_13' title="bbox 112 1127 1513 1171; baseline 0 0"><span class='ocrx_word' id='word_1_81' title='bbox 112 1130 262 1171; x_wconf 89' lang='lat' dir='ltr'><strong>missus</strong></span> <span class='ocrx_word' id='word_1_82' title='bbox 290 1129 335 1170; x_wconf 92' lang='lat' dir='ltr'><strong>in</strong></span> <span class='ocrx_word' id='word_1_83' title='bbox 363 1127 568 1169; x_wconf 84' lang='lat' dir='ltr'><strong>auxilium</strong></span> <span class='ocrx_word' id='word_1_84' title='bbox 590 1127 924 1168; x_wconf 82' lang='lat' dir='ltr'><strong>Massiliensibus</strong></span> <span class='ocrx_word' id='word_1_85' title='bbox 953 1127 1150 1169; x_wconf 90' lang='lat' dir='ltr'><strong>adversus</strong></span> <span class='ocrx_word' id='word_1_86' title='bbox 1181 1127 1385 1171; x_wconf 87' lang='lat' dir='ltr'><strong>Salluvios</strong></span> <span class='ocrx_word' id='word_1_87' title='bbox 1409 1129 1513 1171; x_wconf 89' lang='lat' dir='ltr'><strong>Gal-</strong></span> 
     </span>
     <span class='ocr_line' id='line_1_14' title="bbox 111 1183 1512 1242; baseline 0 -14"><span class='ocrx_word' id='word_1_88' title='bbox 111 1185 186 1236; x_wconf 83' lang='lat' dir='ltr'><strong>los,</strong></span> <span class='ocrx_word' id='word_1_89' title='bbox 223 1186 298 1242; x_wconf 81' lang='lat' dir='ltr'><strong>qui</strong></span> <span class='ocrx_word' id='word_1_90' title='bbox 338 1185 444 1226; x_wconf 89' lang='lat' dir='ltr'><strong>fines</strong></span> <span class='ocrx_word' id='word_1_91' title='bbox 486 1183 817 1225; x_wconf 90' lang='lat' dir='ltr'><strong>Massiliensium</strong></span> <span class='ocrx_word' id='word_1_92' title='bbox 857 1184 1180 1241; x_wconf 87' lang='lat' dir='ltr'><strong>populabantur.</strong></span> <span class='ocrx_word' id='word_1_93' title='bbox 1243 1185 1293 1227; x_wconf 91' lang='lat' dir='ltr'><strong>L.</strong></span> <span class='ocrx_word' id='word_1_94' title='bbox 1316 1186 1512 1242; x_wconf 89' lang='lat' dir='ltr'><strong>Opimius</strong></span> 
     </span>
     <span class='ocr_line' id='line_1_15' title="bbox 142 1241 1510 1300; baseline 0 -15"><span class='ocrx_word' id='word_1_95' title='bbox 142 1251 280 1285; x_wconf 88' lang='lat' dir='ltr'><strong>raetor</strong></span> <span class='ocrx_word' id='word_1_96' title='bbox 299 1242 581 1298; x_wconf 87' lang='lat' dir='ltr'><strong>Fregellanos,</strong></span> <span class='ocrx_word' id='word_1_97' title='bbox 604 1241 678 1297; x_wconf 90' lang='lat' dir='ltr'><strong>qui</strong></span> <span class='ocrx_word' id='word_1_98' title='bbox 706 1241 959 1292; x_wconf 86' lang='lat' dir='ltr'><strong>defecerant,</strong></span> <span class='ocrx_word' id='word_1_99' title='bbox 982 1242 1027 1283; x_wconf 92' lang='lat' dir='ltr'><strong>in</strong></span> <span class='ocrx_word' id='word_1_100' title='bbox 1048 1242 1310 1284; x_wconf 90' lang='lat' dir='ltr'><strong>deditionem</strong></span> <span class='ocrx_word' id='word_1_101' title='bbox 1336 1244 1510 1300; x_wconf 89' lang='lat' dir='ltr'><strong>accepit,</strong></span> 
     </span>
     <span class='ocr_line' id='line_1_16' title="bbox 111 1258 1513 1357; baseline 0 -15"><span class='ocrx_word' id='word_1_102' title='bbox 111 1258 322 1357; x_wconf 51' lang='lat' dir='ltr'><strong>Pregellas</strong></span> <span class='ocrx_word' id='word_1_103' title='bbox 353 1300 494 1341; x_wconf 88' lang='lat' dir='ltr'><strong>diruit.</strong></span> <span class='ocrx_word' id='word_1_104' title='bbox 557 1298 806 1340; x_wconf 87' lang='lat' dir='ltr'><strong>Pestilentia</strong></span> <span class='ocrx_word' id='word_1_105' title='bbox 837 1299 882 1340; x_wconf 91' lang='lat' dir='ltr'><strong>in</strong></span> <span class='ocrx_word' id='word_1_106' title='bbox 916 1299 1063 1341; x_wconf 90' lang='lat' dir='ltr'><strong>Africa</strong></span> <span class='ocrx_word' id='word_1_107' title='bbox 1094 1300 1146 1341; x_wconf 90' lang='lat' dir='ltr'><strong>ab</strong></span> <span class='ocrx_word' id='word_1_108' title='bbox 1180 1300 1343 1357; x_wconf 86' lang='lat' dir='ltr'><strong>ingenti</strong></span> <span class='ocrx_word' id='word_1_109' title='bbox 1377 1301 1513 1342; x_wconf 90' lang='lat' dir='ltr'><strong>locus-</strong></span> 
     </span>
     <span class='ocr_line' id='line_1_17' title="bbox 112 1356 1492 1414; baseline -0.001 -14"><span class='ocrx_word' id='word_1_110' title='bbox 112 1366 249 1400; x_wconf 85' lang='lat' dir='ltr'><strong>tarum</strong></span> <span class='ocrx_word' id='word_1_111' title='bbox 274 1356 560 1406; x_wconf 90' lang='lat' dir='ltr'><strong>multitudine,</strong></span> <span class='ocrx_word' id='word_1_112' title='bbox 582 1368 626 1398; x_wconf 90' lang='lat' dir='ltr'><strong>et</strong></span> <span class='ocrx_word' id='word_1_113' title='bbox 645 1356 800 1398; x_wconf 90' lang='lat' dir='ltr'><strong>deinde</strong></span> <span class='ocrx_word' id='word_1_114' title='bbox 829 1366 1073 1398; x_wconf 89' lang='lat' dir='ltr'><strong>necatarum</strong></span> <span class='ocrx_word' id='word_1_115' title='bbox 1100 1366 1252 1414; x_wconf 87' lang='lat' dir='ltr'><strong>strage,</strong></span> <span class='ocrx_word' id='word_1_116' title='bbox 1275 1358 1401 1400; x_wconf 88' lang='lat' dir='ltr'><strong>fuisse</strong></span> <span class='ocrx_word' id='word_1_117' title='bbox 1429 1366 1492 1400; x_wconf 89' lang='lat' dir='ltr'><strong>tra</strong></span> 
     </span>
     <span class='ocr_line' id='line_1_18' title="bbox 111 1414 1513 1457; baseline -0.001 0"><span class='ocrx_word' id='word_1_118' title='bbox 111 1414 238 1457; x_wconf 89' lang='lat' dir='ltr'><strong>ditur.</strong></span> <span class='ocrx_word' id='word_1_119' title='bbox 301 1414 501 1456; x_wconf 88' lang='lat' dir='ltr'><strong>Lustrum</strong></span> <span class='ocrx_word' id='word_1_120' title='bbox 531 1429 556 1455; x_wconf 90' lang='lat' dir='ltr'><strong>a</strong></span> <span class='ocrx_word' id='word_1_121' title='bbox 583 1414 824 1456; x_wconf 88' lang='lat' dir='ltr'><strong>censoribus</strong></span> <span class='ocrx_word' id='word_1_122' title='bbox 854 1414 1074 1456; x_wconf 87' lang='lat' dir='ltr'><strong>eonditum</strong></span> <span class='ocrx_word' id='word_1_123' title='bbox 1103 1424 1177 1456; x_wconf 86' lang='lat' dir='ltr'><strong>est.</strong></span> <span class='ocrx_word' id='word_1_124' title='bbox 1243 1414 1386 1457; x_wconf 87' lang='lat' dir='ltr'><strong>Censa</strong></span> <span class='ocrx_word' id='word_1_125' title='bbox 1415 1424 1513 1457; x_wconf 91' lang='lat' dir='ltr'><strong>sunt</strong></span> 
     </span>
     <span class='ocr_line' id='line_1_19' title="bbox 113 1472 1515 1529; baseline 0 -15"><span class='ocrx_word' id='word_1_126' title='bbox 113 1472 270 1514; x_wconf 90' lang='lat' dir='ltr'><strong>civium</strong></span> <span class='ocrx_word' id='word_1_127' title='bbox 305 1472 444 1528; x_wconf 90' lang='lat' dir='ltr'><strong>capita</strong></span> <span class='ocrx_word' id='word_1_128' title='bbox 480 1480 667 1513; x_wconf 88' lang='lat' dir='ltr'><strong>trecenta</strong></span> <span class='ocrx_word' id='word_1_129' title='bbox 698 1472 929 1528; x_wconf 86' lang='lat' dir='ltr'><strong>nonaginta</strong></span> <span class='ocrx_word' id='word_1_130' title='bbox 961 1472 1104 1522; x_wconf 90' lang='lat' dir='ltr'><strong>millia,</strong></span> <span class='ocrx_word' id='word_1_131' title='bbox 1138 1473 1406 1529; x_wconf 87' lang='lat' dir='ltr'><strong>septingenta</strong></span> <span class='ocrx_word' id='word_1_132' title='bbox 1442 1473 1515 1514; x_wconf 90' lang='lat' dir='ltr'><strong>tri-</strong></span> 
     </span>
     <span class='ocr_line' id='line_1_20' title="bbox 114 1528 1514 1587; baseline 0.001 -17"><span class='ocrx_word' id='word_1_133' title='bbox 114 1530 234 1586; x_wconf 84' lang='lat' dir='ltr'><strong>ginta</strong></span> <span class='ocrx_word' id='word_1_134' title='bbox 266 1544 352 1570; x_wconf 82' lang='lat' dir='ltr'><strong>sex.</strong></span> <span class='ocrx_word' id='word_1_135' title='bbox 418 1528 468 1571; x_wconf 91' lang='lat' dir='ltr'><strong>C.</strong></span> <span class='ocrx_word' id='word_1_136' title='bbox 496 1528 725 1579; x_wconf 89' lang='lat' dir='ltr'><strong>Gracchus,</strong></span> <span class='ocrx_word' id='word_1_137' title='bbox 765 1529 927 1572; x_wconf 88' lang='lat' dir='ltr'><strong>Tiberii</strong></span> <span class='ocrx_word' id='word_1_138' title='bbox 963 1529 1102 1580; x_wconf 87' lang='lat' dir='ltr'><strong>frater,</strong></span> <span class='ocrx_word' id='word_1_139' title='bbox 1138 1531 1332 1572; x_wconf 91' lang='lat' dir='ltr'><strong>tribunus</strong></span> <span class='ocrx_word' id='word_1_140' title='bbox 1367 1530 1514 1587; x_wconf 89' lang='lat' dir='ltr'><strong>plebis,</strong></span> 
     </span>
     <span class='ocr_line' id='line_1_21' title="bbox 115 1586 1511 1644; baseline 0.001 -17"><span class='ocrx_word' id='word_1_141' title='bbox 115 1586 382 1642; x_wconf 83' lang='lat' dir='ltr'><strong>eloquentior</strong></span> <span class='ocrx_word' id='word_1_142' title='bbox 416 1601 543 1642; x_wconf 92' lang='lat' dir='ltr'><strong>quam</strong></span> <span class='ocrx_word' id='word_1_143' title='bbox 578 1586 716 1636; x_wconf 89' lang='lat' dir='ltr'><strong>frater,</strong></span> <span class='ocrx_word' id='word_1_144' title='bbox 783 1587 1008 1628; x_wconf 89' lang='lat' dir='ltr'><strong>erniciosas</strong></span> <span class='ocrx_word' id='word_1_145' title='bbox 1043 1587 1205 1644; x_wconf 85' lang='lat' dir='ltr'><strong>aliquot</strong></span> <span class='ocrx_word' id='word_1_146' title='bbox 1239 1587 1354 1644; x_wconf 91' lang='lat' dir='ltr'><strong>leges</strong></span> <span class='ocrx_word' id='word_1_147' title='bbox 1389 1588 1511 1629; x_wconf 90' lang='lat' dir='ltr'><strong>tulit:</strong></span> 
     </span>
     <span class='ocr_line' id='line_1_22' title="bbox 116 1643 1514 1700; baseline 0.001 -15"><span class='ocrx_word' id='word_1_148' title='bbox 116 1643 228 1685; x_wconf 89' lang='lat' dir='ltr'><strong>inter</strong></span> <span class='ocrx_word' id='word_1_149' title='bbox 247 1658 350 1700; x_wconf 87' lang='lat' dir='ltr'><strong>quas</strong></span> <span class='ocrx_word' id='word_1_150' title='bbox 370 1643 698 1693; x_wconf 88' lang='lat' dir='ltr'><strong>frumentariam,</strong></span> <span class='ocrx_word' id='word_1_151' title='bbox 774 1653 790 1685; x_wconf 91' lang='lat' dir='ltr'><strong>t</strong></span> <span class='ocrx_word' id='word_1_152' title='bbox 813 1645 983 1686; x_wconf 89' lang='lat' dir='ltr'><strong>semisse</strong></span> <span class='ocrx_word' id='word_1_153' title='bbox 1012 1652 1056 1686; x_wconf 89' lang='lat' dir='ltr'><strong>et</strong></span> <span class='ocrx_word' id='word_1_154' title='bbox 1083 1645 1234 1686; x_wconf 85' lang='lat' dir='ltr'><strong>triente</strong></span> <span class='ocrx_word' id='word_1_155' title='bbox 1255 1645 1514 1686; x_wconf 88' lang='lat' dir='ltr'><strong>frumentum</strong></span> 
     </span>
     <span class='ocr_line' id='line_1_23' title="bbox 116 1700 1515 1757; baseline 0.001 -15"><span class='ocrx_word' id='word_1_156' title='bbox 116 1700 230 1757; x_wconf 90' lang='lat' dir='ltr'><strong>plebi</strong></span> <span class='ocrx_word' id='word_1_157' title='bbox 266 1701 462 1742; x_wconf 90' lang='lat' dir='ltr'><strong>daretur:</strong></span> <span class='ocrx_word' id='word_1_158' title='bbox 508 1700 681 1742; x_wconf 88' lang='lat' dir='ltr'><strong>alteram</strong></span> <span class='ocrx_word' id='word_1_159' title='bbox 718 1700 856 1756; x_wconf 87' lang='lat' dir='ltr'><strong>legem</strong></span> <span class='ocrx_word' id='word_1_160' title='bbox 892 1701 1109 1757; x_wconf 86' lang='lat' dir='ltr'><strong>agrariam,</strong></span> <span class='ocrx_word' id='word_1_161' title='bbox 1147 1716 1274 1757; x_wconf 89' lang='lat' dir='ltr'><strong>quam</strong></span> <span class='ocrx_word' id='word_1_162' title='bbox 1311 1711 1354 1743; x_wconf 89' lang='lat' dir='ltr'><strong>et</strong></span> <span class='ocrx_word' id='word_1_163' title='bbox 1389 1703 1515 1743; x_wconf 87' lang='lat' dir='ltr'><strong>frater</strong></span> 
     </span>
     <span class='ocr_line' id='line_1_24' title="bbox 117 1757 1516 1814; baseline 0.001 -15"><span class='ocrx_word' id='word_1_164' title='bbox 117 1758 208 1799; x_wconf 83' lang='lat' dir='ltr'><strong>eius</strong></span> <span class='ocrx_word' id='word_1_165' title='bbox 239 1758 415 1799; x_wconf 89' lang='lat' dir='ltr'><strong>tulerat:</strong></span> <span class='ocrx_word' id='word_1_166' title='bbox 456 1757 633 1807; x_wconf 88' lang='lat' dir='ltr'><strong>tertiam,</strong></span> <span class='ocrx_word' id='word_1_167' title='bbox 664 1773 748 1814; x_wconf 88' lang='lat' dir='ltr'><strong>qua</strong></span> <span class='ocrx_word' id='word_1_168' title='bbox 778 1768 1016 1814; x_wconf 89' lang='lat' dir='ltr'><strong>equestrem</strong></span> <span class='ocrx_word' id='word_1_169' title='bbox 1047 1758 1254 1808; x_wconf 92' lang='lat' dir='ltr'><strong>ordinem,</strong></span> <span class='ocrx_word' id='word_1_170' title='bbox 1285 1767 1387 1800; x_wconf 90' lang='lat' dir='ltr'><strong>tunc</strong></span> <span class='ocrx_word' id='word_1_171' title='bbox 1418 1774 1516 1800; x_wconf 91' lang='lat' dir='ltr'><strong>cum</strong></span> 
     </span>
     <span class='ocr_line' id='line_1_25' title="bbox 117 1815 1517 1872; baseline 0 -16"><span class='ocrx_word' id='word_1_172' title='bbox 117 1823 267 1856; x_wconf 87' lang='lat' dir='ltr'><strong>senatu</strong></span> <span class='ocrx_word' id='word_1_173' title='bbox 297 1815 646 1864; x_wconf 83' lang='lat' dir='ltr'><strong>consentientem,</strong></span> <span class='ocrx_word' id='word_1_174' title='bbox 678 1824 977 1872; x_wconf 87' lang='lat' dir='ltr'><strong>corrumperet,</strong></span> <span class='ocrx_word' id='word_1_175' title='bbox 1009 1815 1070 1856; x_wconf 87' lang='lat' dir='ltr'><strong>Ut</strong></span> <span class='ocrx_word' id='word_1_176' title='bbox 1097 1816 1286 1856; x_wconf 87' lang='lat' dir='ltr'><strong>sexcenti</strong></span> <span class='ocrx_word' id='word_1_177' title='bbox 1315 1831 1368 1857; x_wconf 86' lang='lat' dir='ltr'><strong>ex</strong></span> <span class='ocrx_word' id='word_1_178' title='bbox 1396 1816 1517 1871; x_wconf 89' lang='lat' dir='ltr'><strong>equi-</strong></span> 
     </span>
     <span class='ocr_line' id='line_1_26' title="bbox 120 1872 1518 1930; baseline 0.001 -17"><span class='ocrx_word' id='word_1_179' title='bbox 120 1872 230 1914; x_wconf 89' lang='lat' dir='ltr'><strong>tibus</strong></span> <span class='ocrx_word' id='word_1_180' title='bbox 264 1872 308 1913; x_wconf 90' lang='lat' dir='ltr'><strong>in</strong></span> <span class='ocrx_word' id='word_1_181' title='bbox 344 1872 503 1913; x_wconf 89' lang='lat' dir='ltr'><strong>curiam</strong></span> <span class='ocrx_word' id='word_1_182' title='bbox 539 1872 884 1927; x_wconf 86' lang='lat' dir='ltr'><strong>sublegerentur:</strong></span> <span class='ocrx_word' id='word_1_183' title='bbox 923 1880 978 1921; x_wconf 90' lang='lat' dir='ltr'><strong>et,</strong></span> <span class='ocrx_word' id='word_1_184' title='bbox 1011 1873 1110 1928; x_wconf 90' lang='lat' dir='ltr'><strong>quia</strong></span> <span class='ocrx_word' id='word_1_185' title='bbox 1144 1872 1224 1913; x_wconf 87' lang='lat' dir='ltr'><strong>illis</strong></span> <span class='ocrx_word' id='word_1_186' title='bbox 1258 1873 1518 1930; x_wconf 87' lang='lat' dir='ltr'><strong>temporibus</strong></span> 
     </span>
     <span class='ocr_line' id='line_1_27' title="bbox 119 1929 1519 1985; baseline 0.001 -15"><span class='ocrx_word' id='word_1_187' title='bbox 119 1929 294 1970; x_wconf 91' lang='lat' dir='ltr'><strong>trecenti</strong></span> <span class='ocrx_word' id='word_1_188' title='bbox 326 1938 489 1970; x_wconf 88' lang='lat' dir='ltr'><strong>tanturn</strong></span> <span class='ocrx_word' id='word_1_189' title='bbox 517 1937 728 1970; x_wconf 90' lang='lat' dir='ltr'><strong>senatores</strong></span> <span class='ocrx_word' id='word_1_190' title='bbox 755 1938 888 1979; x_wconf 91' lang='lat' dir='ltr'><strong>erant,</strong></span> <span class='ocrx_word' id='word_1_191' title='bbox 911 1930 1100 1970; x_wconf 87' lang='lat' dir='ltr'><strong>sexcenti</strong></span> <span class='ocrx_word' id='word_1_192' title='bbox 1129 1930 1294 1985; x_wconf 89' lang='lat' dir='ltr'><strong>equites</strong></span> <span class='ocrx_word' id='word_1_193' title='bbox 1320 1930 1519 1971; x_wconf 84' lang='lat' dir='ltr'><strong>trecentis</strong></span> 
     </span>
     <span class='ocr_line' id='line_1_28' title="bbox 116 1985 1518 2042; baseline 0.001 -15"><span class='ocrx_word' id='word_1_194' title='bbox 116 1986 378 2028; x_wconf 89' lang='lat' dir='ltr'><strong>senatoribus</strong></span> <span class='ocrx_word' id='word_1_195' title='bbox 413 1985 769 2027; x_wconf 89' lang='lat' dir='ltr'><strong>admiscerentur:</strong></span> <span class='ocrx_word' id='word_1_196' title='bbox 815 1986 860 2027; x_wconf 91' lang='lat' dir='ltr'><strong>id</strong></span> <span class='ocrx_word' id='word_1_197' title='bbox 893 1996 967 2035; x_wconf 87' lang='lat' dir='ltr'><strong>est,</strong></span> <span class='ocrx_word' id='word_1_198' title='bbox 1006 1995 1053 2027; x_wconf 90' lang='lat' dir='ltr'><strong>ut</strong></span> <span class='ocrx_word' id='word_1_199' title='bbox 1085 1995 1282 2042; x_wconf 89' lang='lat' dir='ltr'><strong>equester</strong></span> <span class='ocrx_word' id='word_1_200' title='bbox 1316 1987 1420 2028; x_wconf 89' lang='lat' dir='ltr'><strong>ordo</strong></span> <span class='ocrx_word' id='word_1_201' title='bbox 1455 1987 1518 2028; x_wconf 87' lang='lat' dir='ltr'><strong>bis</strong></span> 
     </span>
     <span class='ocr_line' id='line_1_29' title="bbox 118 2043 1516 2093; baseline -0.001 -8"><span class='ocrx_word' id='word_1_202' title='bbox 118 2051 282 2086; x_wconf 86' lang='lat' dir='ltr'><strong>tantum</strong></span> <span class='ocrx_word' id='word_1_203' title='bbox 303 2043 454 2084; x_wconf 88' lang='lat' dir='ltr'><strong>virium</strong></span> <span class='ocrx_word' id='word_1_204' title='bbox 476 2043 520 2083; x_wconf 91' lang='lat' dir='ltr'><strong>in</strong></span> <span class='ocrx_word' id='word_1_205' title='bbox 541 2052 690 2084; x_wconf 86' lang='lat' dir='ltr'><strong>senatu</strong></span> <span class='ocrx_word' id='word_1_206' title='bbox 711 2043 908 2085; x_wconf 90' lang='lat' dir='ltr'><strong>haberet:</strong></span> <span class='ocrx_word' id='word_1_207' title='bbox 933 2051 988 2093; x_wconf 93' lang='lat' dir='ltr'><strong>et,</strong></span> <span class='ocrx_word' id='word_1_208' title='bbox 1006 2044 1253 2085; x_wconf 89' lang='lat' dir='ltr'><strong>continuato</strong></span> <span class='ocrx_word' id='word_1_209' title='bbox 1275 2044 1319 2084; x_wconf 92' lang='lat' dir='ltr'><strong>in</strong></span> <span class='ocrx_word' id='word_1_210' title='bbox 1340 2044 1516 2086; x_wconf 87' lang='lat' dir='ltr'><strong>alterum</strong></span> 
     </span>
     <span class='ocr_line' id='line_1_30' title="bbox 117 2099 1518 2157; baseline 0 -15"><span class='ocrx_word' id='word_1_211' title='bbox 117 2115 277 2142; x_wconf 85' lang='lat' dir='ltr'><strong>annum</strong></span> <span class='ocrx_word' id='word_1_212' title='bbox 299 2101 529 2150; x_wconf 86' lang='lat' dir='ltr'><strong>tribunatu,</strong></span> <span class='ocrx_word' id='word_1_213' title='bbox 551 2099 590 2141; x_wconf 89' lang='lat' dir='ltr'><strong>le</strong></span> <span class='ocrx_word' id='word_1_214' title='bbox 622 2100 714 2142; x_wconf 89' lang='lat' dir='ltr'><strong>ibus</strong></span> <span class='ocrx_word' id='word_1_215' title='bbox 735 2100 904 2157; x_wconf 86' lang='lat' dir='ltr'><strong>agrariis</strong></span> <span class='ocrx_word' id='word_1_216' title='bbox 925 2100 1018 2142; x_wconf 90' lang='lat' dir='ltr'><strong>latis</strong></span> <span class='ocrx_word' id='word_1_217' title='bbox 1038 2101 1191 2150; x_wconf 83' lang='lat' dir='ltr'><strong>effecit,</strong></span> <span class='ocrx_word' id='word_1_218' title='bbox 1215 2110 1261 2142; x_wconf 89' lang='lat' dir='ltr'><strong>ut</strong></span> <span class='ocrx_word' id='word_1_219' title='bbox 1282 2100 1518 2157; x_wconf 90' lang='lat' dir='ltr'><strong>complures</strong></span> 
     </span>
     <span class='ocr_line' id='line_1_31' title="bbox 117 2115 1519 2208; baseline 0 -8"><span class='ocrx_word' id='word_1_220' title='bbox 117 2157 306 2200; x_wconf 89' lang='lat' dir='ltr'><strong>coloniae</strong></span> <span class='ocrx_word' id='word_1_221' title='bbox 328 2158 372 2199; x_wconf 91' lang='lat' dir='ltr'><strong>in</strong></span> <span class='ocrx_word' id='word_1_222' title='bbox 394 2157 516 2200; x_wconf 89' lang='lat' dir='ltr'><strong>Italia</strong></span> <span class='ocrx_word' id='word_1_223' title='bbox 531 2115 857 2208; x_wconf 48' lang='lat' dir='ltr'><strong>deducerentur,</strong></span> <span class='ocrx_word' id='word_1_224' title='bbox 880 2167 922 2199; x_wconf 91' lang='lat' dir='ltr'><strong>et</strong></span> <span class='ocrx_word' id='word_1_225' title='bbox 944 2173 1029 2199; x_wconf 89' lang='lat' dir='ltr'><strong>una</strong></span> <span class='ocrx_word' id='word_1_226' title='bbox 1050 2158 1093 2199; x_wconf 92' lang='lat' dir='ltr'><strong>in</strong></span> <span class='ocrx_word' id='word_1_227' title='bbox 1114 2158 1202 2200; x_wconf 92' lang='lat' dir='ltr'><strong>solo</strong></span> <span class='ocrx_word' id='word_1_228' title='bbox 1223 2158 1388 2200; x_wconf 90' lang='lat' dir='ltr'><strong>dirutae</strong></span> <span class='ocrx_word' id='word_1_229' title='bbox 1413 2157 1519 2200; x_wconf 91' lang='lat' dir='ltr'><strong>Car-</strong></span> 
     </span>
     <span class='ocr_line' id='line_1_32' title="bbox 118 2214 1515 2272; baseline -0.001 -15"><span class='ocrx_word' id='word_1_230' title='bbox 118 2214 328 2272; x_wconf 76' lang='lat' dir='ltr'><strong>tbagini83</strong></span> <span class='ocrx_word' id='word_1_231' title='bbox 380 2230 467 2272; x_wconf 92' lang='lat' dir='ltr'><strong>quo</strong></span> <span class='ocrx_word' id='word_1_232' title='bbox 508 2215 596 2271; x_wconf 87' lang='lat' dir='ltr'><strong>ipse</strong></span> <span class='ocrx_word' id='word_1_233' title='bbox 641 2215 833 2257; x_wconf 89' lang='lat' dir='ltr'><strong>triumvir</strong></span> <span class='ocrx_word' id='word_1_234' title='bbox 872 2225 1036 2257; x_wconf 86' lang='lat' dir='ltr'><strong>creatus</strong></span> <span class='ocrx_word' id='word_1_235' title='bbox 1076 2215 1284 2257; x_wconf 92' lang='lat' dir='ltr'><strong>coloniam</strong></span> <span class='ocrx_word' id='word_1_236' title='bbox 1325 2215 1515 2258; x_wconf 87' lang='lat' dir='ltr'><strong>deduxit.</strong></span> 
     </span>
     <span class='ocr_line' id='line_1_33' title="bbox 118 2271 1519 2330; baseline 0.001 -16"><span class='ocrx_word' id='word_1_237' title='bbox 118 2271 343 2314; x_wconf 84' lang='lat' dir='ltr'><strong>Praeterea</strong></span> <span class='ocrx_word' id='word_1_238' title='bbox 374 2287 439 2315; x_wconf 84' lang='lat' dir='ltr'><strong>res</strong></span> <span class='ocrx_word' id='word_1_239' title='bbox 467 2288 492 2314; x_wconf 87' lang='lat' dir='ltr'><strong>a</strong></span> <span class='ocrx_word' id='word_1_240' title='bbox 522 2273 577 2321; x_wconf 68' lang='lat' dir='ltr'><strong>Q.</strong></span> <span class='ocrx_word' id='word_1_241' title='bbox 598 2271 776 2314; x_wconf 91' lang='lat' dir='ltr'><strong>Metello</strong></span> <span class='ocrx_word' id='word_1_242' title='bbox 809 2272 1009 2314; x_wconf 88' lang='lat' dir='ltr'><strong>adversus</strong></span> <span class='ocrx_word' id='word_1_243' title='bbox 1039 2272 1224 2315; x_wconf 88' lang='lat' dir='ltr'><strong>Baliares</strong></span> <span class='ocrx_word' id='word_1_244' title='bbox 1251 2283 1388 2330; x_wconf 90' lang='lat' dir='ltr'><strong>gestas</strong></span> <span class='ocrx_word' id='word_1_245' title='bbox 1419 2288 1519 2315; x_wconf 92' lang='lat' dir='ltr'><strong>con-</strong></span> 
     </span>
     <span class='ocr_line' id='line_1_34' title="bbox 119 2329 1520 2388; baseline 0.001 -17"><span class='ocrx_word' id='word_1_246' title='bbox 119 2329 253 2371; x_wconf 87' lang='lat' dir='ltr'><strong>tinet:</strong></span> <span class='ocrx_word' id='word_1_247' title='bbox 296 2345 400 2387; x_wconf 86' lang='lat' dir='ltr'><strong>quas</strong></span> <span class='ocrx_word' id='word_1_248' title='bbox 438 2329 592 2372; x_wconf 86' lang='lat' dir='ltr'><strong>Graeci</strong></span> <span class='ocrx_word' id='word_1_249' title='bbox 629 2330 884 2388; x_wconf 83' lang='lat' dir='ltr'><strong>Gymnesias</strong></span> <span class='ocrx_word' id='word_1_250' title='bbox 918 2330 1145 2387; x_wconf 88' lang='lat' dir='ltr'><strong>appellant,</strong></span> <span class='ocrx_word' id='word_1_251' title='bbox 1183 2331 1284 2388; x_wconf 89' lang='lat' dir='ltr'><strong>quia</strong></span> <span class='ocrx_word' id='word_1_252' title='bbox 1318 2339 1520 2373; x_wconf 88' lang='lat' dir='ltr'><strong>aestatem</strong></span> 
     </span>
     <span class='ocr_line' id='line_1_35' title="bbox 120 2386 1519 2445; baseline 0.001 -17"><span class='ocrx_word' id='word_1_253' title='bbox 120 2386 223 2428; x_wconf 88' lang='lat' dir='ltr'><strong>nudi</strong></span> <span class='ocrx_word' id='word_1_254' title='bbox 245 2388 442 2444; x_wconf 87' lang='lat' dir='ltr'><strong>exigant:</strong></span> <span class='ocrx_word' id='word_1_255' title='bbox 478 2387 664 2429; x_wconf 88' lang='lat' dir='ltr'><strong>Baliares</strong></span> <span class='ocrx_word' id='word_1_256' title='bbox 693 2403 717 2429; x_wconf 91' lang='lat' dir='ltr'><strong>a</strong></span> <span class='ocrx_word' id='word_1_257' title='bbox 745 2387 817 2430; x_wconf 89' lang='lat' dir='ltr'><strong>teli</strong></span> <span class='ocrx_word' id='word_1_258' title='bbox 846 2388 974 2429; x_wconf 90' lang='lat' dir='ltr'><strong>missu</strong></span> <span class='ocrx_word' id='word_1_259' title='bbox 1002 2388 1214 2445; x_wconf 88' lang='lat' dir='ltr'><strong>appellati,</strong></span> <span class='ocrx_word' id='word_1_260' title='bbox 1237 2397 1308 2430; x_wconf 84' lang='lat' dir='ltr'><strong>aut</strong></span> <span class='ocrx_word' id='word_1_261' title='bbox 1330 2404 1353 2430; x_wconf 90' lang='lat' dir='ltr'><strong>a</strong></span> <span class='ocrx_word' id='word_1_262' title='bbox 1375 2388 1519 2437; x_wconf 90' lang='lat' dir='ltr'><strong>Baleo,</strong></span> 
     </span>
     <span class='ocr_line' id='line_1_36' title="bbox 123 2442 1521 2502; baseline 0.001 -16"><span class='ocrx_word' id='word_1_263' title='bbox 123 2442 320 2486; x_wconf 87' lang='lat' dir='ltr'><strong>Herculis</strong></span> <span class='ocrx_word' id='word_1_264' title='bbox 351 2445 518 2494; x_wconf 91' lang='lat' dir='ltr'><strong>comite,</strong></span> <span class='ocrx_word' id='word_1_265' title='bbox 547 2445 604 2487; x_wconf 89' lang='lat' dir='ltr'><strong>ibi</strong></span> <span class='ocrx_word' id='word_1_266' title='bbox 635 2445 781 2488; x_wconf 88' lang='lat' dir='ltr'><strong>relicto</strong></span> <span class='ocrx_word' id='word_1_267' title='bbox 814 2455 928 2495; x_wconf 93' lang='lat' dir='ltr'><strong>tunc,</strong></span> <span class='ocrx_word' id='word_1_268' title='bbox 951 2461 1082 2502; x_wconf 89' lang='lat' dir='ltr'><strong>quum</strong></span> <span class='ocrx_word' id='word_1_269' title='bbox 1112 2445 1319 2487; x_wconf 89' lang='lat' dir='ltr'><strong>Hercules</strong></span> <span class='ocrx_word' id='word_1_270' title='bbox 1350 2446 1404 2488; x_wconf 91' lang='lat' dir='ltr'><strong>ad</strong></span> <span class='ocrx_word' id='word_1_271' title='bbox 1432 2445 1521 2488; x_wconf 89' lang='lat' dir='ltr'><strong>Ge-</strong></span> 
     </span>
     <span class='ocr_line' id='line_1_37' title="bbox 121 2502 1520 2568; baseline 0.001 -25"><span class='ocrx_word' id='word_1_272' title='bbox 121 2502 295 2558; x_wconf 80' lang='lat' dir='ltr'><strong>ry&#39;onem</strong></span> <span class='ocrx_word' id='word_1_273' title='bbox 328 2503 554 2559; x_wconf 76' lang='lat' dir='ltr'><strong>navigaret,</strong></span> <span class='ocrx_word' id='word_1_274' title='bbox 619 2502 765 2545; x_wconf 91' lang='lat' dir='ltr'><strong>Motus</strong></span> <span class='ocrx_word' id='word_1_275' title='bbox 798 2518 969 2568; x_wconf 86' lang='lat' dir='ltr'><strong>quoque</strong></span> <span class='ocrx_word' id='word_1_276' title='bbox 1009 2502 1153 2560; x_wconf 87' lang='lat' dir='ltr'><strong>Syriae</strong></span> <span class='ocrx_word' id='word_1_277' title='bbox 1191 2503 1442 2553; x_wconf 84' lang='lat' dir='ltr'><strong>referuntur,</strong></span> <span class='ocrx_word' id='word_1_278' title='bbox 1477 2503 1520 2544; x_wconf 89' lang='lat' dir='ltr'><strong>in</strong></span> 
     </span>
     <span class='ocr_line' id='line_1_38' title="bbox 121 2558 1520 2655; baseline 0.001 -56"><span class='ocrx_word' id='word_1_279' title='bbox 121 2558 274 2655; x_wconf 50' lang='lat' dir='ltr'><strong>auibus</strong></span> <span class='ocrx_word' id='word_1_280' title='bbox 310 2559 537 2616; x_wconf 88' lang='lat' dir='ltr'><strong>Cleopatra</strong></span> <span class='ocrx_word' id='word_1_281' title='bbox 573 2559 841 2602; x_wconf 89' lang='lat' dir='ltr'><strong>Demetrium</strong></span> <span class='ocrx_word' id='word_1_282' title='bbox 878 2576 1013 2602; x_wconf 79' lang='lat' dir='ltr'><strong>virum</strong></span> <span class='ocrx_word' id='word_1_283' title='bbox 1055 2576 1176 2602; x_wconf 91' lang='lat' dir='ltr'><strong>suum</strong></span> <span class='ocrx_word' id='word_1_284' title='bbox 1213 2570 1256 2602; x_wconf 89' lang='lat' dir='ltr'><strong>et</strong></span> <span class='ocrx_word' id='word_1_285' title='bbox 1295 2560 1520 2602; x_wconf 86' lang='lat' dir='ltr'><strong>Seleucum</strong></span> 
     </span>
    </p>

    <p class='ocr_par' dir='ltr' id='par_1_5' title="bbox 123 2614 1521 2730">
     <span class='ocr_line' id='line_1_39' title="bbox 152 2614 1521 2675; baseline 0.001 -19"><span class='ocrx_word' id='word_1_286' title='bbox 152 2614 269 2665; x_wconf 91' lang='lat' dir='ltr'><strong>lium,</strong></span> <span class='ocrx_word' id='word_1_287' title='bbox 296 2617 526 2673; x_wconf 83' lang='lat' dir='ltr'><strong>indignata,</strong></span> <span class='ocrx_word' id='word_1_288' title='bbox 549 2617 679 2674; x_wconf 88' lang='lat' dir='ltr'><strong>quod,</strong></span> <span class='ocrx_word' id='word_1_289' title='bbox 702 2618 839 2659; x_wconf 89' lang='lat' dir='ltr'><strong>occiso</strong></span> <span class='ocrx_word' id='word_1_290' title='bbox 868 2627 985 2675; x_wconf 84' lang='lat' dir='ltr'><strong>patre</strong></span> <span class='ocrx_word' id='word_1_291' title='bbox 1015 2618 1105 2659; x_wconf 89' lang='lat' dir='ltr'><strong>eius</strong></span> <span class='ocrx_word' id='word_1_292' title='bbox 1133 2634 1157 2660; x_wconf 84' lang='lat' dir='ltr'><strong>a</strong></span> <span class='ocrx_word' id='word_1_293' title='bbox 1184 2634 1241 2668; x_wconf 89' lang='lat' dir='ltr'><strong>sc,</strong></span> <span class='ocrx_word' id='word_1_294' title='bbox 1265 2619 1424 2660; x_wconf 89' lang='lat' dir='ltr'><strong>iniussu</strong></span> <span class='ocrx_word' id='word_1_295' title='bbox 1445 2634 1521 2659; x_wconf 92' lang='lat' dir='ltr'><strong>suo</strong></span> 
     </span>
     <span class='ocr_line' id='line_1_40' title="bbox 123 2670 842 2730; baseline 0.004 -17"><span class='ocrx_word' id='word_1_296' title='bbox 123 2670 317 2715; x_wconf 80' lang='lat' dir='ltr'><strong>diadema</strong></span> <span class='ocrx_word' id='word_1_297' title='bbox 337 2675 592 2730; x_wconf 87' lang='lat' dir='ltr'><strong>sumpsisset,</strong></span> <span class='ocrx_word' id='word_1_298' title='bbox 616 2675 842 2716; x_wconf 87' lang='lat' dir='ltr'><strong>interemit.</strong></span> 
     </span>
    </p>
   </div>
  </div>
 </body>
</html>
