1888 3194
427 180 511 219 502
714 178 1062 222 VARIETAS
1108 179 1542 223 LECTIONUM

423 271 697 312 Hannibalem
719 287 853 313 unum.
872 297 929 301 —
945 271 1054 313 Ibid.
1085 280 1178 313 ante
1205 274 1400 327 omnibus]
1435 274 1612 313 omnibus
1638 279 1740 313 ante.
1763 296 1821 302 --

426 328 529 384 Cap.
577 332 645 369 48.
690 336 799 370 nocte
838 331 1066 383 Byzacium
1117 332 1190 384 (ita
1240 333 1434 385 reyionem
1474 331 1679 385 quandam
1718 330 1821 384 Afri

422 384 585 441 vocant)
610 388 899 442 transyressus]
929 395 1037 428 nocte
1064 390 1130 427 via
1158 389 1237 427 cita
1265 390 1459 442 reyionem
1481 388 1698 442 quamdam
1727 388 1821 441 ayri

434 444 587 484 Vocani
634 450 918 498 transyressus.
942 469 999 473 —
1019 443 1126 485 Ibid.
1180 446 1237 484 ad
1283 443 1413 500 mare]
1473 459 1599 485 mane.
1622 468 1680 473 —
1706 442 1815 484 Ibid.

422 500 589 553 turrem]
623 503 778 541 turrim.
797 500 978 541 —Ibid.
1007 516 1123 541 suum
1151 502 1346 555 eventum]
1379 516 1540 542 suorum
1573 508 1742 541 eventus.
1760 525 1819 529 —

421 555 532 599 Ibid.
561 558 716 598 Eodem
746 558 825 611 die]
854 559 921 597 Eo
948 559 1021 598 die.
1039 557 1219 598 —Ibid.
1254 573 1373 598 naves
1402 560 1556 613 aliquot
1573 560 1817 599 Phoenicum

422 615 645 668 onerarias]
677 630 795 654 naves
822 615 976 669 aliquot
1001 617 1218 655 onerarias.
1239 638 1293 644 ——-
1311 614 1419 655 Ibid.
1440 614 1814 669 percunctantibus]

414 673 752 725 percontantibus.
770 695 826 701 —
844 670 951 711 Ibid.
981 672 1150 725 leyatum
1179 687 1218 711 se
1249 672 1406 725 Tyrum
1433 673 1612 725 missum]
1645 674 1817 727 leyatum

421 743 460 768 se
499 730 667 781 Tyrum.
690 752 748 758 -—
768 727 876 768 Ibid.
908 728 1192 782 Adrumetum]
1225 728 1449 768 Achollam.
1473 751 1529 758 -·
1550 727 1658 769 Ibid.
1684 731 1818 783 patie-

421 785 557 836 batur]
589 786 859 838 patiebantur.
882 809 940 815 —
960 784 1068 825 Ibid.
1103 800 1224 840 quum
1248 785 1446 839 primum]
1479 800 1600 839 quam
1625 788 1815 838 primum.

419 866 478 872 -——-
498 840 604 882 Ibid.
649 842 881 895 referendis]
925 844 1053 882 remis.
1077 865 1133 873 ——-
1154 841 1261 883 Ibid.
1305 841 1636 898 collocandisque]
1689 844 1819 883 conlo-

421 900 572 939 candis.
595 923 654 928 —
674 897 782 939 Ibid.
828 900 884 940 Ut
912 899 1006 953 non]
1031 906 1079 948 et,
1113 906 1158 939 ut
1189 914 1276 940 non.
1302 923 1356 929 —
1378 899 1488 939 Ibid.
1523 900 1640 954 vulyo
1662 901 1818 953 freme-

420 955 534 1009 bant]
554 957 757 1009 ferebant.
782 982 838 987 -—
859 955 966 996 Ibid.
988 957 1240 1009 factionibus
1264 956 1454 1010 discordi]
1473 958 1736 1009 factionibus.
1759 982 1818 988 —

424 1011 528 1068 Cap.
552 1016 621 1054 49.
645 1014 708 1053 Et
726 1014 922 1067 Romani]
947 1014 1133 1053 Romani.
1156 1039 1212 1044 —
1234 1012 1342 1054 Ibid.
1368 1016 1601 1068 nuntiosque
1625 1015 1676 1054 ab
1701 1029 1743 1055 eo
1763 1016 1821 1055 ad

419 1071 663 1111 Antiochum
685 1077 723 1110 et
740 1071 901 1110 Aetolos
922 1072 1070 1119 missos,
1095 1072 1334 1125 consiliaque
1359 1073 1461 1111 inita
1486 1071 1743 1125 impellendae
1762 1073 1821 1112 ad

420 1129 672 1181 defectionem
711 1128 984 1181 Carthayinis,
1017 1143 1085 1168 nec
1113 1129 1193 1168 alio
1223 1143 1310 1168 eum
1341 1143 1462 1183 quam
1493 1129 1550 1167 ad
1573 1129 1817 1168 Antiochum

420 1200 548 1240 reyem
563 1186 790 1239 profectum
806 1201 821 1234 ‚-
855 1186 967 1225 haud
986 1187 1211 1239 quieturum
1240 1200 1326 1225 eum
1355 1185 1464 1238 ante]
1496 1187 1735 1240 nunciosque
1765 1187 1815 1225 ab

420 1257 462 1282 eo
489 1243 546 1282 ad
563 1243 806 1282 Antiochum
834 1257 962 1297 reyem
983 1243 1185 1296 profectos
1197 1258 1212 1290 ,·
1247 1242 1360 1281 haud
1384 1243 1610 1296 quieturum
1638 1249 1740 1282 ante.
1758 1267 1817 1273 —-

420 1298 527 1339 Ibid.
564 1299 766 1352 concisset]
802 1301 1018 1339 conscisset.
1037 1298 1217 1339 ——Ibid.
1247 1300 1301 1338 Id
1329 1300 1364 1338 ei
1392 1314 1468 1339 non
1496 1300 1630 1339 debere
1657 1301 1817 1353 impune

419 1356 516 1410 esse]
540 1357 605 1397 Ne
625 1358 686 1396 his
707 1357 840 1396 debere
861 1358 1020 1410 impune
1039 1371 1129 1396 esse.
1147 1381 1204 1384 —
1220 1354 1327 1395 Ibid.
1353 1362 1398 1395 ut
1423 1357 1472 1395 ab
1500 1357 1629 1395 altera
1649 1356 1812 1410 patria]

420 1420 466 1453 ut
484 1414 567 1453 alia
582 1416 737 1467 patria.
756 1439 813 1442 —
834 1412 940 1453 Ibid.
956 1412 1191 1467 filiumque]
1207 1413 1362 1465 filium.
1386 1437 1444 1442 --
1464 1411 1570 1452 Ibid.
1604 1414 1653 1452 T.
1685 1414 1816 1463 Quin-

419 1469 561 1525 ctium]
595 1471 837 1520 Quinctium.

478 1527 574 1567 LIB.
609 1526 826 1567 XXXIV.
874 1526 986 1582 Epit.
1023 1527 1086 1567 M,
1110 1528 1281 1567 Porcius
1324 1525 1444 1582 Cato]
1487 1527 1659 1568 Porcius
1701 1528 1812 1569 Cato.

418 1609 475 1614 ——
499 1584 603 1640 Cap.
639 1588 676 1624 2.
706 1583 898 1639 pertinet]
926 1586 1153 1638 pertineret.
1178 1608 1234 1613 ——
1254 1583 1362 1624 Ibid.
1396 1583 1657 1640 royationem]
1696 1600 1815 1640 roya-

420 1643 551 1682 tiones.
574 1666 632 1670 —
652 1641 759 1682 Ibid.
790 1640 896 1697 vere]
930 1657 1035 1681 vcra.
1058 1666 1115 1670 -—
1139 1640 1244 1696 Cap.
1277 1645 1315 1681 3.
1338 1641 1688 1698 procucurrerint]
1715 1658 1814 1696 pro-

419 1706 642 1739 currerunt.
665 1724 722 1728 -——
743 1698 850 1739 Ibid.
894 1697 1136 1753 abstineant]
1179 1700 1384 1739 abstinent.
1407 1723 1473 1748 -.
1488 1697 1592 1754 Cap.
1629 1702 1669 1740 4.
1712 1701 1817 1740 sicut

405 1758 529 1810 ferae
561 1755 723 1811 bestiae]
761 1758 865 1796 sicut
884 1757 986 1810 fera
1021 1757 1153 1796 bestia.
1177 1779 1234 1784 ——
1257 1754 1362 1811 Cap.
1398 1757 1436 1796 5.
1471 1755 1717 1812 seditionem]
1755 1772 1814 1797 se-

418 1815 594 1854 ditiones.
613 1839 670 1843 ——
689 1814 794 1869 Cap.
839 1815 876 1855 7.
923 1814 1227 1853 excellentiorem
1272 1811 1478 1868 ornatum]
1531 1814 1814 1854 excellentiores

421 1878 599 1911 ornatus.
623 1895 680 1900 —-
704 1869 807 1926 Cap.
841 1874 879 1911 8.
916 1871 1067 1925 Viyinti
1097 1868 1234 1925 annis]
1265 1885 1371 1910 anno
1403 1872 1611 1925 viqesimo..
1629 1869 1810 1911 —Ibid.

419 1944 591 1984 quarum
627 1932 799 1983 quinque
837 1930 1032 1968 sociorum
1072 1926 1206 1982 erant]
1250 1930 1421 1982 quinque
1455 1930 1648 1968 sociorum
1683 1934 1810 1968 erant.

418 2010 475 2014 —
494 1985 598 2041 Cap.
627 1988 663 2026 9.
694 1988 735 2026 in
763 1988 868 2025 areis
889 1986 1073 2039 Hispani
1098 1984 1304 2040 haberent]
1338 1987 1380 2025 in
1407 1987 1512 2025 areis
1538 1986 1736 2025 haberent.
1755 2009 1814 2015 -

422 2041 526 2098 Cap.
567 2046 630 2083 10.
653 2044 806 2096 ficisset
845 2041 997 2097 morbo]
1036 2043 1167 2082 morbo
1189 2043 1351 2095 fuisset.
1370 2066 1427 2070 -—
1446 2039 1572 2096 Capstx
1593 2044 1659 2082 11.
1686 2042 1812 2094 filius

417 2099 520 2155 eius]
536 2102 670 2152 filius.
690 2125 747 2129 —
767 2098 875 2140 Ibid.
907 2107 944 2139 et
969 2114 1087 2153 quam
1115 2113 1203 2138 moa:
1222 2101 1346 2152 sionis
1367 2099 1519 2137 collatis
1540 2099 1812 2139 dimicandum

416 2159 479 2205 sit,
498 2160 538 2197 in
560 2159 642 2197 dies
662 2156 870 2211 exspectet]
895 2171 983 2196 cum
1005 2171 1085 2210 qua
1106 2170 1195 2194 mox
1214 2157 1338 2209 sionis
1359 2155 1524 2195 conlatis
1540 2156 1811 2196 dimicandum

416 2214 492 2252 sibi
510 2216 551 2253 in
576 2215 657 2253 dies
684 2220 883 2267 easspectet.
902 2237 958 2241 -—
976 2212 1079 2266 Cap.
1107 2215 1169 2251 12.
1195 2210 1488 2267 ostentandam]
1519 2214 1807 2254 ostendendam.

420 2268 524 2324 Cap.
565 2273 630 2310 24.
675 2268 851 2324 aversos]
901 2270 1095 2308 adversos.
1114 2293 1171 2297 —
1190 2267 1293 2324 Cap.
1342 2271 1408 2309 15.
1451 2269 1680 2326 resistatur]
1728 2285 1811 2311 res-

416 2333 537 2366 tatur.
556 2351 613 2355 ——
631 2326 734 2381 Cap.
772 2328 835 2365 16.
871 2333 908 2365 et
933 2327 990 2365 ad
1017 2326 1146 2365 devios
1176 2332 1393 2375 montanos,
1421 2328 1647 2380 profectum
1676 2329 1808 2377 etiam,

402 2384 520 2436 falso
541 2384 745 2437 perlatum
773 2381 845 2436 est]
873 2389 910 2422 et
935 2383 991 2422 ad
1019 2384 1147 2422 devios
1169 2389 1374 2423 montanos
1392 2384 1669 2437 profecturam
1689 2387 1807 2425 etiam

402 2441 520 2493 falso
533 2441 736 2493 perlatum
758 2446 824 2479 est.
842 2464 900 2468 ——
919 2438 1022 2494 Cap.
1051 2442 1114 2480 19.
1148 2440 1283 2490 Quum
1311 2442 1462 2481 incerta
1486 2441 1628 2481 bellum
1653 2456 1707 2482 an
1722 2457 1810 2496 pax

416 2512 505 2537 cum
531 2497 732 2538 Celtiberis
761 2496 900 2549 essent]
943 2496 1078 2546 Quum
1114 2498 1318 2546 incertum,
1353 2498 1494 2537 bellum
1521 2512 1576 2537 an
1600 2513 1689 2552 pax
1719 2513 1808 2539 cum

423 2554 625 2594 Celtiberis
660 2560 769 2594 esset.
787 2577 846 2583 ——-
864 2551 968 2608 Cap.
1007 2556 1074 2593 22.
1113 2553 1361 2607 conventum]
1403 2561 1604 2598 conventu.
1622 2579 1681 2584 —
1697 2553 1805 2596 Ibid.

415 2612 540 2651 edicit.
602 2611 674 2650 Ad
706 2625 826 2665 quam
863 2611 946 2663 ubi]
983 2612 1118 2659 edicto,
1156 2612 1232 2650 ubi.
1252 2634 1306 2640 —
1326 2609 1430 2665 Cap.
1462 2613 1528 2651 23.
1570 2611 1677 2652 soliti
1708 2612 1805 2667 sint]

414 2669 520 2708 soliti
548 2674 650 2708 sunt.
668 2691 727 2697 —
745 2666 849 2722 Cap.
874 2670 940 2707 24.
971 2682 997 2707 a
1023 2667 1146 2721 vobis]
1180 2681 1206 2707 a
1237 2668 1354 2708 nobis.
1372 2691 1425 2696 —
1443 2666 1550 2708 Ibid.
1581 2670 1658 2708 imo
1685 2684 1808 2723 quam

414 2727 605 2765 immanes
625 2724 791 2777 belluae]
815 2726 1004 2764 immanes
1025 2725 1185 2764 belluae.
1203 2748 1261 2754 —-
1277 2722 1380 2779 Cap.
1406 2726 1472 2764 26.
1504 2725 1608 2764 mille
1634 2732 1673 2765 et
1691 2728 1807 2780 quin-

410 2782 537 2836 9enti]
570 2782 674 2822 mille
702 2783 915 2835 quinyenti.
933 2805 990 2810 —-
1006 2779 1112 2821 Ibid.
1149 2781 1426 2834 convenerunt]
1460 2789 1730 2823 convenerant.
1748 2805 1808 2813 —

419 2838 523 2894 Cap.
558 2841 624 2882 27.
663 2838 783 2892 iubet]
818 2836 1136 2893 iussit—Cap.
1168 2841 1234 2878 28.
1268 2839 1447 2892 portam]
1478 2840 1802 2895 porta—Cap.

416 2899 483 2936 31.
511 2911 591 2950 pro
615 2897 756 2950 patrio
787 2894 978 2948 sermone]
1008 2910 1087 2948 pro
1116 2897 1279 2949 patriae
1310 2910 1484 2936 sermone
1518 2897 1729 2936 brevitatis.
1747 2920 1805 2926 -
