1888 3194
337 164 392 202 20
743 189 747 194 -
845 161 992 204 ΤΙΤΙ
1029 161 1207 203 LIVII

134 258 233 291 Usc.
255 257 327 299 576.
341 251 510 294 Albano
529 252 708 303 rediens,
729 253 935 295 concidit:
969 263 1024 304 et,
1045 262 1161 310 parte
1187 254 1468 295 membrorum
1489 262 1646 311 captus,
1668 253 1723 295 ad

133 301 173 334 Α·
196 301 236 333 C.
260 300 329 341 175·
345 310 490 367 Aquas
525 310 737 352 Cumanas
777 312 987 367 profectus
1026 312 1337 368 ingravescente
1377 312 1534 362 morbo,
1574 311 1723 353 Cumis

341 368 528 410 decessit.
593 367 678 410 Sed
716 369 815 410 inde
855 378 1042 411 mortuus
1084 369 1263 410 Romam
1299 369 1458 419 allatus,
1495 381 1538 411 et
1575 369 1722 410 sunere

341 426 564 482 magnifico
595 426 727 468 elatus
761 427 1030 483 sepultusque
1062 436 1133 468 est.
1195 427 1392 468 Pontifex
1426 427 1539 468 idem
1574 427 1720 468 fuerat.

344 483 503 525 Consul
542 483 595 532 Q.
619 484 824 534 Petillius,
862 500 992 540 quum
1027 485 1207 540 primum
1242 499 1317 540 per
1350 485 1533 541 auspicia
1570 493 1722 540 posset,

341 541 523 598 collegae
545 541 808 598 subrogando
833 542 1001 583 comitia
1024 543 1176 583 habere
1205 542 1350 592 iussus,
1373 552 1416 583 et
1444 542 1614 583 Latinas
1635 542 1724 583 edi-

342 613 448 640 cere.
513 598 697 641 Comitia
716 600 761 640 in
781 608 877 640 ante
899 600 1010 640 diem
1033 601 1202 640 tertium
1225 599 1370 641 Nonas
1394 599 1582 649 Sextiles,
1606 599 1724 640 Lati-

132 667 291 708 Prodigia.
341 671 416 697 nas
436 657 480 697 in
501 665 596 698 ante
619 657 731 698 diem
758 657 927 698 tertium
956 657 1056 698 Idus
1087 656 1264 698 Sextiles
1291 657 1435 698 edixit.
1498 656 1640 698 Plenis
1659 672 1724 698 re-

340 713 544 770 ligionum
565 715 725 764 animis,
747 715 937 770 prodigia
957 715 1126 770 insuper
1146 715 1362 755 nuntiata:
1398 715 1570 755 Tusculi
1591 714 1724 756 facem

339 771 385 812 in
405 772 521 813 coelo
542 772 683 822 visam,
709 772 856 813 Gabiis
876 772 1024 813 aedem
1052 772 1262 827 Apollinis
1284 781 1326 812 et
1350 772 1511 827 privata
1536 771 1726 813 aedificia

339 829 565 885 complura,
610 829 818 870 Graviscis
858 844 1024 870 murum
1064 837 1311 884 portamque
1352 829 1404 870 de
1445 829 1561 870 coelo
1601 837 1723 870 tacta.

341 886 404 927 Ea
423 895 560 942 patres
580 887 804 943 procurari,
827 887 889 927 uti
909 886 1128 942 pontifices
1148 886 1417 936 censuissent,
1439 886 1658 928 iusserunt.

397 944 514 985 Dum
531 944 720 986 consules
736 944 919 1001 primum
939 944 1173 1000 religiones,
1188 944 1342 985 deinde
1363 943 1540 985 alterum
1555 943 1725 985 alterius

339 1016 461 1052 mors,
484 1010 526 1042 et
547 1002 727 1051 comitia,
750 1011 792 1043 et
812 1002 1058 1043 Latinarum
1079 1002 1322 1043 instauratio
1344 1001 1593 1058 impediunt,
1615 1001 1725 1043 inte-

338 1060 417 1100 rim
453 1058 503 1100 C.
530 1059 734 1101 Claudius
769 1059 999 1101 exercitum
1036 1059 1090 1100 ad
1125 1058 1352 1109 Mutinam,
1386 1074 1513 1116 quam
1545 1059 1724 1116 Ligures

338 1117 474 1174 priore
502 1132 613 1159 anno
641 1126 850 1174 ceperant,
873 1117 1068 1158 admovit.
1131 1117 1246 1158 Ante
1275 1117 1472 1167 triduum,
1495 1131 1621 1173 quam
1649 1127 1754 1173 op-7

337 1189 524 1231 pugnare
555 1183 761 1231 coeperat,
790 1183 1001 1231 receptam
1033 1190 1086 1216 ex
1115 1174 1315 1225 hostibus,
1342 1174 1500 1216 colonis
1529 1174 1721 1216 restituit.

342 1232 452 1273 Octo
492 1232 622 1273 millia
660 1233 719 1274 ibi
754 1232 961 1289 Ligurum
996 1232 1106 1274 intra
1137 1247 1277 1273 muros
1311 1247 1453 1282 caesa3
1494 1231 1723 1288 literaeque

341 1289 522 1331 Romam
535 1289 747 1346 extemplo
763 1291 953 1346 scriptae,
969 1290 1120 1346 quibus
1136 1305 1221 1331 non
1236 1290 1360 1331 modo
1377 1305 1464 1331 rem
1478 1297 1722 1346 exponeret,

338 1347 413 1389 sed
433 1347 558 1388 etiam
578 1348 835 1404 gloriaretur,
857 1363 930 1389 sua
949 1348 1101 1388 virtute
1123 1363 1169 1388 ac
1189 1347 1386 1389 felicitate
1407 1348 1620 1389 neminem
1640 1347 1723 1388 iam

338 1405 396 1446 cis
439 1405 569 1462 Alpes
607 1405 770 1446 hostem
810 1405 955 1462 populi
997 1405 1200 1446 Romani:
1251 1405 1422 1461 agrique
1462 1405 1755 1461 aliquantum8

339 1470 520 1519 captum,
544 1463 617 1519 qui
639 1463 779 1504 multis
800 1463 982 1504 millibus
1003 1463 1221 1504 hominum
1243 1463 1374 1503 dividi
1395 1463 1550 1504 viritim
1570 1471 1721 1519 posset.

197 1519 261 1560 17.
340 1520 398 1562 Et
426 1520 491 1561 Ti.
514 1520 783 1577 Sempronius
810 1521 959 1562 eodem
987 1529 1172 1576 tempore
1200 1521 1244 1561 in
1275 1520 1466 1562 Sardinia
1492 1520 1633 1561 multis
1659 1535 1723 1561 se-

130 1575 277 1607 Sardinia
338 1578 488 1619 eundis
507 1578 676 1634 proeliis
707 1577 858 1620 Sardos
878 1578 1128 1635 perdomuit.
1195 1578 1452 1627 Quindecim
1472 1578 1602 1619 millia
1628 1577 1724 1618 hos-

129 1622 254 1658 pacata.
338 1636 444 1677 tium
479 1644 577 1677 sunt
608 1651 736 1677 caesa.
802 1636 962 1677 Omnes
998 1635 1221 1677 Sardorum
1258 1635 1416 1692 populi,
1450 1636 1522 1691 qui
1558 1635 1724 1676 defece-

337 1701 443 1743 rant,
473 1693 517 1734 in
541 1693 745 1735 ditionem
774 1693 944 1734 redacti.
1009 1693 1300 1750 Stipendiariis
1326 1693 1536 1734 veteribus
1565 1692 1723 1749 duplex

337 1750 515 1807 vectigal
534 1750 798 1807 imperatum,
817 1760 1119 1806 exactumque:
1154 1752 1281 1792 ceteri
1302 1751 1559 1792 frumentum
1575 1758 1723 1792 contu—

336 1808 487 1850 lerunt.
550 1808 702 1850 Pacata
729 1808 955 1865 provincia,
978 1808 1274 1863 obsidibusque
1296 1824 1349 1849 ex
1377 1817 1464 1850 tota
1482 1807 1618 1851 insula
1644 1807 1723 1848 du-

337 1866 470 1907 centis
491 1866 662 1922 triginta
682 1866 876 1922 acceptis,
898 1865 1024 1921 legati
1057 1866 1253 1914 Romam,
1283 1866 1356 1920 qui
1387 1881 1436 1906 ea
1463 1865 1720 1915 nuntiarent,

338 1923 474 1972 missi3
517 1923 674 1978 quique
711 1923 761 1964 ab
794 1931 941 1963 senatu
975 1930 1180 1977 peterent,
1212 1931 1259 1963 ut
1290 1922 1343 1963 ob
1378 1937 1446 1963 eas
1480 1937 1558 1972 res,
1590 1922 1721 1964 ductu

337 1979 606 2036 auspicioque
621 1980 687 2021 Ti.
702 1979 938 2035 Sempronii
953 1994 1148 2035 prospere
1164 1988 1311 2035 gestas,
1327 1979 1406 2020 diis
1418 1979 1721 2021 immortalibus

336 2037 470 2078 honos
490 2036 725 2086 haberetur,
744 2037 910 2092 ipsique
932 2036 1156 2077 decedenti
1177 2035 1228 2077 de
1249 2037 1463 2092 provincia
1489 2037 1721 2078 exercitum

337 2109 479 2135 secum
505 2094 723 2150 deportare
752 2094 905 2136 liceret.
971 2093 1160 2143 Senatus,
1182 2094 1225 2134 in
1247 2093 1349 2135 aede
1379 2094 1589 2150 Apollinis
1608 2094 1720 2151 lega-

336 2160 473 2193 torum
493 2151 628 2193 verbis
649 2151 815 2202 auditis,
837 2151 1184 2208 supplicationem
1205 2151 1247 2191 in
1265 2151 1441 2192 biduum
1462 2151 1658 2202 decrevit,
1676 2160 1720 2194 et

334 2209 611 2264 quadraginta
645 2209 870 2250 maioribus
908 2209 1053 2250 hostiis
1088 2208 1276 2250 consules
1311 2209 1538 2251 sacrificare
1573 2210 1715 2252 iussit:

335 2267 401 2308 Ti.
428 2267 722 2323 Sempronium
762 2266 1055 2323 proconsulem
1091 2266 1405 2323 exercitumque
1442 2282 1492 2308 eo
1527 2282 1638 2308 anno
1672 2267 1718 2308 in

333 2339 545 2381 prov1n01a
565 2339 745 2366 manere„

125 2393 199 2424 Cos.
216 2394 321 2423 subro-
394 2381 580 2423 Comitia
599 2381 753 2423 deinde
781 2382 960 2423 consulis
988 2381 1112 2422 unius
1132 2381 1397 2437 subrogandi,
1420 2397 1526 2437 quae
1554 2382 1599 2422 in
1619 2390 1716 2424 ante

124 2439 225 2475 gatus.
334 2440 447 2481 diem
468 2439 636 2481 tertium
665 2439 811 2480 Nonas
835 2438 1013 2480 Sextiles
1040 2438 1177 2479 edicta
1197 2448 1326 2488 erant,
1349 2454 1398 2480 eo
1419 2439 1509 2495 ipso
1529 2439 1599 2480 die
1619 2447 1717 2480 sunt

333 2497 533 2539 confecta.
599 2496 652 2546 Q.
671 2496 862 2538 Petillius
883 2496 1028 2538 consul
1056 2496 1271 2552 collegam,
1293 2497 1367 2552 qui
1388 2496 1600 2553 extemplo
1628 2511 1715 2537 ma-

376 2671 392 2703 7
415 2665 502 2695 Ante
525 2663 679 2700 triduum,
694 2672 790 2701 quam
813 2672 1001 2701 oppugnare
1046 2660 1194 2700 spicuum
1225 2665 1273 2692 est
1303 2663 1506 2702 aliquantum
1536 2664 1622 2694 idem
1648 2675 1716 2696 esse

330 2707 493 2747 coeperat]
521 2706 555 2736 Si
581 2705 660 2735 haee
685 2715 763 2735 sana
783 2708 869 2741 sunt,
892 2713 1001 2734 sensus
1045 2704 1130 2742 quod
1154 2705 1299 2741 mullum,
1325 2715 1423 2744 quum
1451 2716 1525 2745 ager
1548 2706 1604 2736 ille
1628 2708 1715 2738 bello

330 2753 388 2788 est,
404 2752 579 2788 antequam
594 2747 736 2777 triduum
750 2747 894 2786 elapsum
908 2750 1000 2781 esset,
1045 2750 1159 2785 captus
1201 2747 1312 2777 multis
1356 2747 1498 2778 millibus
1546 2749 1714 2780 hominum

329 2802 370 2822 ex
396 2802 459 2831 quo
486 2800 672 2831 oppugnare
701 2790 812 2819 urbem
841 2792 997 2828 coeperat.
1043 2788 1141 2818 dividi
1171 2789 1285 2818 viritim
1322 2799 1414 2828 posse
1444 2791 1569 2822 dicitur.
1607 2792 1714 2823 CREV.

330 2833 514 2865 Perizonius
541 2835 628 2864 intra
652 2843 709 2872 pro
733 2837 809 2863 ante
835 2832 994 2862 emendat.
1043 2831 1083 2862 cf.
1100 2831 1166 2861 Cic.
1185 2832 1279 2862 Tusa:
1299 2832 1341 2867 Q.
1360 2843 1386 2862 Υ.
1404 2831 1432 2863 6.
1463 2834 1517 2864 Or,
1533 2834 1565 2864 in
1583 2834 1675 2865 Verr.
1692 2835 1711 2866 i.

329 2878 435 2908 CuEv.
1043 2884 1091 2912 54.
1119 2874 1180 2913 Ep.
1198 2875 1238 2904 ad
1257 2875 1379 2907 nivers.
1397 2875 1440 2907 ix.
1457 2875 1506 2907 ⁴26.

371 2921 389 2950 8
412 2920 558 2960 Ayriqne
582 2918 800 2958 aliquantum]
837 2916 903 2947 Hic
929 2926 994 2955 per-
