1888 3194
220 140 598 184 EDITIONIS
642 142 1408 185 DRAKENBORCHIANAE.
1461 145 1546 186 495

149 231 308 286 ductis]
343 231 548 272 deductis.
563 230 742 285 —Cap.
777 232 847 272 24.
881 231 994 272 mille
1010 231 1157 285 ferme
1185 246 1347 286 passus
1376 231 1548 288 longus]

149 289 264 330 mille
276 288 425 343 ferme
442 302 619 342 passus.
636 287 821 329 —Ibid.
847 288 938 329 Sed
955 293 997 328 et
1025 287 1321 342 Cynosarges]
1355 290 1433 328 sed
1464 290 1549 344 (ῤ’-ῃ

149 358 370 399 nosarges.
386 344 568 398 —Cap.
591 345 659 385 25.
689 343 965 400 Cyclzadam]
994 344 1257 398 Cycliadem.
1274 344 1453 398 —Cap.
1478 347 1546 386 27.

155 399 335 454 Cnidus]
358 400 501 441 Ilium.
524 425 582 430 -—
603 401 711 455 Cap.
734 403 804 442 29.
827 407 947 442 stata
968 400 1054 454 die]
1077 407 1243 442 statuta
1265 401 1345 441 die.
1363 424 1420 429 —
1437 400 1546 441 Ibid.

148 456 521 511 transcenderunt]
564 459 906 499 conscenderunt.
923 457 1107 498 ——Ibid.
1150 456 1304 510 eidem]
1347 457 1548 498 eiusdem.

146 514 328 569 —Cap.
351 515 420 555 31.
450 529 547 569 quzs
576 515 624 555 id
651 514 819 569 durius]
852 515 949 570 quis
979 514 1319 568 durius.-—Cap
1293 529 1332 568 p.
1355 514 1424 554 34.
1453 514 1551 554 bra-

148 571 258 612 chiis
297 586 389 612 cam
433 572 605 612 humero
650 571 854 626 abscisis]
908 572 1102 613 brachiis
1146 570 1548 612 abscisis.——lbid.

146 628 263 669 mille
285 627 466 683 passus]
500 629 704 669 ducentos
727 643 900 683 passus.
919 653 976 657 -—
994 628 1103 682 Cap.
1126 629 1194 669 36.
1233 628 1316 669 Ubi
1346 628 1551 668 latentem

146 685 265 726 intra
282 686 435 726 vallum
457 686 618 727 hostem
639 686 760 735 vidit,
783 687 827 727 in
848 686 1030 727 tumulos
1051 700 1217 741 quoque
1238 699 1292 726 ac
1312 685 1390 725 sub
1412 685 1551 739 ipsum

147 742 304 783 vallam
334 743 606 798 exprobrans
638 749 790 784 metum
820 742 1046 797 successit]
1090 743 1174 783 Ubi
1206 743 1405 783 latentem
1436 742 1551 783 intra

148 799 304 840 callum
335 800 482 849 sensit,
517 800 790 855 exprobrans
825 806 976 841 metam
1013 800 1231 841 successit.
1246 799 1430 840 ——lbid.
1469 798 1552 840 Or-

148 855 414 912 tholophum]
457 856 750 922 Octolophum.
770 857 950 912 —Cap.
987 857 1054 897 37.
1098 856 1452 912 zntemperantius
1486 870 1552 896 se-

148 913 254 965 cuti]
291 914 646 969 intemperantius
680 914 876 957 insecuti.
897 938 954 942 —
976 913 1081 967 Cap.
1114 915 1183 955 38.
1207 914 1398 969 facilius
1434 911 1548 966 erat]

132 970 337 1024 facilius.
353 970 528 1025 —Cap.
547 971 614 1012 39.
633 971 1090 1026 properepermunz'it]
1107 971 1358 1026 permuniit.
1369 970 1548 1010 —Ibid.

146 1026 452 1082 rhomphaeae]
487 1028 762 1082 ro.mphaeae
780 1028 959 1081 ——Cap.
990 1029 1060 1068 40.
1098 1026 1427 1083 Ortholophmn]
1469 1026 1551 1067 Oc-

147 1084 379 1139 tolopham.
397 1108 454 1113 —
474 1084 582 1137 Cap.
616 1085 686 1125 41.
725 1085 981 1149 quingentos
1009 1084 1187 1139 passus]
1224 1086 1551 1140 quingentorum

138 1155 362 1196 passuum.
380 1164 437 1169 —
455 1140 561 1195 Cap.
585 1141 654 1181 43.
678 1147 718 1182 et
742 1142 999 1196 quingentos
1020 1141 1205 1196 equites]
1237 1147 1278 1182 et
1298 1142 1477 1197 equites.
1494 1164 1552 1169 -—

147 1197 260 1239 Ibid.
289 1196 438 1253 gesta]
469 1204 601 1253 gesta
633 1204 771 1239 erant.
790 1197 971 1252 —Cap.
1001 1199 1072 1238 44.
1105 1198 1231 1239 virile
1262 1213 1316 1239 ac
1348 1198 1552 1238 muliebre

145 1253 287 1309 secus]
326 1254 466 1296 virilis
498 1270 551 1296 ac
584 1254 800 1296 muliebris
829 1269 970 1295 sexus.
988 1254 1169 1308 —Cap.
1200 1255 1269 1295 4).
1304 1255 1553 1295 transvehe-

146 1318 308 1361 rentur,
332 1312 475 1353 urbem
505 1327 733 1367 arcemque
763 1311 1052 1365 tradiderunt]
1089 1313 1553 1353 transveherentur.—

147 1367 259 1410 Ibid.
284 1370 344 1410 ad
367 1368 697 1423 Canastraeum]
723 1370 1049 1410 Canastraeum.
1068 1394 1125 1398 —
1142 1369 1248 1424 Cap.
1268 1370 1338 1410 46.
1363 1367 1549 1423 agitari]

147 1426 392 1466 consultari.
410 1450 468 1455 —
484 1425 594 1467 Ibid.
619 1433 659 1467 et
677 1427 866 1482 pondere
888 1427 1054 1481 ingenti
1074 1441 1201 1467 satra.
1245 1426 1488 1467 Faciebant
1508 1431 1550 1466 et

148 1482 382 1536 cuniculos]
406 1489 446 1524 et
461 1484 658 1538 pondere
679 1484 846 1539 <ingenti
865 1498 979 1524 saxa
1001 1483 1235 1533 iaciebant,
1253 1489 1293 1524 et
1315 1483 1548 1524 cuniculos.

147 1562 202 1570 --
221 1540 331 1580 Ibid.
356 1540 514 1594 Itaque
536 1556 659 1594 quum
675 1546 856 1595 praeter
881 1555 999 1595 spem
1022 1547 1188 1596 tempus
1210 1541 1270 1582 ibi
1292 1540 1552 1590 traheretur,

140 1598 330 1652 plusque
361 1597 404 1637 in
434 1597 653 1638 obsidione
685 1604 727 1638 et
760 1598 802 1638 in
835 1598 1050 1652 operibus,
1088 1612 1214 1652 quam
1248 1598 1293 1638 in
1324 1611 1552 1652 oppugna-

148 1655 263 1695 tione
300 1654 429 1695 celeri
461 1655 556 1709 spei
592 1653 721 1708 esset]
764 1654 827 1694 ita
864 1660 908 1694 ut
943 1670 1101 1709 parum
1142 1655 1184 1695 in
1225 1655 1551 1710 expugnatione

148 1712 280 1752 ceteri
311 1712 407 1766 spei
441 1711 768 1752 esset.—lbid.
804 1712 847 1752 in
881 1726 1037 1760 arcem,
1075 1726 1186 1766 quae
1218 1726 1350 1767 super
1375 1717 1551 1766 portum

148 1774 227 1817 est,
258 1768 572 1824 perruperant]
611 1770 808 1824 quodque
843 1783 972 1823 super
999 1774 1172 1823 portum
1212 1775 1289 1817 est,
1329 1768 1371 1808 in
1408 1783 1551 1809 arcem

140 1831 446 1881 perruperunt.
466 1849 523 1854 —
540 1826 645 1880 Cap.
669 1827 738 1866 47.
762 1824 936 1879 statum]
966 1826 1166 1880 spatium.
1186 1850 1243 1854 —
1261 1826 1367 1879 Cap.
1392 1825 1458 1865 49.
1484 1839 1551 1866 ve-

148 1881 339 1936 ritatem]
374 1883 739 1924 veritum-Ibid.
770 1883 960 1938 populus
988 1883 1208 1924 Romanus
1236 1881 1414 1937 rideret]
1438 1883 1550 1938 pub-

149 1940 232 1981 lice
254 1940 485 1981 rideretur.

208 1996 307 2038 Lm.
347 1996 550 2037 XXXII.
595 1997 700 2052 Cap.
738 1999 779 2038 2.
824 1996 1121 2053 expleverunt]
1163 1998 1550 2052 suppleverunt.—

148 2053 260 2095 lbid.
287 2053 542 2109 augeretur]
573 2061 809 2109 cogeretur.
829 2079 884 2083 ——
901 2054 1009 2109 Cap.
1033 2055 1074 2096 4.
1103 2070 1212 2109 quas
1239 2055 1369 2094 Coela
1399 2060 1551 2095 cocant

155 2111 439 2153 Thessaliae:
471 2126 582 2166 quae
611 2110 865 2166 transeunti]
901 2127 1010 2167 quas
1037 2112 1170 2152 Coela
1195 2117 1379 2152 vocant:
1419 2111 1551 2153 Thes-

147 2168 372 2224 saliaeque
412 2169 865 2224 transeunti.—Cap.
909 2172 948 2210 5.
993 2170 1223 2225 quanticun
1259 2168 1325 2222 uc]
1369 2175 1550 2223 quanta-

148 2240 336 2281 cumque.
355 2225 538 2267 —Ibid.
567 2226 706 2272 Quum
732 2226 1015 2267 Heraclidem
1047 2184 1254 2280 amicumff
1279 2241 1370 2267 cum
1401 2226 1549 2266 Ilera-

148 2283 274 2324 elide.
309 2298 403 2324 nam
436 2298 559 2338 quum
591 2298 695 2325 eum.
711 2283 891 2338 —Cap.
926 2286 964 2325 6.
1003 2282 1289 2337 transvectus]
1325 2283 1544 2324 traiectus.

147 2364 204 2369 —
223 2340 331 2406 Cap.
354 2341 395 2381 9.
424 2355 603 2395 porcum
631 2356 723 2382 cum
752 2342 933 2382 humano
961 2340 1126 2396 capite]
1152 2355 1335 2396 porcum
1365 2341 1548 2382 humano

148 2398 309 2453 capite.
326 2397 508 2438 —Ibid.
538 2397 847 2452 expediebant]
883 2398 1154 2454 expediebat.
1172 2422 1229 2427 ——
1247 2397 1354 2452 Cap.
1384 2399 1448 2438 10.
1471 2413 1549 2453 ap-

147 2459 233 2495 tum
255 2455 450 2520 tegendis
478 2455 751 2510 corporibus]
783 2461 930 2510 aptum
960 2455 1164 2521 urgendis
1195 2456 1346 2520 regiis.
1365 2480 1420 2484 —
1438 2455 1547 2509 Cap.

153 2513 217 2552 ll.
241 2514 314 2567 qui
335 2513 473 2566 regiis
503 2519 602 2553 tunc
630 2519 843 2553 teneretur
872 2512 1048 2567 castris]
1080 2514 1153 2567 qui
1173 2528 1219 2553 re
1226 2513 1310 2553 ‹riis
1331 2519 1429 2553 tuuc
1451 2528 1547 2553 oue-

148 2575 271 2610 ratus
306 2570 463 2610 castris
495 2585 542 2611 ε)
545 2576 604 2610 at
623 2570 806 2611 —lbid.
836 2585 1022 2625 pascere
1054 2571 1222 2610 solitum
1273 2585 1474 2624 pascere.
1491 2594 1547 2598 ——

150 2624 262 2667 Ibid.
285 2627 457 2681 aliquos
478 2626 644 2681 consul]
669 2628 852 2682 aliquo-5.
872 2651 926 2655 —
944 2627 1056 2668 Ibid.
1085 2642 1131 2668 se
1157 2642 1238 2667 uon
1267 2626 1433 2682 iniquo]
1467 2642 1547 2667 non

149 2682 310 2738 iniquo.
328 2707 386 2715 ——
404 2683 514 2725 lbid.
537 2700 668 2740 super
688 2683 836 2740 caput]
860 2699 994 2740 supra
1017 2690 1160 2740 caput.
1177 2683 1359 2725 —Il›i‹l.
1384 2700 1456 2725 cos
1477 2685 1547 2724 dc-

149 2740 386 2795 ducturum]
415 2742 704 2782 deducturum.
722 2766 778 2771 —
796 2742 906 2783 Ibid.
932 2742 1062 2783 Ilaec
1090 2742 1162 2783 ubi
1194 2743 1341 2782 consul
1365 2741 1546 2788 audivit,

143 2803 467 2851 percunctatum
512 2799 572 2839 ad
614 2800 859 2854 Charopum
903 2800 1047 2848 mittit,
1087 2799 1250 2840 satisne
1295 2798 1548 2839 credendum

150 2867 280 2907 super
315 2860 437 2895 tanta
472 2870 520 2896 re
556 2857 725 2911 agresti
764 2859 990 2898 censeret?
1045 2855 1273 2910 Charopus
1312 2854 1548 2896 renuntiari
