1888 3194
362 170 447 207 400
855 167 1265 210 PRAEFATIO

363 282 601 330 aspernatus
649 290 725 331 pro
777 284 1034 331 aspernatum
1077 275 1252 317 Ascens.
1302 282 1344 315 et
1391 273 1438 314 Β.
1462 297 1519 302 -
1543 271 1648 328 Cap.
1690 275 1759 314 41.

363 350 561 398 tyrannus
600 359 675 400 pro
716 348 883 398 tyranni
921 344 1043 386 Frob.
1083 348 1121 386 2.
1158 352 1201 385 et
1237 343 1285 385 B.
1304 368 1361 373 -—-
1377 341 1486 383 Ibid.
1518 342 1765 397 praebebant

363 425 439 467 pro
467 413 684 466 praebebat
709 411 830 453 Frob.
868 416 906 453 2.
942 420 985 454 et
1018 411 1067 453 B.
1090 437 1148 442 -
1168 411 1277 453 Ibid.
1308 411 1504 466 populum
1533 411 1764 450 Romanum

362 494 439 535 pro
479 481 682 521 tribunum
722 482 892 521 militum
934 481 1055 522 Frob.
1095 483 1132 521 2.
1171 488 1213 521 et
1255 478 1533 534 B.—†Cap.
1571 481 1642 519 43.
1679 477 1763 518 His

364 554 476 588 extra
504 549 638 588 urbem
665 563 740 604 pro
768 549 829 589 Iis
855 556 968 590 extra
997 551 1130 589 urbem
1154 548 1253 589 Ald.
1276 572 1333 578 ——
1356 546 1461 603 Cap.
1484 549 1553 588 45.
1580 547 1632 588 L.
1665 547 1764 588 Cor-

364 616 489 655 nelius
529 616 696 656 Merula
740 623 779 657 et
824 617 867 658 C.
906 618 1096 657 Salonius
1140 631 1217 672 pro
1257 617 1309 657 L.
1350 616 1556 657 Cornelius
1596 615 1763 655 Merula

364 681 486 724 Frob.
526 687 563 723 2.
586 707 643 712 —
664 683 801 739 †Cap.
837 687 905 724 48.
942 685 1139 724 Boiorum
1171 684 1450 738 Liqurumque
1485 697 1603 737 avaros
1631 697 1766 737 popu-

364 751 490 791 latum
521 753 595 790 isse
624 765 699 806 pro
724 767 801 806 per
830 752 1027 792 Boiorum
1053 752 1331 806 Liqurumque
1361 765 1481 804 ayros
1502 751 1764 804 populantem

363 819 438 857 isse
466 816 587 857 Frob.
618 820 657 858 2.
676 817 888 874 -—-†Cap.
920 822 987 859 50.
1024 825 1146 859 totam
1187 818 1405 859 Graeciam
1437 831 1514 872 pro
1548 816 1765 857 Graeciam

364 892 486 925 totam
528 883 628 925 Ald.
651 909 708 914 —
728 884 838 926 Ibid.
891 888 1110 940 imperator
1158 892 1314 926 secutus
1363 899 1438 941 pro
1488 886 1765 940 imperatorem

363 959 537 993 secutum
560 952 734 994 Ascens.
757 961 801 994 et
822 952 872 994 B.
890 977 949 983 -
967 952 1072 1010 Cap.
1097 956 1164 995 51.
1188 955 1296 994 vitiis
1319 967 1395 1009 pro
1417 953 1566 993 divitiis
1587 953 1762 994 Ascens.

362 1045 419 1050 —-
438 1020 542 1076 Cap.
579 1024 647 1062 53.
676 1022 807 1062 Exitu
841 1023 960 1062 huius
992 1024 1093 1062 anni
1122 1036 1198 1077 pro
1226 1022 1357 1062 Exitu
1391 1023 1491 1061 anni
1515 1022 1635 1061 huius
1662 1018 1762 1061 Ald.

363 1087 543 1130 —Ibid.
577 1089 705 1130 Ralla
737 1104 814 1145 pro
844 1090 984 1130 Ahala
1016 1088 1138 1130 Frob.
1174 1092 1209 1129 1.
1227 1113 1284 1118 ——-
1303 1087 1408 1144 Cap.
1440 1090 1507 1129 54.
1545 1087 1590 1129 C.
1612 1088 1765 1129 Atilius

369 1157 572 1197 Serranus
603 1172 679 1213 pro
709 1158 863 1198 Atilius
900 1158 1102 1199 Serranus
1135 1157 1257 1198 Frob.
1290 1160 1327 1198 2.
1344 1156 1521 1197 —Ibid.
1555 1172 1697 1197 novam
1729 1163 1768 1197 et

362 1226 572 1279 superbam
593 1240 669 1280 pro
691 1241 845 1275 novam,
863 1227 1073 1280 superbam
1091 1225 1269 1266 Ascens.
1285 1251 1342 1256 ——
1355 1225 1491 1280 †Cap.
1511 1225 1578 1267 57.
1602 1227 1644 1265 in
1659 1224 1765 1265 Asia

362 1307 439 1347 pro
460 1300 534 1333 aut
552 1295 594 1333 in
614 1293 719 1333 Asia
741 1292 860 1334 Frob.
886 1298 924 1334 2.
940 1318 997 1323 ——
1010 1294 1145 1349 †Cap.
1172 1295 1238 1334 60.
1263 1293 1404 1333 bellum
1429 1294 1669 1333 excitaretur
1687 1306 1764 1348 pro

363 1362 602 1400 excitaretur
634 1362 776 1401 bellum
809 1360 930 1401 Frob.
955 1364 994 1401 2.
1012 1385 1069 1389 -
1085 1359 1223 1416 †Ibid.
1259 1362 1449 1400 sermonis
1475 1375 1555 1400 esse
1581 1374 1658 1415 pro
1685 1375 1765 1400 esse

363 1430 552 1468 sermonis
585 1427 706 1469 Frob.
738 1432 775 1469 2.
795 1428 1006 1484 ——†Cap.
1038 1431 1105 1469 61.
1136 1436 1172 1468 et
1199 1429 1249 1468 ab
1277 1429 1475 1468 Antiocho
1505 1443 1594 1482 reqe
1622 1442 1699 1482 pro
1729 1435 1768 1468 et

363 1496 560 1536 Antiocho
576 1511 664 1550 reye
681 1495 780 1536 Ald.
795 1521 853 1525 —
868 1494 973 1552 Cap.
991 1498 1057 1536 62.
1076 1497 1278 1550 Emporia
1292 1510 1369 1551 pro
1382 1495 1624 1549 Emporiam
1640 1493 1762 1536 Frob.

368 1565 403 1603 1.
421 1587 477 1593 —-
493 1562 589 1604 Lib.
613 1562 808 1604 XXXV.
835 1562 940 1619 Cap.
970 1566 1004 1604 1.
1025 1570 1270 1618 propraetor
1289 1577 1365 1619 pro
1383 1569 1552 1617 praetor
1573 1561 1690 1618 Mog.
1708 1587 1766 1592 -

364 1629 472 1671 Ibid.
515 1631 741 1685 opulentum
775 1632 934 1686 praeda
970 1633 1182 1672 escercitum
1217 1645 1294 1687 pro
1330 1631 1557 1686 opulentum
1585 1631 1767 1685 praedae

363 1700 575 1739 exercitum
616 1698 793 1740 Ascens.
836 1706 880 1740 et
929 1697 979 1739 Β.
998 1697 1209 1754 -†1bid.
1250 1700 1375 1753 facta
1426 1713 1503 1754 pro
1540 1699 1666 1753 facta
1709 1705 1767 1739 est

364 1764 485 1806 Frob.
516 1769 555 1807 2.
573 1765 786 1822 —†Cap.
818 1768 856 1807 5.
891 1767 1077 1807 Secunda
1109 1767 1206 1821 leqio
1236 1769 1357 1807 missa
1388 1773 1446 1807 est
1473 1780 1550 1822 pro
1579 1766 1766 1807 Secunda

364 1835 485 1874 missa
515 1840 573 1874 est
598 1835 695 1889 leyio
722 1833 844 1875 Frob.
876 1837 914 1875 2.
933 1859 990 1864 ——
1009 1834 1114 1890 Cap.
1142 1835 1179 1876 7.
1207 1835 1372 1874 hiberna
1402 1847 1478 1889 pro
1506 1834 1765 1874 hibernacula

363 1901 466 1944 Ald.
483 1926 540 1931 —
559 1901 664 1958 Cap.
689 1905 727 1943 8.
757 1904 885 1943 videri
911 1917 990 1942 esse
1017 1909 1193 1943 amotum
1220 1916 1296 1957 pro
1323 1903 1452 1942 videri
1479 1917 1559 1942 sese
1588 1908 1764 1942 amotum

364 1969 485 2012 Frob.
529 1973 567 2011 2.
585 1995 643 2000 -—
666 1969 770 2026 Cap.
813 1973 877 2010 10.
922 1986 949 2010 a
982 1977 1106 2024 porta
1145 1971 1359 2011 Fontinali
1395 1984 1472 2025 pro
1512 1971 1570 2011 ad
1598 1977 1763 2025 portam

364 2039 618 2079 Fontinalem
652 2037 773 2079 Frob.
812 2041 847 2078 1.
865 2062 923 2067 ——
940 2038 1043 2093 Cap.
1084 2041 1147 2078 11.
1183 2040 1274 2093 equi
1303 2052 1380 2093 pro
1414 2052 1532 2092 equos
1564 2037 1686 2079 Frob.
1721 2041 1760 2079 2.

363 2104 573 2161 —*Cap.
601 2108 665 2146 12.
700 2108 853 2146 inimici
884 2107 1094 2160 infestique
1124 2118 1201 2160 pro
1233 2107 1388 2145 inimice
1419 2106 1557 2159 infesti
1585 2104 1760 2146 Ascens.

363 2195 421 2201 —
439 2170 544 2227 Cap.
572 2175 636 2213 16.
667 2174 924 2228 disceptatur,
953 2180 992 2213 et
1019 2189 1097 2214 non
1127 2174 1218 2214 belli
1246 2188 1370 2213 causa
1400 2187 1476 2229 pro
1503 2175 1766 2229 disceptaturi

364 2237 432 2279 vel
475 2240 756 2294 disceptatur-is
801 2255 878 2280 non
923 2241 1014 2280 belli
1057 2256 1192 2281 causa.
1246 2241 1420 2282 Ascens.
1439 2240 1649 2298 —*Cap.
1695 2243 1760 2284 17.

363 2307 691 2361 eapostulationes
725 2322 802 2363 pro
835 2309 1120 2362 postulationes
1151 2309 1326 2350 Ascens.
1344 2333 1401 2338 —
1420 2308 1525 2366 Cap.
1560 2313 1624 2351 19.
1667 2311 1761 2360 Odi,

364 2375 527 2429 odioque
564 2390 651 2415 sum
691 2390 767 2431 pro
808 2377 969 2431 odioque
1004 2377 1110 2432 quod
1142 2379 1215 2417 sim
1254 2375 1376 2418 Frob.
1414 2380 1452 2418 2.
1471 2375 1652 2433 -—.-Cap.
1689 2380 1758 2419 20.

363 2442 492 2482 Atilio
530 2457 606 2498 pro
645 2444 698 2483 A.
729 2444 857 2484 Atilio
897 2443 1018 2485 Frob.
1063 2447 1100 2485 2.
1123 2468 1181 2475 -—-
1201 2443 1309 2486 Ibid.
1358 2452 1404 2485 ut
1447 2447 1483 2485 ei
1525 2445 1605 2485 duo
1648 2445 1761 2485 milia

363 2524 440 2566 pro
473 2513 534 2551 uti
563 2512 641 2551 duo
673 2512 784 2551 milia
817 2511 937 2553 Frob.
974 2515 1013 2554 2.
1037 2536 1094 2542 —
1118 2512 1222 2568 Cap.
1259 2516 1326 2554 21.
1365 2519 1474 2553 terra
1499 2513 1653 2567 pluisse
1683 2526 1760 2568 pro

364 2585 514 2619 terram
546 2580 699 2634 pluisse
738 2579 859 2621 Frob.
900 2583 937 2621 2.
960 2604 1017 2609 —
1039 2579 1148 2621 Ibid.
1186 2582 1266 2621 sive
1300 2587 1407 2620 motu
1442 2593 1519 2635 pro
1550 2595 1618 2620 seu
1652 2587 1760 2621 motu

363 2644 484 2687 Frob.
513 2649 551 2687 2.
569 2646 748 2688 —Ibid.
774 2663 906 2702 pecua
936 2663 1013 2704 pro
1036 2663 1186 2703 pecora
1215 2648 1336 2689 Frob.
1367 2651 1405 2688 2.
1437 2654 1480 2688 et
1507 2646 1556 2688 B.
1574 2672 1631 2678 —
1649 2647 1757 2704 Cap.

365 2715 432 2754 23.
471 2721 516 2755 ut
546 2715 636 2755 inde
670 2729 746 2770 pro
782 2717 872 2755 inde
907 2715 1029 2757 Frob.
1065 2719 1103 2756 2.
1125 2740 1183 2745 ——
1203 2715 1313 2757 Ibid.
1349 2722 1387 2756 et
1425 2722 1470 2756 ut
1499 2716 1563 2756 M.
1586 2716 1760 2756 Fulvius

358 2788 526 2836 praetor
559 2796 636 2838 pro
670 2789 708 2823 et
738 2783 800 2823 M.
830 2783 1003 2823 Fulvius
1030 2789 1198 2837 praetor
1230 2782 1350 2824 Frob.
1387 2785 1427 2824 2.
1444 2781 1624 2824 -Ibid.
1659 2785 1759 2824 scri-

365 2849 451 2890 bere
482 2864 569 2891 eum
604 2863 680 2906 pro
713 2851 897 2890 scriberet
929 2849 1049 2891 Frob.
1087 2852 1124 2890 2.
1146 2874 1203 2879 —-
1224 2848 1332 2891 Ibid.
1367 2865 1448 2905 qua
1479 2857 1655 2905 veryeret
1681 2864 1758 2906 pro
