1888 3194
306 194 392 233 380
796 190 1211 235 PRAEFATIO

306 296 622 354 perversiusque
654 305 727 339 aut
756 297 860 354 fingi
890 306 963 340 aut
992 297 1164 354 cogitari
1197 295 1339 353 possit,
1372 303 1513 337 utrum
1546 294 1703 351 pudeat

306 365 451 421 magis,
487 380 541 406 an
576 365 805 422 poeniteat,
843 365 958 422 quod
994 365 1099 406 haec
1134 364 1413 405 deliramenta
1449 363 1493 404 in
1528 371 1704 404 annota-

308 432 493 474 tionibus
525 432 580 474 ad
613 433 868 474 tricesimum
904 433 1076 474 tertium
1111 432 1225 473 Livii
1259 431 1412 472 librum
1449 445 1704 472 commemo-

308 500 498 550 raverim,
521 500 729 542 incertum
749 500 896 542 habeo.
945 499 1171 540 Praeterea
1191 499 1231 539 T
1233 498 1392 548 afelius,
1411 513 1543 554 quum
1564 497 1705 554 plures

309 582 527 624 operarum
557 583 728 618 errores,
756 568 887 609 veluti
917 567 1010 608 Liv.
1041 566 1096 607 X.
1127 569 1195 607 46.
1225 566 1298 607 ubi
1327 568 1599 622 locorumque
1627 580 1705 621 pro

310 636 582 691 locorumque
600 637 874 691 publicorum
903 650 927 675 a
953 635 1175 691 typothcta
1206 634 1307 690 poni
1339 648 1484 689 passus
1516 642 1591 683 est,
1617 648 1705 674 non

310 703 539 744 correxerit
574 710 617 742 et
652 701 856 742 lectiones
888 717 913 742 a
944 716 1010 742 me
1043 701 1111 742 vel
1146 709 1335 756 receptas
1366 700 1433 741 vel
1464 701 1706 757 repudiatas

308 786 458 828 parum
497 778 688 811 accurate
729 769 989 818 indicaverit,
1028 768 1107 809 hac
1144 768 1233 824 ipsa
1267 768 1430 809 incuria
1470 769 1622 819 effecit,
1658 777 1707 811 ut

309 838 485 880 editioni
520 837 663 893 paullo
698 845 793 892 post
829 851 853 877 a
889 835 1354 892 Baumgarten-Crusio
1390 836 1628 887 adornatae,
1661 837 1707 878 in

309 921 395 962 qua
415 913 568 955 textus,
587 919 715 961 quem
736 913 900 955 vocant,
919 920 971 946 ex
994 904 1034 945 T
1036 904 1147 945 afelii
1169 904 1353 945 editione
1376 904 1610 961 descriptus
1630 913 1706 955 est,

309 973 538 1016 nonnullae
572 982 892 1030 aspergerentur
923 972 1152 1022 labeculae,
1179 980 1222 1013 et
1253 972 1387 1028 plura,
1417 988 1524 1028 quae
1554 972 1708 1014 Tafelii

309 1042 592 1099 negligentiae
635 1041 858 1084 tribuenda
897 1050 1049 1091 essent,
1091 1041 1143 1082 ab
1179 1040 1339 1081 editore
1380 1040 1621 1082 doctissimo
1662 1041 1707 1082 in

310 1110 466 1160 critica,
518 1125 644 1166 quam
695 1109 861 1158 adiecit,
908 1108 1180 1150 annotatione
1230 1108 1335 1149 mihi
1384 1109 1704 1165 imputarentur.

314 1178 487 1220 Codicis
526 1186 670 1218 autem
711 1176 1035 1232 Bambergensis
1075 1176 1216 1231 copias
1256 1191 1280 1216 a
1319 1175 1518 1218 Goellero
1553 1192 1707 1233 suppe-

312 1246 462 1287 ditatas
484 1244 971 1301 Baumgarten-Crusius
1000 1245 1059 1285 ita
1085 1244 1130 1284 in
1157 1259 1245 1285 rem
1274 1259 1391 1285 suam
1418 1245 1636 1295 convertit,
1660 1253 1707 1286 ut

311 1329 336 1354 a
357 1312 510 1354 Tafelii
537 1312 773 1353 temeritate
803 1312 881 1353 sibi
909 1311 1056 1353 sedulo
1084 1320 1260 1361 caveret,
1283 1312 1540 1368 iniuriasque
1562 1313 1613 1354 ab
1634 1312 1706 1354 illo

311 1380 416 1422 mihi
446 1380 580 1421 illatas
610 1395 696 1421 non
728 1379 869 1430 semel,
893 1380 966 1421 sed
996 1379 1161 1435 saepius
1187 1379 1445 1429 defenderet,
1468 1388 1512 1421 et
1540 1380 1585 1420 in
1615 1379 1707 1436 ple-

310 1449 464 1505 risque,
497 1449 541 1489 id
572 1448 687 1504 quod
716 1449 805 1504 ipse
836 1448 890 1489 ad
922 1448 1015 1489 Liv.
1040 1447 1258 1488 XXXIV.
1291 1451 1360 1489 22.
1389 1448 1598 1504 professus
1628 1457 1705 1499 est,

311 1531 379 1558 me
414 1525 673 1572 sequeretur,
710 1516 784 1557 sed
819 1524 867 1557 ut
902 1531 1019 1556 suam
1054 1515 1261 1556 rationem
1299 1523 1473 1557 teneret.
1544 1515 1707 1557 Verum

310 1584 424 1625 enim
451 1599 550 1625 vero
578 1584 623 1624 in
655 1592 772 1625 tanta
800 1584 1031 1625 lectionum
1057 1584 1256 1626 varietate
1284 1600 1332 1626 ac
1353 1585 1592 1627 diversitate
1615 1585 1708 1627 fieri

309 1668 397 1694 non
437 1653 588 1709 potuit,
632 1653 736 1709 quin
777 1653 991 1694 interdum
1032 1668 1056 1694 a
1094 1653 1184 1694 viro
1225 1653 1465 1695 doctissimo
1517 1654 1706 1710 mihique

309 1721 520 1763 carissimo
557 1721 848 1771 dissentirem3
893 1721 1010 1778 quod
1045 1722 1108 1762 uti
1144 1721 1388 1778 priusquam
1425 1722 1591 1779 collegii
1621 1723 1706 1779 pri-

308 1805 439 1839 mum,
462 1789 617 1830 deinde
639 1789 851 1830 affinitatis
879 1788 1188 1831 necessitudine
1219 1804 1316 1830 cum
1343 1804 1393 1831 eo
1414 1790 1705 1847 coniungerer,

308 1857 439 1898 literis
481 1858 836 1914 consignaveram,
873 1857 932 1898 ita
972 1872 1026 1898 ne
1069 1872 1183 1898 nunc
1219 1857 1407 1913 quidem,
1444 1857 1573 1898 animi
1617 1857 1708 1899 eius

309 1925 490 1966 candore
526 1925 610 1966 iam
645 1925 808 1966 dudum
843 1933 1076 1981 perspecto,
1110 1924 1277 1980 publice
1313 1925 1585 1980 pronuntiare
1620 1940 1706 1966 non

309 1993 511 2035 dubitavi.
577 1993 797 2042 Quantum
828 2001 982 2041 autem,
1005 2007 1135 2047 quum
1168 1992 1272 2032 mihi
1302 2007 1389 2033 non
1417 1993 1476 2033 ita
1502 1992 1704 2048 placeam,

310 2068 356 2101 ut
389 2061 539 2101 erroris
571 2061 788 2101 convictus
822 2060 867 2100 in
900 2059 1076 2100 aliorum
1109 2059 1362 2100 sententiam
1392 2059 1607 2101 discedere
1641 2075 1706 2102 re-

310 2142 466 2177 cusem,
490 2127 943 2184 Baumgarten-Crusii
971 2126 1128 2167 iudicio
1160 2126 1391 2176 tribuerim,
1417 2141 1470 2167 ex
1498 2142 1549 2168 eo
1577 2128 1707 2184 potis-

311 2195 462 2236 simum
488 2195 749 2250 intelligitur,
771 2194 887 2250 quod
911 2194 955 2234 in
981 2202 1232 2250 stereotypa,
1255 2209 1382 2250 quam
1404 2203 1568 2245 vocant,
1593 2196 1706 2237 Livii

311 2262 510 2312 editione,
548 2278 655 2318 quae
691 2270 837 2318 postea
872 2261 1117 2302 Tauchnitii
1155 2262 1353 2317 impensis
1388 2271 1532 2318 parata
1567 2271 1610 2304 et
1652 2263 1707 2304 ad

311 2331 468 2372 codicis
490 2330 811 2386 Bambergensis
838 2330 993 2386 pariter
1020 2344 1067 2370 ac
1089 2329 1432 2371 vindobonensis
1457 2331 1586 2372 fidem
1610 2331 1707 2372 dili-

310 2399 478 2455 gentius
511 2398 741 2454 composita
773 2406 847 2447 est,
870 2397 971 2438 alios
1002 2397 1113 2438 Livii
1146 2397 1259 2438 locos
1292 2413 1346 2439 ex
1374 2398 1463 2439 eius
1489 2398 1705 2440 voluntate

312 2466 577 2522 corrigerem,
599 2465 702 2506 alios
723 2465 863 2506 eidem
884 2465 1106 2506 obsecutus
1131 2465 1184 2506 ad
1208 2465 1398 2507 lectionis
1418 2465 1609 2521 vulgatae
1640 2465 1705 2506 in-

312 2535 548 2590 tegritatem
578 2549 828 2575 revocarem.
891 2533 1121 2588 Propterea
1146 2532 1341 2574 Bekkero
1366 2548 1549 2588 quoque,
1572 2547 1705 2588 quum

312 2602 467 2644 codicis
507 2601 845 2643 Vindobonensis
889 2601 1168 2650 collationem,
1206 2600 1258 2640 de
1302 2615 1385 2655 qua
1426 2614 1551 2655 supra
1591 2615 1706 2641 com-

312 2669 551 2718 memoravi,
573 2669 627 2710 ad
648 2684 745 2710 eum
766 2669 1104 2717 transmitterem,
1123 2682 1376 2723 magnopere
1397 2676 1543 2708 auctor
1562 2667 1636 2717 fui,
1658 2677 1706 2709 ut

312 2736 390 2778 hac
410 2736 549 2792 potius
571 2736 683 2777 Livii
705 2736 903 2785 editione,
923 2750 1049 2792 quam
1072 2734 1325 2775 Ernestiana
1344 2749 1368 2775 a
1389 2749 1456 2775 me
1477 2735 1705 2791 recognita,

312 2819 420 2860 quae
442 2803 715 2845 inexcusabili
737 2819 894 2853 eorum,
917 2804 991 2859 qui
1020 2802 1334 2859 typothetarum
1362 2803 1592 2859 specimina
1614 2818 1706 2844 cor-

312 2871 487 2927 rigenda
507 2880 773 2928 acceperunt,
795 2871 984 2914 socordia
1011 2871 1200 2927 pluribus
1229 2871 1389 2913 lacunis
1416 2879 1459 2912 et
1485 2870 1706 2927 permultis
