1888 3194
345 182 430 222 448
553 179 918 223 SYLLABUS
961 179 1544 223 PRAECIPUARUM

351 274 472 312 1483.
504 295 765 303 ------
794 286 869 327 per
905 271 1162 313 Michaelem
1200 271 1492 313 Manzolinum
1532 267 1733 310 Parmen-

403 343 503 378 sem,
525 328 569 369 in
589 328 723 369 forma
742 329 910 370 maiore.

521 384 645 427 Hanc
696 386 925 427 editionem
975 401 1029 427 ex
1078 386 1332 427 bibliotheca
1387 382 1736 425 Hohendorfiana

461 442 604 483 laudat
637 442 850 484 Maittaire
890 443 1041 484 Annal.
1078 444 1264 500 Typogr
1303 452 1403 484 tom.
1441 441 1517 482 IV.
1555 456 1596 496 p.
1633 443 1734 480 450.

463 500 531 541 Ex
571 499 652 540 illis
692 509 845 549 autem,
883 515 990 556 quae
1031 500 1085 540 ad
1125 500 1303 540 similem
1343 499 1587 547 editionem,
1625 511 1736 537 anno

462 557 868 598 MCCCCLXXX.
898 572 1108 605 excusam,
1137 557 1238 605 dixi,
1267 565 1440 605 constat,
1468 555 1577 596 hanc
1610 554 1737 595 etiam

461 614 704 667 impressam
724 613 848 653 fuisse
870 613 1063 653 Tarvisii.
1126 612 1192 653 Ita
1210 588 1290 653 fifit
1311 588 1530 653 Tarvisina
1551 612 1685 654 tertia.

352 673 476 712 1485.
511 670 685 710 Tarvisii
737 684 813 724 per
862 669 1097 710 Iohannem
1141 669 1466 718 Vercellensem,
1512 670 1557 710 in
1605 669 1737 710 forma

406 741 574 767 mamre.

521 782 646 823 Hanc
682 782 808 824 etiam
844 783 1075 823 editionem
1109 797 1133 823 a
1165 782 1283 824 Luca
1314 783 1446 824 Porro
1479 782 1737 838 recognitam

464 854 566 888 esse,
589 854 642 880 ex
663 839 757 889 illis,
780 855 887 895 quae
909 840 962 880 ad
983 840 1110 881 finem
1132 839 1225 880 libri
1248 840 1539 889 subiiciuntur,
1561 847 1735 880 constat.

465 896 571 937 Eam
603 896 745 937 usibus
775 897 879 938 meis
910 897 1189 938 commodavit
1212 896 1292 937 Vir
1323 897 1587 938 Clarissimus
1621 895 1739 952 Sige—

462 954 605 995 bertus
644 953 1002 1010 Havercampius3
1048 969 1173 1009 quam
1215 954 1322 995 male
1363 955 1408 994 in
1448 955 1558 995 notis
1591 953 1739 994 Tarvi-

464 1011 597 1051 sinam
633 1011 860 1052 secundam
896 1026 971 1067 pro
1008 1020 1155 1066 quarta
1191 1027 1215 1052 a
1247 1026 1314 1052 me
1351 1011 1601 1067 appellatam
1636 1025 1737 1058 esse,

463 1068 811 1124 praecedentibus
844 1083 1105 1124 consequens
1138 1078 1211 1109 est.
1274 1068 1391 1109 Alibi
1422 1068 1548 1109 etiam
1579 1082 1739 1108 memo-

463 1134 594 1166 ratam
616 1125 758 1166 inveni
780 1125 1010 1166 editionem
1033 1125 1084 1166 T.
1105 1125 1215 1165 Livii
1238 1125 1498 1166 Tarvisinam
1521 1140 1573 1166 ex
1594 1139 1739 1180 recog-

463 1182 624 1223 nitione
675 1182 817 1223 Lucae
868 1182 979 1238 typis
1039 1181 1239 1222 Iohannis
1289 1182 1566 1223 Vercellensis
1626 1196 1737 1222 anno

464 1240 820 1281 MCCCCXCV.
845 1240 918 1280 sed
945 1254 1101 1279 annum
1123 1239 1240 1279 illum
1263 1254 1482 1294 operarum
1504 1254 1640 1280 errore
1662 1253 1738 1294 pro

464 1311 575 1336 anno
618 1297 1033 1337 MCCCLXXXV.
1079 1296 1223 1336 datum
1266 1311 1353 1336 esse
1395 1296 1616 1336 verisimile
1662 1303 1736 1336 est.

467 1352 594 1394 Certe
618 1352 833 1394 Maittaire
861 1353 1135 1394 recentiorem
1167 1353 1312 1393 hanc'
1303 1369 1346 1393 1n
1370 1352 1526 1394 Annal.
1550 1353 1735 1408 Typogr.

462 1425 549 1450 non
582 1410 839 1459 memoravit,
876 1425 1014 1465 neque
1050 1410 1176 1450 etiam
1213 1410 1423 1450 Iohannes
1459 1409 1738 1450 Vercellensis

463 1482 574 1507 anno
626 1466 986 1508 MCCCCXCV.
1025 1466 1202 1507 Tarvisii
1249 1466 1573 1523 typographium
1618 1481 1738 1507 exer-

464 1524 596 1565 cuisse
617 1523 794 1565 videtur.

354 1584 477 1623 1485.
510 1580 691 1630 Parisiis,
713 1581 845 1621 forma
865 1581 1033 1622 maiore.

521 1636 645 1679 Hanc
695 1637 922 1679 editionem
975 1646 1179 1678 memorat
1229 1637 1443 1679 Maittaire
1489 1638 1533 1678 in
1578 1637 1734 1679 Annal.

465 1694 653 1751 Typogr.
678 1704 775 1736 tom.
796 1694 849 1736 V.
872 1710 913 1751 p.
938 1694 995 1736 ΙΙ.
1018 1710 1057 1750 p.
1083 1699 1179 1736 532.

355 1754 477 1793 1491.
512 1752 702 1793 Venetiis
744 1767 840 1793 cum
877 1752 1236 1793 Annotationibus
1279 1751 1485 1802 Sabellici‚
1522 1752 1567 1792 in
1605 1752 1739 1793 forma

405 1809 575 1850 maiore.

523 1866 648 1907 Hanc
689 1867 918 1907 editionem
965 1882 1018 1907 ex
1060 1866 1238 1907 Fabricii
1280 1865 1544 1907 Bibliotheca
1584 1865 1738 1907 Latina

463 1932 667 1965 memorat
708 1923 922 1965 Maittaire
963 1924 1008 1963 in
1049 1923 1202 1963 Annal.
1247 1923 1517 1979 Typograph.
1560 1931 1659 1964 tom.
1698 1921 1733 1963 I.

464 1995 503 2036 p.
529 1984 624 2022 309.
690 1981 774 2021 Sed
802 1990 899 2022 tom.
930 1980 1058 2035 IV.p
1063 1983 1192 2021 ‚532
1217 1979 1345 2028 addit,
1375 1980 1427 2020 ad
1458 1980 1546 2020 eius
1578 1979 1735 2020 calcem

463 2037 572 2079 hanc
610 2038 831 2078 formulam
883 1996 1087 2078 adiectziih
1138 2051 1251 2076 esse:
1302 2036 1523 2091 ‘Impress.
1571 2036 1638 2077 die
1682 2034 1733 2076 V.

465 2094 758 2143 ‘Novembris,
791 2093 1300 2136 M.CCCC.LXXXX1.
1334 2102 1534 2147 regnante
1567 2093 1737 2148 Augus-

466 2156 478 2173 ‘
494 2151 584 2192 tino
606 2151 839 2192 Barbadico
860 2151 966 2191 duce
991 2149 1289 2190 Venetiarum.'
1352 2149 1486 2190 Cuius
1507 2165 1604 2190 vero
1626 2149 1737 2206 typis

465 2222 618 2248 excusa
649 2208 786 2256 fuerit,
823 2216 974 2247 neutro
1010 2207 1101 2247 loco
1134 2214 1399 2248 memoratur.
1462 2206 1556 2262 Ipse
1594 2206 1737 2248 Sabel-

463 2263 568 2304 licus
603 2264 647 2303 in
687 2264 942 2319 praefatione
978 2263 1115 2311 refert,
1153 2278 1196 2303 se
1233 2263 1401 2303 Livium
1437 2264 1490 2304 ad
1525 2272 1736 2305 vetustum

465 2320 690 2376 exemplar,
717 2335 769 2360 ex
801 2320 1052 2361 bibliotheca
1083 2319 1304 2360 Benedicti
1338 2319 1532 2361 Cornarii
1563 2321 1736 2361 Patricii

464 2376 621 2417 Veneti
655 2377 962 2432 depiomptum,
997 2377 1232 2426 contulisse,
1266 2386 1438 2432 petente
1472 2377 1735 2418 Bernardino

465 2433 687 2475 Herasmio
710 2434 1032 2482 Novocomensi,
1056 2434 1225 2474 homine
1248 2434 1330 2475 fide
1359 2443 1401 2475 et
1428 2434 1633 2475 industria
1651 2433 1734 2474 sin-

463 2490 608 2546 gulari,
632 2500 678 2531 ut
698 2490 816 2531 claris
799 2491 963 2531 esimam
989 2491 1203 2531 historiam
1231 2491 1444 2546 aliquanto
1465 2490 1734 2546 integriorem

463 2562 594 2588 novae
616 2548 877 2603 impressioni
898 2548 1131 2588 subiiceret.
1179 2547 1339 2588 Verum
1357 2547 1455 2588 licet
1470 2547 1609 2603 plures
1625 2547 1735 2587 circa

463 2619 619 2645 annum
636 2604 749 2645 hunc
766 2615 809 2661 t)
813 2604 1015 2660 pographi
1033 2604 1282 2645 Bernardini
1297 2604 1488 2644 Venetiis
1504 2604 1733 2653 floruerint,

462 2661 601 2701 nullus
629 2670 770 2702 tamen
797 2670 1052 2702 memoratur
1079 2661 1343 2702 Benardinus
1374 2659 1617 2701 Herasmius
1643 2660 1735 2702 No-

462 2719 731 2758 vocomensis.

352 2778 474 2816 1492.
508 2774 710 2824 Venetiis,
734 2776 775 2815 in
798 2775 930 2816 forma
949 2775 1117 2815 maiore.

522 2830 641 2872 Haec
672 2831 801 2872 editio
832 2847 885 2872 ex
917 2831 1169 2872 bibliotheca
1202 2831 1307 2872 Adr.
1332 2831 1463 2872 Pauw
1494 2839 1734 2872 recensetur
