1888 3194
698 163 991 202 INDEX.

188 251 250 273 nus
275 241 389 272 dexter
417 242 529 280 portae
551 238 766 270 Carmentalis
789 247 819 276 2,

188 293 240 326 49.
272 283 344 315 Iani
363 286 427 314 tres
441 291 462 312 a
477 281 659 313 censoribus
673 281 752 312 facti
766 290 818 319 41,

189 334 241 365 32.

147 368 232 409 Iapy
233 369 311 400 dum
333 365 430 407 legati
452 365 485 397 in
507 370 621 398 senatu
641 369 819 406 queruntur

187 412 228 442 de
243 409 433 442 crudelitate
449 409 487 442 C.
499 409 601 440 Cassii
618 419 681 440 cos.
697 417 749 448 43,
765 417 794 448 5.

145 453 340 485 Iassensium
356 452 484 501 exsules
498 461 550 492 32,
567 461 617 492 33.
641 460 694 492 37,
714 459 761 491 17.

145 495 264 578 1351εᾷ18,
287 495 457 536 oriudum,
477 504 530 535 32,
545 504 598 536 33·
623 503 675 534 33,
690 503 741 534 3ο.
765 502 817 534 37,

145 580 252 655 Iberaei.i
266 581 352 620 urbs,
367 591 387 612 a
401 580 584 654 pgropinquo
604 580 740 612 flumine
761 590 817 621 ap-

209 634 227 655 e
254 628 309 655 ata
325 633 341 654 2
393 633 409 654 2
433 648 442 656 .

143 633 258 698 Ibgrus
273 633 392 698 fluviis
408 675 458 706 25,
475 674 525 707 37.
551 665 601 705 26,
621 674 668 706 17.
700 666 816 697 Punici

184 712 218 741 et
230 709 372 741 Romani
386 709 514 750 imperii
530 710 603 741 finis
616 719 667 747 21,
679 719 706 741 2.
729 713 818 740 trans

185 752 318 784 Iberum
334 752 454 790 omnia,
470 757 597 793 praeter
612 752 816 792 Saguntinos,

184 799 260 826 sunt
287 794 601 835 Carthaginiensium
628 805 678 833 21,
706 803 735 835 5.
772 795 817 825 cis

185 837 317 870 Iberum
353 837 510 878 Hispanis
545 838 693 869 omnibus
728 847 818 868 arma

183 881 817 962 ffiffirgiaffltcffiffffifflsifff1.

143 966 242 1005 Iberi,
266 967 365 998 semel
389 970 488 1006 atque
513 967 631 997 iterum
654 965 742 1004 victi,
761 976 816 1006 pa-

185 1019 255 1040 cem
272 1013 382 1050 petere
397 1013 555 1057 coguntur
571 1018 623 1050 29,
638 1017 690 1048 30.

142 1051 181 1084 L.
195 1051 319 1090 Icilius,
340 1051 536 1089 tribunitius,
559 1062 695 1092 sponsus
712 1050 816 1091 Virgi-

182 1094 258 1125 niae
280 1103 312 1143 3,
335 1105 386 1133 44.
422 1094 492 1125 eius
515 1105 589 1125 cum
614 1094 736 1136 Appio,
762 1094 816 1125 de-

183 1137 336 1175 cemvim,
351 1137 515 1168 contentio
531 1147 582 1177 45.
609 1147 683 1168 eum
700 1137 733 1167 in
749 1136 815 1167 vin-

183 1180 259 1211 cula
273 1179 348 1211 duci
366 1179 456 1210 iubet
471 1180 600 1220 Appius
615 1179 815 1220 492112121-

182 1226 254 1254 tum
277 1223 319 1253 ab
342 1222 530 1297 decemvpis
551 1222 685 1253 abducit
707 1230 757 1261 51.
782 1221 816 1253 in

184 1265 348 1297 Aventino
363 1266 425 1296 trib
515 1269 641 1296 creatur
699 1288 707 1296 .

141 1309 180 1341 L.
195 1308 320 1347 Icilius,
334 1308 406 1340 trib.
423 1276 517 1349 plp4‚
533 1317 584 1348 52.
657 1273 696 1305 54

141 1352 198 1392 Sp.
215 1351 339 1389 Icilius,
353 1351 426 1382 trib.
443 1351 487 1391 pl.
506 1361 536 1389 2,
553 1351 602 1390 58.

142 1394 231 1426 Icilii
245 1398 310 1426 tres
324 1394 358 1425 in
373 1404 476 1425 unum
497 1404 620 1425 annum
635 1391 755 1425 tribuni
770 1393 816 1434 pl.

185 1437 283 1468 creati
299 1447 330 1476 4,
346 1445 396 1477 54.

165 1490 221 1511 cus
246 1480 352 1511 insula
393 1489 420 1518 1,
435 1490 454 1518 4
478 1504 486 1512 .

143 1523 245 1555 Idaea
260 1523 370 1554 Mater
386 1532 436 1564 29,
457 1532 504 1554 10.

143 1480 161 1511 I
222 1504 232 1519 ‚
367 1489 385 1519 3
458 1487 474 1519 5
756 1565 762 1570 ¹
783 1565 789 1570 .

185 1566 353 1607 Sibyllinis
378 1565 547 1596 inventum
573 1576 593 1596 a
619 1566 818 1603 decemvms,

184 1609 211 1640 si
232 1609 342 1640 Mater
366 1608 467 1639 Idaea
492 1618 512 1639 a.
537 1608 728 1639 Pessinunte
751 1608 817 1639 Ro-

184 1662 273 1683 mam
295 1652 378 1682 foret
400 1651 547 1689 advecta,
569 1651 648 1691 pelli
671 1649 819 1690 vincique

185 1695 294 1727 hostes
309 1705 413 1735 posse,
429 1694 505 1725 ibid.
538 1694 659 1735 petitur
681 1704 722 1725 ex
742 1692 821 1724 Asia

190 1747 238 1770 11.
261 1748 281 1769 a
297 1737 364 1769 viro
379 1738 537 1768 bonorum
553 1737 688 1778 optimo,
705 1737 742 1768 P.
755 1736 820 1784 Sci-

185 1781 284 1822 pione
310 1781 371 1813 Cn.
393 1781 430 1811 F.
456 1780 676 1820 matronisque
702 1779 820 1819 accipi-

186 1829 250 1873 ttir,
273 1827 306 1855 et
332 1823 492 1864 perfertur
515 1822 549 1854 in
570 1824 684 1854 aedem
707 1822 818 1853 Victo-

187 1877 253 1899 nae
272 1876 283 1898 1

145 1910 227 1942 Idus
251 1877 461 1947 Dgcembres,
489 1909 643 1940 sollennis
671 1907 820 1940 ineundis

186 1952 425 1994 magistratibus
440 1952 508 1983 dies
525 1960 554 1991 5,
570 1962 600 1994 9.
617 1952 656 1983 cf.
673 1956 706 1983 et
722 1962 752 1990 4,
769 1958 819 1990 37.

187 1995 298 2028 Maiae
315 2005 345 2035 3,
362 1993 412 2035 36.
444 1995 558 2026 Idibus
574 1995 702 2026 Martiis
722 1993 819 2034 magi-

187 2042 306 2071 stratus
319 2038 420 2069 initus
436 2047 529 2076 22,1.
554 2047 605 2077 23,
621 2047 672 2078 3ο.
695 2036 772 2075 26,1
788 2041 821 2068 et

189 2080 239 2114 26·
264 2090 316 2122 27,
334 2089 361 2121 7·
383 2090 436 2121 31,
452 2088 480 2120 5·
505 2090 557 2121 32,
577 2091 602 2112 1-
626 2081 678 2120 38,
695 2088 744 2129 45:
769 2089 821 2128 39,

188 2132 240 2164 45.
259 2134 311 2163 40,
323 2132 372 2164 35.
392 2133 444 2164 42,
458 2133 508 2155 22.
529 2135 580 2163 44,
597 2134 643 2166 19.
671 2123 820 2159 Quincti-

188 2168 274 2199 libus
295 2167 488 2198 transvectio
513 2167 659 2207 equitum
682 2167 769 2198 facta
790 2175 822 2207 9,

189 2209 240 2250 46.
279 2209 521 2250 Septembribus
552 2209 665 2241 Idibus
694 2213 822 2249 praetor

190 2253 351 2284 maximus
377 2253 505 2284 clavum
530 2262 669 2294 pangere
696 2255 823 2282 vetusta

190 2296 261 2336 lege
282 2295 454 2326 iubebatur
473 2304 501 2336 7,
517 2305 546 2335 3.
582 2296 661 2327 Idus
683 2294 824 2326 Sextiles

191 2347 322 2413 111111,
333 2337 822 2418 {sffszzsszisifffflffls

151 2423 329 2462 Ieiunium,
355 2423 468 2464 quinto
495 2433 624 2463 quoque
652 2432 738 2454 anno
768 2423 822 2453 ob-

191 2467 396 2504 servandum,
425 2466 609 2497 institutum
639 2464 747 2497 Cereri
782 2465 824 2495 ob

534 1532 662 1554 cannen
680 1522 714 1553 in
730 1521 818 1553 libris

193 2509 471 2557 pmdig1a3o‚37.
511 2552 517 2558 ,
661 2551 667 2557 ,

151 2553 357 2594 Igiturvium,
369 2563 435 2584 sive
451 2557 558 2593 potius
576 2552 738 2592 Iguvmm,
750 2552 825 2583 urbs

195 2603 247 2636 459
262 2606 312 2636 43·

154 2639 242 2680 Ignis
267 2638 300 2670 in
325 2639 446 2670 Vestae
471 2639 552 2670 aede
575 2638 752 2670 exstinctus
776 2637 826 2674 28,

200 2691 247 2713 11.
271 2691 323 2720 41,
340 2691 367 2712 2.
392 2681 481 2722 ignes
496 2692 553 2722 per
567 2685 695 2713 noctem
712 2680 744 2712 in
761 2691 825 2712 cas-

195 2724 252 2755 tris
280 2724 407 2756 accensi
430 2725 472 2756 ad
496 2724 675 2756 fallendum
700 2724 826 2755 hostem

198 2775 250 2804 22,
266 2777 315 2805 41.
341 2766 392 2806 36,
412 2777 457 2799 10.
487 2767 615 2807 ignibus
636 2766 750 2798 armati
775 2766 826 2798 ki-

196 2790 330 2841 deiiates
353 2810 540 2842 Romanum
565 2814 686 2842 terrent
707 2809 827 2842 exerci-

198 2857 267 2883 tum
285 2863 316 2890 4,
332 2861 382 2891 33·

157 2894 430 2927 Ilercaoncnsium
447 2905 521 2935 ager
537 2904 589 2933 22,
605 2905 654 2927 21.

865 239 1020 279 Ilergetes
1047 239 1098 277 26,
1121 249 1171 282 49.
1207 239 1259 277 26,
1284 248 1312 271 2.
1348 240 1538 281 subiguntur

904 283 945 312 ab
969 283 1157 314 Hannibale
1181 292 1232 318 21,
1255 291 1303 320 23.
1331 288 1496 314 vastantur
1517 294 1537 314 a

904 324 966 355 Cn.
983 325 1133 364 Scipione
1152 324 1202 357 61.
1235 325 1411 364 Ilergetum
1435 326 1536 357 rebel-

903 366 949 397 lio
967 376 1017 404 22,
1034 377 1083 398 21.
1113 367 1273 398 auxilium
1293 372 1409 406 petunt
1429 378 1449 398 a
1469 369 1536 399 Ro-

903 409 1008 440 manis
1024 419 1140 449 34,11.

862 451 998 483 Ilienses
1024 462 1044 482 a
1068 452 1226 483 Romanis
1251 451 1381 491 ascripti
1404 452 1536 490 foederi,

904 505 979 526 cum
997 494 1152 535 Philippo
1174 494 1255 525 inito
1277 504 1393 536 29,12.
1424 494 1537 525 dieunt

903 538 945 568 ab
975 547 1009 568 se
1035 537 1186 568 oriundos
1212 536 1380 568 Romanos
1406 544 1458 576 37,

904 581 1056 611 Rhoeteo
1078 584 1111 611 et
1132 580 1289 620 Gergitho
1307 581 1470 611 donantur
1484 580 1537 619 38,

905 632 956 665 ³9·
1328 665 1334 672 .
1455 664 1461 670 .

862 666 1009 705 Ilienses,
1033 666 1199 698 Sardiniae
1223 666 1348 706 populi,
1371 668 1538 696 coneltant

903 710 1026 740 bellum
1039 719 1091 749 40,
1105 719 1152 751 19.
1173 708 1334 740 adiunctis
1344 708 1537 739 Balarorum

902 752 1043 790 auxiliis,
1055 752 1212 783 invadunt
1223 751 1404 783 Sardiniam
1420 761 1473 790 41,
1488 760 1536 781 10.

903 795 1084 826 funduntur
1097 806 1118 826 a
1134 794 1292 826 Romanis
1311 793 1358 825 16.

863 837 961 878 Ilipa,
986 839 1062 869 urbs
1090 837 1282 878 Hispaniae,
1312 847 1413 878 prope
1439 847 1536 877 quam

905 885 1083 921 pugnatum
1101 889 1152 920 35,
1173 891 1197 912 1.

863 924 1109 971 1111,1m‚35‚43-
1135 933 1187 963 37,
1202 933 1222 965 9
1238 927 1269 954 et
1287 931 1336 962 37-

863 966 1004 997 Ilhberis
1019 967 1177 1006 oppidum
1196 976 1246 1003 21,
1262 976 1311 1004 24.

862 1009 1038 1049 Illiturgis,'
1054 1010 1129 1040 urbs
1154 1009 1336 1048 Hispaniae
1361 1007 1411 1046 26,
1436 1017 1483 1048 17.
1517 1018 1537 1039 a

904 1052 1023 1082 Poenis
1049 1053 1090 1082 ob
1116 1051 1331 1082 defectionem
1355 1052 1396 1082 ad
1416 1052 1536 1082 Roma-

903 1104 962 1125 nos
981 1096 1109 1125 obsessa
1131 1103 1181 1133 23,
1197 1104 1248 1135 49.
1279 1095 1434 1125 liberatur
1456 1094 1537 1125 obsi—

903 1137 1010 1174 dione,
1033 1137 1110 1167 ibid.
1148 1137 1265 1168 iterum
1289 1140 1495 1177 oppugnatur
1517 1147 1538 1167 a

904 1179 1226 1219 Carthaginiensibus
1242 1189 1293 1218 24,
1309 1189 1361 1218 41.
1385 1180 1539 1210 liberatur

902 1232 922 1253 a
939 1222 1108 1260 Romanis,
1129 1222 1206 1253 ibid.
1245 1226 1318 1262 post
1340 1232 1448 1253 caesos
1471 1222 1538 1254 Sci-

902 1265 1016 1306 piones
1031 1265 1192 1296 defecerat
1207 1265 1248 1295 ad
1267 1266 1406 1302 Poenos,
1417 1275 1456 1296 ac
1471 1276 1537 1297 sce-

903 1308 954 1339 lus
978 1308 1077 1339 etiam
1101 1307 1274 1338 defectioni
1296 1307 1466 1338 addiderat
1488 1308 1538 1345 28,

907 1361 953 1393 19.
979 1350 1143 1391 Illiturgin
1167 1354 1335 1391 oppugnat
1359 1350 1479 1390 Scipio,
1494 1351 1539 1381 ib.

902 1393 1019 1424 acriter
1039 1393 1191 1425 resistunt
1210 1393 1376 1434 oppidani,
1391 1393 1434 1425 ib.
1465 1394 1540 1425 urbs

903 1436 1041 1477 capitur,
1056 1436 1098 1468 ib.
1126 1440 1197 1467 tum
1213 1437 1311 1467 etiam
1327 1446 1384 1467 arx
1401 1446 1452 1467 20.
1483 1446 1538 1477 op-

904 1479 1015 1520 pidani
1038 1480 1080 1510 ad
1103 1479 1356 1510 internecionem
1380 1479 1540 1518 delentur,

904 1526 936 1554 et
951 1523 1027 1553 urbs
1045 1521 1239 1561 incenditur,
1254 1522 1296 1553 ib.
1314 1522 1354 1553 cf.
1370 1525 1403 1553 et
1420 1531 1471 1562 34,
1491 1532 1539 1554 10.

864 1564 1074 1605 Illiturgitani
1092 1565 1147 1605 28,
1158 1573 1208 1605 25.

863 1608 1005 1646 Illurcis,
1043 1611 1133 1638 vetus
1169 1617 1287 1639 nomen
1325 1607 1424 1646 urbis,
1456 1619 1539 1648 quae

906 1655 1018 1691 postea
1034 1650 1230 1682 Gracchuris
1244 1650 1412 1691 appellata
1427 1661 1479 1689 41,
1495 1660 1524 1691 3.

866 1693 984 1734 Illyrii,
1004 1704 1083 1734 gens
1103 1694 1172 1724 fera
1196 1703 1245 1731 10,
1263 1703 1290 1724 2.
1315 1703 1426 1724 eorum
1442 1694 1541 1734 legati

908 1736 997 1768 curia
1016 1736 1173 1767 excedere
1192 1736 1268 1767 iussi
1288 1746 1340 1774 42,
1358 1735 1407 1768 26.
1432 1737 1540 1777 Illyrii

909 1779 1082 1810 vincuntur
1103 1789 1123 1809 a
1148 1778 1305 1810 Romanis
1327 1791 1379 1817 44,
1403 1788 1540 1819 30—32.

905 1822 943 1853 iis
966 1822 1097 1853 libertas
1120 1832 1271 1853 concessa
1293 1831 1346 1861 45,
1373 1822 1409 1852 18
1433 1826 1465 1853 et
1489 1821 1539 1854 26.

910 1865 1077 1906 Illyricum
1101 1865 1134 1895 in
1161 1869 1226 1896 tres
1251 1869 1359 1905 partes
1388 1864 1539 1903 divisum,

906 1908 984 1939 ibid.

866 1951 970 1991 Illyrii
996 1951 1175 1991 praedones
1197 1961 1250 1990 40,
1273 1961 1323 1990 42.
1352 1951 1539 1992 Illyriorum

907 1995 1041 2025 castella
1057 2005 1109 2033 42,
1126 1992 1176 2033 36.

867 2038 982 2074 Ilotae,
999 2036 1178 2074 castellani,
1192 2047 1294 2077 genus
1308 2041 1432 2077 agreste
1451 2037 1540 2078 apud

909 2079 1184 2111 Lacedaemonios
1200 2089 1251 2119 34,
1270 2088 1318 2120 27.

868 2124 940 2155 Ilva
955 2123 1061 2154 insula
1078 2132 1130 2162 30,
1147 2132 1196 2164 39.

869 2167 990 2197 Ilvates
1006 2166 1151 2206 Ligmes,
1167 2165 1264 2197 exciti
1284 2176 1304 2196 a
1321 2165 1440 2203 Gallis,
1453 2165 1542 2197 inva-

908 2209 1000 2247 dunt,
1017 2209 1100 2240 duce
1117 2209 1307 2239 Hamilcare
1328 2208 1451 2247 Poeno,
1471 2209 1542 2240 Pla-

909 2252 1048 2283 centiam
1067 2261 1118 2291 31,
1138 2261 1184 2283 10.
1209 2251 1343 2283 veniunt
1360 2251 1391 2282 in
1409 2252 1542 2283 deditio-

909 2305 984 2326 nem
1003 2295 1225 2325 Romanorum
1243 2304 1294 2335 32,
1311 2304 1360 2334 31.

869 2337 1020 2376 nuciam,
1036 2337 1193 2378 oppidum
1215 2337 1248 2368 in
1270 2337 1433 2377 Oretanis,
1454 2337 1542 2378 capit

908 2381 947 2413 C.
961 2380 1142 2412 Flaminius
1159 2389 1210 2420 35,
1227 2388 1254 2420 7.

868 2425 979 2455 Imber
993 2423 1177 2463 ingentibus
1187 2423 1336 2464 procellis
1348 2423 1469 2455 dirimit
1485 2434 1542 2464 pu-

909 2477 1005 2507 gnam
1029 2465 1061 2504 6,
1084 2467 1103 2497 8
1126 2470 1159 2497 et
1182 2475 1232 2505 32.
1262 2475 1314 2505 23,
1337 2478 1387 2505 44.
1416 2465 1466 2503 26,
1495 2476 1542 2498 11.

910 2509 1020 2540 imbris
1039 2509 1266 2550 opportunitas
1285 2509 1318 2540 in
1339 2509 1436 2550 Arpis
1457 2509 1542 2550 capi-

911 2552 1002 2584 endis
1019 2562 1070 2591 24,
1085 2551 1136 2592 46.

873 2596 1013 2633 Imbrus,
1027 2595 1133 2627 insula
1149 2604 1200 2635 33,
1217 2604 1266 2634 30.
1291 2602 1343 2634 35,
1359 2605 1410 2634 43.

873 2638 1051 2670 Immolant
1079 2639 1239 2675 consules,
1266 2642 1439 2678 antequam
1471 2648 1544 2668 suos

913 2681 1053 2712 educant
1068 2680 1101 2713 in
1121 2681 1223 2712 aciem
1245 2681 1276 2717 8,
1291 2691 1321 2722 9.
1346 2681 1503 2711 immolati
1524 2691 1543 2711 a

914 2723 1201 2764 Tarquiniensibus
1246 2723 1380 2755 trecenti
1426 2723 1544 2754 milites

915 2767 1057 2798 Romani
1077 2775 1106 2806 7,
1126 2775 1171 2806 15-

874 2811 1056 2851 Imperator
1070 2809 1211 2850 parentis
1227 2810 1298 2840 loco
1314 2808 1469 2839 militibus
1480 2806 1544 2838 suis

916 2864 946 2891 4,
971 2862 1021 2891 42.
1042 2851 1261 2901 ‘imperatoris
1275 2861 1391 2881 munus
1417 2862 1469 2888 44,
1492 2859 1542 2888 34.

915 2895 985 2926 eius
1005 2894 1127 2925 iniussu
1144 2893 1262 2925 nemini
1279 2893 1403 2925 hostem
1422 2892 1544 2932 proelio

1221 2935 1316 2975 ’112
