1888 3194
314 205 396 246 292
823 204 972 247 ΤΙΤΙ
1013 205 1192 247 LIVII

316 294 465 336 cabula
492 294 645 336 Latina
672 294 872 345 viderem,
895 311 1002 351 quae
1034 297 1078 337 in
1108 296 1337 352 parietibus
1365 295 1634 352 Pompeianis
1663 305 1707 338 et

318 351 705 393 Herculanensibus
730 352 928 408 inscripta
951 363 1060 403 sunt,
1090 368 1307 409 quumque
1332 353 1467 409 figura
1490 353 1706 394 literarum

317 409 542 465 fragmenti
578 409 746 450 Liviani
782 410 835 451 ob
877 409 1125 451 diuturnum
1160 425 1304 452 earum
1349 419 1563 466 aspectum
1608 418 1706 451 ante

320 466 462 508 oculos
493 466 596 507 mihi
624 467 762 508 adhuc
789 467 1101 516 obversaretur3
1135 468 1240 509 adeo
1270 467 1375 508 mihi
1402 476 1579 523 uterque
1607 482 1708 508 con-

319 538 468 579 gruere
489 524 710 565 videbatur
729 523 954 573 character,
977 532 1024 565 ut
1051 539 1184 565 unum
1209 539 1284 580 pro
1313 524 1444 566 altero
1464 525 1566 580 poni
1587 539 1706 580 posse

319 580 601 622 iudicarem10.
647 581 807 621 Romae
829 581 1002 636 quidem
1023 581 1237 636 specimen
1257 581 1505 623 characteris
1526 581 1706 631 Liviani,

321 652 563 693 quanquam
608 637 790 678 maxime
831 637 1128 687 desideraram,
1168 653 1390 693 procurare
1431 654 1518 680 non
1558 638 1704 695 potui:

321 702 384 735 est
423 695 537 735 enim
576 694 675 734 licet
709 708 872 734 summa
905 693 1124 749 elegantia,
1161 703 1303 735 tamen
1338 695 1537 745 minutus,
1573 695 1707 745 exilis,

320 759 526 792 vetustate
548 750 652 791 adeo
674 765 823 791 exesus
842 750 942 800 fere,
965 760 1024 800 ut,
1048 765 1175 805 quem
1200 751 1463 792 adhibuerim
1490 752 1709 807 graphices

320 809 514 863 peritum,
543 807 667 863 plane
698 806 805 847 nihil
834 822 922 847 sese
953 807 998 847 in
1028 808 1271 848 membrana
1296 808 1438 849 videre
1472 809 1706 849 affirmaret.

320 865 493 906 Accidit
513 873 667 913 autem,
686 872 732 904 ut
752 863 796 903 in
818 863 959 904 tabula
978 864 1090 919 picta
1111 863 1419 905 Herculanensi
1441 864 1708 908 XXXVIII.

320 922 364 962 in
386 936 479 962 aere
500 921 631 961 incisa
652 929 750 962 tom.
770 921 803 962 I.
822 936 861 976 p.
880 922 977 962 207.
1000 920 1174 977 Operis:
1207 927 1218 945 ‘
1231 921 1394 963 Pitture
1416 921 1456 962 d’
1478 921 1710 972 Ercolano,’

321 978 527 1033 quaedam
549 978 743 1033 legantur
762 978 890 1019 verba
910 977 1063 1019 Latina
1086 977 1318 1020 GENIVS
1344 978 1534 1020 HVIVS
1559 979 1711 1021 LOCI

320 1034 564 1077 MONTIS
604 1035 855 1085 charactere,
892 1050 976 1091 quo
1012 1035 1065 1076 de
1101 1035 1262 1090 loquor,
1299 1036 1559 1092 conscripta3
1605 1036 1710 1078 haec

318 1092 448 1148 igitur
486 1092 802 1133 transcribenda
841 1101 883 1133 et
925 1092 1010 1133 aeri
1055 1093 1282 1134 incidenda
1326 1093 1479 1143 curavi,
1520 1094 1710 1150 haecque

318 1150 449 1191 instar
483 1150 723 1205 speciminis
758 1149 1018 1199 characteris,
1053 1165 1137 1204 quo
1169 1150 1451 1206 fragmentum
1483 1150 1710 1193 Livianum

319 1207 611 1263 consignatum
633 1215 708 1256 est,
730 1206 905 1248 lectores
924 1206 1050 1247 velim
1071 1207 1302 1248 habeant11.
1364 1206 1478 1248 Illud
1498 1208 1576 1249 sibi
1591 1223 1711 1264 prae-

320 1273 434 1305 terea
461 1264 752 1319 persuadeant,
774 1264 818 1304 in
845 1263 911 1304 his
940 1264 1074 1305 verbis
1096 1279 1228 1319 quum
1255 1272 1413 1305 ceteras
1443 1263 1595 1315 literas,
1618 1273 1710 1306 tum

320 1321 501 1362 maxime
534 1320 587 1362 V.
611 1329 653 1361 et
682 1320 743 1362 M.
768 1336 864 1361 cum
895 1320 1025 1362 literis
1055 1321 1278 1376 fragmenti
1307 1321 1474 1363 Liviani
1503 1322 1637 1363 forma
1666 1330 1711 1363 et

318 1378 453 1434 figura
473 1378 566 1434 plus
583 1393 709 1433 quam
726 1378 809 1419 dici
830 1386 978 1434 potest,
996 1379 1234 1428 convenire,
1253 1393 1496 1434 quanquam
1517 1394 1542 1419 a
1561 1379 1708 1435 figura,

320 1451 404 1491 qua
423 1436 500 1476 hae
523 1435 667 1476 literae
689 1435 734 1476 in
751 1435 931 1490 Virgilio
953 1434 1197 1476 Florentino
1219 1450 1436 1491 expressae
1457 1444 1568 1485 sunt,
1590 1436 1710 1492 paul-

318 1492 453 1533 lulum
484 1493 699 1533 recedunt.
764 1490 1091 1533 Herculanensis
1121 1501 1262 1533 autem
1293 1492 1508 1533 character
1537 1492 1592 1534 ad
1611 1492 1711 1534 Vir-

318 1549 467 1604 gilium
488 1549 741 1591 Vaticanum
771 1549 943 1605 propius
973 1549 1147 1598 accedit,
1169 1564 1297 1605 quam
1328 1549 1382 1590 ad
1411 1564 1709 1606 quemcunque

318 1607 446 1647 alium
461 1607 692 1648 uncialibus
705 1606 835 1647 literis
848 1607 1130 1662 conscriptum
1146 1606 1350 1647 librum1‘2.
1400 1606 1710 1662 Quae‘quidem

319 1664 459 1704 omnia
480 1679 611 1719 quum
633 1678 799 1704 mecum
821 1672 971 1719 reputo
994 1672 1121 1719 atque
1142 1663 1384 1719 perpendo:
1418 1679 1505 1705 non
1525 1679 1708 1719 possum,

319 1721 421 1776 quin
450 1721 562 1762 inter
588 1720 878 1776 antiquissima
904 1720 1063 1761 calamo
1092 1720 1136 1760 in
1163 1721 1406 1762 membrana
1426 1729 1594 1762 exarata
1621 1735 1710 1762 mo-

318 1787 522 1819 numenta
548 1778 737 1820 omnium
767 1778 948 1833 primum
980 1777 1120 1818 locum
1147 1778 1245 1819 huic
1268 1777 1447 1819 Liviano
1473 1778 1710 1834 fragmento

319 1836 539 1890 assignem,
554 1844 703 1885 cetera,
719 1843 929 1891 quotquot
941 1835 1141 1885 existunt,
1156 1835 1404 1891 antiquitate
1418 1835 1712 1891 postponenda

318 1893 498 1934 credam.
565 1892 710 1941 Quum
738 1893 866 1948 igitur
892 1907 986 1933 mea
1012 1893 1221 1933 sententia
1245 1908 1298 1934 ex
1320 1892 1443 1934 Livio
1463 1901 1590 1948 atque
1611 1892 1710 1933 Vir-

317 1950 418 2005 gilio
449 1950 761 2005 antiquissimae
792 1950 1058 1990 membranae
1090 1957 1273 1990 servatae
1304 1949 1413 1990 sint:
1451 1949 1558 1990 illud
1582 1964 1709 2004 quam

319 2006 497 2047 feliciter
538 2006 691 2055 evenit,
728 2014 774 2046 ut
814 2020 868 2046 ex
903 2006 1133 2061 naufragio,
1171 2006 1286 2061 quod
1326 2005 1572 2047 vetustiores
1613 2005 1709 2047 libri

319 2063 521 2112 fecerunt,
561 2062 791 2103 eorundem
825 2070 1041 2103 auctorum
1075 2062 1239 2103 tabulae
1272 2077 1358 2103 non
1391 2062 1622 2112 interirent,
1654 2062 1708 2104 de

320 2121 473 2176 quibus
510 2119 705 2160 tollendis
740 2120 1067 2175 amovendisque
1103 2119 1187 2160 iam
1226 2118 1420 2174 Caligula
1455 2119 1710 2175 cogitaverat

320 2186 424 2218 teste
461 2176 662 2218 Suetonio
694 2176 738 2217 in
768 2177 852 2218 vita
887 2176 1021 2233 Calig.
1045 2191 1132 2232 cap.
1157 2180 1225 2217 34.
1287 2175 1562 2217 Membranae
1594 2177 1709 2218 enim

320 2234 431 2274 Livii
448 2233 713 2290 Virgiliique,
732 2249 834 2289 quas
851 2234 960 2275 orbis
976 2233 1164 2275 eruditus
1185 2233 1370 2290 possidet
1390 2233 1435 2274 in
1455 2233 1710 2276 bibliotheca

321 2291 526 2333 Vaticana
556 2299 756 2347 tanquam
787 2290 1045 2332 nobilissimo
1075 2290 1167 2332 loco
1198 2291 1421 2347 depositas,
1443 2290 1524 2332 nisi
1551 2306 1574 2333 e
1603 2299 1710 2333 tem-

364 2470 402 2493 10
418 2460 494 2492 Vid.
508 2471 590 2500 quae
604 2460 806 2491 Niebuhrius
819 2470 849 2500 p.
867 2469 914 2501 19.
931 2460 992 2490 dis-

319 2503 445 2542 putavit
462 2504 502 2533 de
518 2503 695 2542 scripturae
714 2513 842 2542 genere,
858 2503 944 2541 quod
960 2503 992 2532 in

320 2545 583 2584 inscriptionibus
609 2545 818 2584 Pompeianis
845 2549 877 2575 et
911 2546 990 2584 frag-

321 2592 430 2617 mento
448 2587 583 2617 Liviano
598 2588 803 2626 conspicitur.

367 2639 378 2659 1
389 2639 399 2658 1
421 2629 497 2659 Non
514 2639 595 2668 opus
607 2639 675 2659 esse
688 2629 866 2664 videbatur,
879 2633 914 2658 ut
929 2629 990 2658 hoc

321 2671 513 2702 characteris
527 2671 690 2710 specimen
707 2672 919 2710 repetendum
937 2682 989 2700 cu<

320 2723 432 2744 rarem.

366 2766 401 2786 12
426 2755 627 2786 Niehuhrius
650 2754 817 2794 fragmenti
836 2755 890 2784 lin.
909 2755 990 2784 28—

320 2808 368 2837 30.
383 2798 414 2827 in
431 2808 485 2828 aes
501 2797 597 2827 incidi
615 2797 723 2827 iussit:
743 2797 796 2826 sed
814 2796 990 2835 scriptume

318 2840 531 2871 imitationem
564 2850 666 2878 neque
701 2839 758 2869 sibi
795 2838 927 2877 optimc,
958 2842 989 2868 ct

318 2883 409 2922 peius
432 2882 528 2913 etiam
552 2882 703 2921 scalptori
729 2882 869 2915 cessisse„
890 2892 921 2920 p.
941 2890 988 2911 22.

1036 2460 1157 2490 fatetur
1168 2463 1265 2499 atque
1277 2460 1317 2489 ad
1330 2459 1492 2499 specimen
1504 2457 1708 2496 Scaufianae,

1037 2503 1122 2541 quod
1153 2502 1185 2532 in
1215 2502 1356 2532 editione
1386 2501 1623 2531 Mediolanensi
1653 2511 1706 2531 ex-

1036 2545 1175 2581 hibetur,
1200 2543 1450 2583 paleographiae
1473 2542 1632 2573 studiosos
1660 2553 1707 2574 re-

1035 2586 1144 2617 mittit.
1202 2587 1254 2616 De
1285 2586 1505 2615 characterum
1536 2585 1706 2624 specimin-

1034 2628 1116 2666 ibus,
1133 2637 1227 2666 quae,
1244 2637 1348 2665 neque
1373 2627 1577 2657 Cancellerio
1599 2637 1705 2666 neque

1036 2669 1207 2700 Iuvenatio
1234 2670 1402 2708 probante,
1426 2669 1558 2699 editioni
1584 2669 1705 2700 Roma—

1035 2721 1095 2741 nae
1116 2712 1242 2741 adiecta
1263 2715 1348 2748 sunt,
1364 2715 1396 2741 et
1419 2711 1555 2741 ridiculo
1579 2711 1705 2742 chalco-

1034 2753 1146 2793 graphi
1166 2753 1339 2792 Lipsiensis
1360 2753 1417 2783 illa
1437 2753 1638 2784 defunctorie
1658 2764 1703 2785 re-

1037 2795 1174 2834 petentis
1197 2805 1299 2826 errore
1323 2795 1387 2825 (lixi
1413 2795 1443 2825 in
1470 2796 1607 2826 Elench.
1631 2796 1703 2826 edd.

1034 2839 1143 2877 fragm.
1177 2838 1246 2868 Liv.
1278 2848 1309 2877 p.
1341 2837 1391 2878 69.
1423 2848 1468 2877 sq.
1516 2838 1591 2870 Vid.
1621 2838 1705 2869 infra

1035 2885 1099 2911 not.
1118 2888 1166 2919 37.
