1888 3194
561 151 690 194 LIB.
728 151 870 193 XLV.
912 150 1060 192 CAP.
1097 155 1162 193 13.
1481 155 1562 196 185

160 242 282 284 muni
302 241 473 284 nomine
494 242 604 298 regis
625 250 668 284 et
687 241 951 298 Cleopatrae,
969 241 1122 298 gratias
1142 248 1334 297 egerunt,
1354 240 1476 282 ‘Plus
1493 256 1564 283 eos
1579 251 1625 284 U.
1642 252 1681 284 C.
1704 252 1778 292 584.

163 299 355 342 ‘senatui
384 298 626 355 populoque
657 299 866 349 Romano,
893 313 1022 355 quam
1051 298 1296 355 parentibus
1327 298 1425 347 suis,
1455 298 1563 353 plus,
1579 296 1618 327 Α·
1643 295 1682 327 C·
1708 294 1778 328 ¹⁶8·

163 362 319 414 ‘quam
360 355 441 397 diis
485 356 804 406 immortalibus,
845 356 1028 398 debere:
1081 370 1158 412 per
1198 370 1305 412 quos
1345 354 1564 397 obsidione

163 420 177 438 ‘
193 413 426 455 miserrima
444 412 612 455 liberati
633 423 786 463 essent,
808 428 985 470 regnum
1011 413 1194 470 patrium
1216 427 1347 469 prope
1369 412 1566 453 amissum

169 470 477 527 ‘recepissent’
537 470 808 527 Responsum
848 472 900 513 ab
941 480 1088 512 senatu
1129 478 1218 511 est:
1273 468 1566 510 ‘Antiochum

171 533 307 570 ‘recte
343 536 469 584 atque
506 528 653 570 ordine
689 528 850 578 fecisse,
885 528 1001 585 quod
1036 527 1184 584 legatis
1219 527 1438 584 paruisset,
1474 542 1568 582 gra-

165 591 369 642 ‘tumque
406 585 451 626 id
487 600 576 627 esse
612 586 778 627 senatui
813 585 1055 643 populoque
1094 585 1317 626 Romano.’
1377 584 1567 640 Regibus

162 643 366 700 Aegypti,
389 642 634 685 Ptolemaeo
659 643 1024 700 Cleopatraeque:
1060 648 1071 666 ‘
1090 642 1135 684 Si
1157 641 1261 699 quid
1292 656 1368 698 per
1394 656 1438 683 se
1468 642 1567 683 boni

164 699 488 756 ‘commodique
525 701 745 751 evenisset,
781 701 826 742 id
863 715 1120 758 magnopere
1158 709 1351 741 senatum
1392 698 1564 740 laetari:

163 764 176 782 ‘
192 757 476 814 daturumque
497 773 682 814 operam,
704 767 752 800 ut
771 759 892 816 regni
917 758 982 799 sui
1002 758 1236 799 maximum
1257 771 1425 813 semper
1446 771 1568 813 prae-

164 821 177 841 ‘
191 815 345 857 sidium
366 815 551 871 positum
572 831 660 857 esse
683 816 726 857 in
748 815 832 858 fide
854 815 1002 872 populi
1025 814 1211 857 Romani
1232 814 1418 856 ducant.’
1463 813 1567 855 Mu-

161 888 266 915 nera
296 872 444 929 legatis
479 882 527 914 ut
560 888 613 914 ex
646 873 840 915 instituto
873 872 1082 914 mittenda
1111 881 1288 921 curaret,
1325 870 1375 912 C.
1395 870 1567 928 Papirio

162 931 345 987 praetori
374 930 632 972 mandatum.
695 930 865 972 Literae
887 930 1045 973 deinde
1073 946 1096 972 e
1124 929 1381 971 Macedonia
1402 928 1565 979 allatae,

163 1003 272 1044 quae
309 988 506 1029 victoriae
543 987 746 1029 laetitiam
780 988 1072 1044 geminarent:
1123 987 1308 1028 ‘Persea
1341 1001 1485 1043 regem
1521 986 1566 1027 in

165 1051 177 1070 ‘
191 1053 443 1102 potestatem
464 1044 646 1085 consulis
666 1045 857 1086 venisse.'

222 1101 418 1144 Dimissis
448 1101 596 1157 legatis
621 1101 901 1158 disceptatum
930 1102 1042 1143 inter
1061 1101 1238 1143 Pisanos
1259 1101 1565 1156 Lunensesque

162 1159 202 1201 le
233 1169 350 1201 atos:
389 1158 553 1200 Pisanis
584 1159 872 1215 querentibus,
905 1174 1004 1215 agro
1035 1173 1077 1200 se
1112 1174 1136 1200 a
1167 1157 1327 1199 colonis
1362 1158 1566 1199 Romanis

162 1175 290 1274 p51i3
330 1215 604 1258 Lunensibus
636 1216 951 1266 affirmantibus,
983 1231 1095 1266 eum,
1122 1215 1175 1257 de
1204 1230 1290 1272 quo
1323 1224 1485 1271 agatur,
1514 1214 1566 1256 ab

164 1274 390 1316 triumviris
426 1288 573 1330 agrum
614 1274 692 1315 sibi
728 1274 984 1330 assignatum
1018 1288 1120 1314 esse.
1187 1272 1379 1322 Senatus,
1409 1272 1484 1328 qui
1511 1272 1566 1313 de

163 1332 318 1374 finibus
343 1341 646 1387 cognoscerent
670 1341 1002 1388 statueremque,
1026 1330 1329 1387 quinqueviros
1351 1329 1476 1379 misit,
1509 1328 1563 1378 Q.

164 1389 341 1432 Fabium
374 1389 625 1438 Buteonem,
656 1388 704 1430 P.
726 1388 975 1430 Cornelium
1007 1387 1262 1438 Blasionem,
1295 1387 1346 1429 T.
1370 1386 1566 1443 Sempro·

164 1448 282 1489 nium
305 1446 514 1497 Muscam,
537 1446 587 1488 L.
607 1445 819 1489 Naevium
843 1446 1038 1497 Balbum,
1064 1446 1114 1488 C.
1133 1444 1397 1503 Appuleium
1422 1444 1566 1487 Satur-

163 1520 326 1547 ninum.

225 1562 283 1604 Et
312 1563 364 1604 ab
396 1562 590 1604 Eumene
623 1571 666 1604 et
697 1563 750 1605 ab
776 1562 923 1605 Attalo
951 1571 994 1604 et
1024 1562 1076 1604 ab
1102 1561 1330 1604 Athenaeo
1353 1560 1563 1611 fratribus,

166 1620 401 1662 eommunis
428 1620 466 1661 lc
498 1621 582 1662 atio
609 1620 663 1661 de
691 1620 865 1662 victoria
891 1620 1146 1677 gratulatum
1172 1619 1298 1661 venit.
1362 1618 1420 1660 Et
1447 1617 1565 1660 Mas·
1578 1628 1736 1670 Masgaba

165 1678 311 1734 gabae,
334 1678 443 1734 regis
465 1635 713 1719 {lasinissae
735 1677 835 1727 filio,
859 1677 1048 1719 Puteolis
1069 1692 1175 1718 nave
1197 1691 1376 1733 egresso,
1399 1685 1564 1732 praesto
1577 1671 1769 1745 {immissae

166 1736 258 1785 fuit,
280 1735 444 1778 obviam
468 1735 616 1776 missus
637 1750 734 1776 cum
762 1735 956 1791 pecunia,
980 1734 1029 1776 L.
1049 1733 1238 1775 Manlius
1259 1742 1467 1789 quaestor,
1490 1733 1564 1790 qui
1607 1737 1617 1746 ⁰

168 1793 350 1835 Romam
372 1808 470 1834 eum
491 1792 660 1849 publico
686 1802 857 1849 sumptu
885 1792 1146 1849 perduceret.
1210 1791 1471 1832 Advenienti
1492 1806 1567 1833 ex-

167 1850 326 1907 templo
346 1859 514 1892 senatus
535 1850 658 1891 datus
682 1860 755 1891 est.
819 1850 860 1891 Is
881 1849 1123 1891 adolescens
1143 1849 1201 1890 ita
1222 1849 1385 1890 locutus
1406 1857 1481 1898 cst,
1505 1857 1565 1898 ut,

167 1923 276 1965 quae
317 1908 441 1949 rebus
480 1916 598 1963 grata
637 1916 769 1957 erant,
806 1908 986 1963 gratiora
1027 1907 1164 1948 verbis
1203 1906 1370 1947 faceret.
1437 1905 1568 1947 Com-

167 1965 427 2015 memoravit,
481 1971 613 2021 ‘quot
653 1965 819 2021 pedites
859 1965 1123 2020 equitesque,
1165 1972 1270 2019 quot
1305 1962 1566 2019 elephantos,

169 2029 180 2048 ‘
227 2031 403 2064 uantum
436 2022 635 2064 frumenti
670 2037 721 2064 eo
754 2021 1034 2078 quadriennio
1065 2029 1185 2077 pater
1215 2035 1314 2062 suus
1345 2020 1387 2060 in
1420 2020 1568 2062 Mace-

169 2086 181 2105 ‘
228 2081 369 2122 oniam
399 2080 588 2122 misisset.
655 2079 740 2122 Sed
768 2080 873 2121 duas
902 2094 967 2121 res
998 2079 1036 2120 ei
1070 2078 1209 2120 rubori
1236 2078 1388 2120 fuisse:
1424 2092 1565 2128 unam,

169 2138 314 2195 ‘quod
341 2147 526 2194 rogasset
554 2153 652 2179 eum
684 2153 760 2194 per
787 2137 946 2193 legatos
978 2145 1159 2186 senatus,
1182 2150 1290 2192 quae
1322 2135 1376 2176 ad
1408 2134 1566 2177 bellum

169 2201 182 2221 ‘
198 2210 303 2261 opus
331 2204 482 2245 essent,
504 2203 548 2237 et
575 2210 660 2237 non
690 2196 959 2251 imperasset:
993 2193 1180 2243 alteram,
1203 2193 1317 2250 quod
1342 2193 1565 2249 pecuniam

171 2259 182 2278 ‘
199 2268 238 2295 ei
259 2268 335 2310 pro
356 2252 568 2295 frumento
589 2253 778 2295 misisset.
828 2251 1095 2294 Masinissam
1118 2251 1371 2300 meminisse,
1390 2265 1567 2307 regnum

171 2317 224 2353 ‘a
254 2310 411 2367 populo
447 2310 640 2352 Romano
676 2319 843 2367 partum
880 2318 1135 2365 auctumque
1167 2318 1210 2350 ct
1241 2307 1566 2364 multiplicatum

172 2368 379 2410 ‘haberez
430 2383 506 2409 usu
547 2368 665 2424 regni
707 2377 955 2409 contentum
991 2367 1110 2415 seire,
1148 2366 1384 2407 dominium
1421 2374 1465 2406 et
1505 2365 1569 2406 ius

138 2433 358 2475 3‘corum,
387 2426 461 2482 qui
488 2425 696 2475 dederint,
723 2441 824 2467 csse.
890 2425 1065 2466 Sumere
1098 2424 1239 2480 itaque
1271 2422 1455 2472 eosdem,
1482 2438 1568 2464 non

137 2504 157 2531 ⁴
172 2492 183 2509 ‘
199 2500 242 2526 se
265 2498 423 2540 rogare,
445 2498 630 2540 aequum
651 2498 753 2533 esse,
777 2497 916 2539 neque
942 2497 1082 2523 emere
1108 2497 1158 2522 ea
1182 2496 1234 2522 cx
1257 2481 1460 2522 fructibus
1481 2480 1568 2537 agri

170 2618 243 2639 eum
267 2607 362 2638 missa
382 2606 498 2645 legatio
519 2617 537 2637 a
556 2607 713 2638 Romanis
733 2607 846 2637 fuerat.
892 2605 1014 2645 aliquid
1032 2616 1070 2636 ex
1093 2606 1198 2641 rebus,
1213 2615 1296 2645 quae
1318 2604 1378 2645 ipsi
1400 2604 1545 2635 dederint
1564 2617 1571 2641 ς

171 2652 211 2682 cf.
228 2661 313 2690 supr.
332 2650 408 2680 xliv.
432 2660 477 2690 ¹9·
894 2649 982 2688 prius
1007 2649 1047 2678 ad
1078 2648 1296 2684 Masinissam,
1323 2648 1413 2678 cuius
1441 2647 1570 2677 nominc

216 2703 234 2732 3
258 2695 333 2724 Non
359 2704 392 2724 se
419 2693 550 2732 royare]
592 2692 778 2722 Perizonius
807 2692 847 2722 ad
894 2690 1074 2721 instituitur
1089 2691 1201 2721 oratio.

172 2735 280 2767 sanct.
308 2736 446 2766 Minerv.
474 2736 505 2766 ii.
540 2745 586 2766 12.
615 2735 741 2765 monuit
771 2734 847 2764 reci·
937 2746 955 2772 4
980 2735 1034 2764 Ea·
1056 2734 1228 2771 fructibus
1257 2734 1330 2772 αρν-ι’
1357 2734 1397 2762 ab
1423 2744 1456 2763 se·
1482 2733 1568 2769 dati]

175 2788 306 2817 procum
328 2789 361 2809 ue
382 2778 413 2808 in
436 2778 496 2808 hoc
518 2778 672 2808 orationis
693 2782 848 2808 contextu
897 2777 969 2806 vox
978 2777 1148 2814 fructibus
1166 2776 1233 2806 voci
1256 2787 1317 2806 usu
1337 2775 1523 2815 opponitur,
1539 2780 1569 2803 ct

174 2819 223 2849 bis
239 2821 377 2859 positum
399 2821 439 2851 ad
457 2821 599 2851 diversos
620 2819 750 2851 referri:
779 2830 847 2859 pos-
894 2818 1068 2850 Masinissa
1094 2819 1217 2849 smctus
1246 2818 1311 2856 tigri
1339 2818 1387 2847 sui
1415 2823 1568 2855 tunquam

175 2862 273 2892 terius
299 2862 384 2893 enim
412 2874 445 2893 es
473 2863 642 2894 manifeste
675 2862 779 2893 referri
808 2862 848 2893 ud
896 2861 1062 2899 vectigalis
1075 2861 1186 2900 populi
1204 2859 1487 2891 Romaninrbitrio
1508 2859 1569 2887 Ro·

177 2904 354 2941 Romanos,
378 2916 457 2944 quos
483 2916 544 2936 non
571 2910 718 2945 oporteat
743 2915 850 2936 emere
895 2914 1063 2935 manorum
1082 2904 1226 2934 modeste
1239 2902 1384 2933 subiecit.
1416 2902 1568 2932 Ceterum
