1888 3194
557 201 862 244 LIB.><L1L
908 201 1054 243 CAP.
1088 204 1154 243 62.
1487 207 1537 246 91

121 292 303 337 zloricae
343 291 617 348 thoracesque
663 290 777 332 mille
818 291 998 348 amplius
1041 305 1247 332 summam
1287 292 1540 357 explebant3
1558 304 1600 336 U.
1618 304 1655 335 C.
1679 303 1752 343 58¹-

152 350 364 408 galearum
393 348 712 405 gladiorumque
744 358 787 390 et
811 348 1030 390 missilium
1058 348 1194 389 omnis
1223 350 1389 405 generis
1414 348 1595 392 maiorA·
1620 348 1658 379 C.
1683 355 1753 385 171·

153 407 366 463 aliquanto
396 422 608 448 numerus.
671 405 805 457 Haeo,
827 422 904 463 per
927 422 970 448 se
997 406 1148 462 ampla,
1171 406 1370 463 pleraque
1401 408 1545 449 multi-

182 464 305 506 licata
333 464 470 506 verbis
504 465 625 520 regis,
659 479 766 520 quae
806 464 859 505 ad
894 465 1141 506 concionem
1175 474 1322 506 vocato
1355 465 1544 507 exercitu

152 480 322 564 Rabuit:
358 528 369 546 ‘
385 522 728 564 Praeiudicatum
750 531 947 564 eventum
971 521 1069 563 belli
1091 521 1262 564 habetis.
1318 521 1545 564 Meliorem

155 585 345 637 ‘partem
380 580 578 630 hostium,
612 580 846 636 equitatum
882 580 1143 645 Romanum,
1171 595 1256 636 quo
1291 580 1469 621 invictos
1502 595 1545 622 se

155 643 271 679 ‘esse
301 637 599 704 gloriabantur,
630 637 806 679 fudistis.
869 637 1046 694 Equites
1077 638 1190 678 enim
1224 637 1303 679 illis
1335 638 1546 695 principes

155 696 424 746 ‘iuventutis,
460 696 623 752 equites
658 696 928 737 seminarium
963 697 1155 737 senatus·
1201 695 1300 737 inde
1336 695 1466 737 lectos
1501 696 1546 737 in

156 759 168 778 ‘
183 753 357 797 Patrum
378 769 600 796 numerum
622 754 825 804 consules,
845 753 944 795 inde
966 753 1237 810 impelatores
1253 763 1407 795 creant.
1455 753 1547 796 Ho-

156 817 169 836 ‘
183 826 278 853 rum
299 811 430 868 spolia
449 811 590 869 paullo
611 821 707 853 ante
725 812 940 853 divisimus
960 812 1071 853 inter
1091 827 1174 853 vos.
1225 811 1269 853 N
1272 827 1320 854 ec
1341 812 1547 854 minorem

158 875 170 894 ‘
185 869 238 911 de
259 869 494 926 legionibus
524 869 714 926 peditum
735 870 951 911 victoriam
980 870 1164 911 habetis:
1198 885 1319 926 quae,
1341 879 1548 911 nocturna

158 927 285 984 ‘fuga
315 928 432 970 vobis
467 928 714 977 subtractae,
749 927 1043 984 naufragorum
1080 927 1358 984 trepidatione
1394 929 1548 984 passim

159 985 420 1027 ‘natantium
450 986 608 1027 flumen
634 985 962 1042 compleverunt.
1028 985 1112 1027 Sed
1142 985 1302 1027 facilius
1333 986 1453 1027 nobis
1484 1001 1549 1027 se-

158 1043 412 1099 ‘quentibus
433 1043 564 1085 victos
585 1043 776 1084 Peneum
807 1058 1002 1100 superare
1034 1044 1126 1093 erit,
1149 1058 1275 1099 quam
1307 1043 1388 1085 illis
1419 1044 1548 1100 trepi-

158 1100 383 1142 ‘dantibus
401 1100 503 1150 fuit3
538 1101 864 1157 transgressique
890 1101 1104 1157 extemplo
1129 1110 1262 1142 castra
1286 1102 1549 1158 oppugnabi-

158 1163 290 1208 ‘mus,
313 1173 421 1214 quae
453 1158 580 1200 hodie
611 1158 877 1214 cepissemuS‚
907 1159 952 1199 ni
981 1159 1195 1215 fugissent.
1259 1159 1363 1209 Aut,
1395 1160 1429 1200 si
1460 1160 1547 1201 acie

158 1221 170 1241 ‘
185 1215 410 1258 decernere
432 1215 588 1266 volent,
611 1216 794 1258 eundem
825 1231 990 1273 pugnae
1023 1216 1228 1273 pedestris
1255 1225 1453 1258 eventum
1475 1233 1550 1258 ex-

157 1280 170 1299 ‘
185 1283 382 1331 spectate,
405 1274 479 1331 qui
507 1274 698 1330 equitum
728 1274 772 1315 in
797 1275 1025 1316 certamine
1053 1274 1205 1316 fuerit.'
1267 1274 1325 1315 Et
1345 1274 1417 1331 qui
1439 1275 1550 1316 vice-

155 1341 250 1374 rant
284 1331 452 1382 alacres,
485 1332 618 1388 spolia
652 1347 867 1374 caesorum
906 1332 1090 1374 hostium
1123 1332 1309 1374 humeris
1341 1343 1549 1389 gerentes,

125 1390 340 1434 4facinora
369 1405 445 1432 sua
472 1390 681 1440 audivere,
708 1406 760 1432 ex
789 1406 852 1441 eo,
876 1390 991 1447 quod
1022 1390 1242 1440 acciderat,
1272 1406 1390 1456 spem
1420 1390 1551 1432 futuri

155 1448 483 1514 praecipientes:
517 1458 560 1490 et
586 1448 762 1505 pedites,
795 1448 931 1490 aliena
960 1448 1092 1505 gloria
1121 1449 1298 1499 accensi,
1324 1448 1549 1505 praecipue

158 1522 232 1563 qul
253 1505 540 1548 Macedonum
562 1506 781 1563 phalangis
802 1516 933 1557 erant,
956 1507 1035 1548 sibi
1057 1522 1226 1563 quoque
1258 1516 1301 1548 et
1331 1507 1549 1548 navandae

158 1564 247 1621 regi
267 1579 431 1621 operae,
453 1575 495 1606 et
515 1564 694 1606 similem
715 1564 889 1621 gloriam
915 1580 968 1606 ex
999 1564 1116 1606 hoste
1141 1564 1346 1621 pariendi,
1369 1565 1551 1606 occasio-

159 1637 256 1664 nem
288 1622 499 1678 optabant.
564 1621 783 1664 Concione
816 1622 998 1672 dimissa,
1032 1632 1199 1679 postero
1235 1623 1304 1664 die
1338 1623 1550 1680 profectus

129 1694 147 1724 5
161 1679 260 1721 inde
277 1680 330 1720 ad
345 1679 585 1736 Mopselum
607 1680 747 1736 posuit
762 1689 904 1721 eastra.
958 1680 1167 1722 Tumulus
1183 1680 1252 1722 hic
1269 1689 1366 1722 ante
1386 1681 1549 1737 Tempe

159 1746 222 1779 est
242 1746 283 1779 et
305 1737 462 1778 eminet
485 1737 673 1779 Larissae
696 1737 859 1779 medius
881 1738 902 1759 *
926 1738 960 1779 *ἢ

220 1795 415 1845 Romani,
449 1810 532 1836 non
567 1795 838 1836 abscedentes
871 1796 922 1836 ab
953 1796 1042 1852 ripa
1072 1795 1218 1845 Penei,
1249 1795 1552 1838 transtulerunt
1629 1806 1695 1845 62,

159 1853 205 1895 in
236 1853 374 1895 locum
408 1853 603 1894 tutiorem
638 1870 659 1894 e
663 1863 782 1894 {histri
846 1853 910 1894 Eo
942 1853 1183 1910 Misagenes
1215 1852 1405 1895 Numida
1436 1855 1552 1895 venit

158 1926 256 1952 cum
289 1910 402 1952 mille
436 1911 660 1966 equitibus,
695 1912 782 1975 pari
820 1911 1007 1967 peditum
1043 1926 1232 1960 numero,
1267 1911 1320 1952 ad
1356 1911 1435 1953 hoc
1466 1911 1552 1953 ele-

158 1968 326 2026 phantis
346 1968 510 2009 duobus
531 1977 574 2009 et
595 1969 755 2024 viginti.
818 1968 902 2009 Per
922 1984 992 2009 eos
1013 1969 1102 2010 dies
1123 1968 1344 2009 eonsilium
1376 1969 1551 2011 habenti

127 2027 247 2084 6regi
272 2025 324 2067 de
352 2041 514 2067 summa
544 2025 655 2075 belli,
679 2041 810 2082 quum
843 2027 924 2067 iam
956 2026 1211 2068 consedisset
1241 2027 1394 2068 ferocia
1424 2028 1475 2069 ab
1506 2043 1550 2069 re

158 2085 265 2127 bene
293 2093 422 2140 gesta,
444 2084 533 2125 ausi
554 2094 650 2125 sunt
673 2084 845 2140 quidam
875 2084 1104 2125 amicorum
1126 2084 1346 2126 consilium
1369 2085 1482 2135 dare,
1505 2095 1552 2126 ut

130 2142 343 2189 7seeunda
377 2142 543 2183 fortuna
579 2142 623 2183 in
659 2141 945 2184 conditionem
983 2142 1181 2183 honestae
1218 2143 1331 2199 pacis
1365 2152 1553 2185 uteretur

158 2201 309 2258 potiuS,
332 2215 472 2256 quam,
496 2215 567 2257 spe
590 2215 696 2241 vana
717 2211 897 2250 evectus,
921 2200 965 2241 in
990 2216 1131 2241 casum
1164 2200 1475 2242 irrevocabilem
1507 2217 1550 2243 se

157 2258 287 2301 daret.
353 2264 363 2282 ‘
379 2258 560 2299 Modum
593 2258 809 2314 imponere
839 2258 1034 2300 secundis
1058 2259 1194 2307 rebus,
1217 2274 1296 2300 nec
1317 2259 1442 2300 nimis
1462 2275 1552 2301 cre-

159 2317 286 2359 ‘dere
318 2316 533 2358 serenitati
566 2317 796 2372 praesentis
826 2317 1030 2366 fortunae,
1053 2316 1274 2373 prudentis
1301 2317 1482 2358 hominis
1510 2327 1552 2359 et

160 2380 172 2399 ‘
187 2375 336 2417 merito
357 2374 489 2416 felicis
511 2390 610 2415 csse.
675 2374 869 2416 Mitteret
898 2374 952 2416 ad
983 2374 1211 2424 consulein,
1235 2375 1307 2430 qui
1329 2375 1476 2417 foedus
1508 2376 1551 2416 iu

160 2438 172 2457 ‘
187 2432 353 2475 easdem
383 2432 495 2489 leges
526 2442 787 2482 renovarent,
810 2433 962 2489 quibus
984 2432 1207 2489 Philippus
1227 2443 1346 2489 pater
1367 2434 1456 2475 eius
1479 2449 1552 2490 pa-

159 2496 171 2516 ‘
186 2506 277 2533 cem
299 2491 350 2532 ab
373 2490 423 2532 T.
447 2490 651 2540 Quinctio
672 2491 827 2532 victore
850 2490 1089 2547 accepisset.
1153 2490 1307 2547 Neque
1330 2492 1441 2532 finiri
1463 2491 1553 2533 bel-

206 2648 223 2678 3
249 2640 344 2670 Mille
373 2639 512 2678 amplius
540 2640 712 2678 summam]
756 2640 830 2670 Am-
876 2643 1007 2669 auctor(-
1024 2639 1165 2678 Sigoni0,
1178 2639 1318 2670 Crevier.
1336 2643 1365 2669 et
1386 2639 1552 2669 Drakenb-

158 2681 244 2723 plius
273 2692 369 2722 quam
400 2692 558 2711 suminam
594 2682 683 2712 mille
716 2683 831 2722 partim
879 2684 1023 2722 probant.

157 2725 340 2762 loricarum,
358 2724 471 2764 partim
491 2724 668 2755 thoracum.
696 2725 810 2756 Ι)ιιΛκ.
919 2724 938 2755 6
960 2727 1009 2756 De
1024 2737 1146 2756 summa
1164 2726 1253 2763 belli]
1275 2725 1396 2755 Vocem
1412 2726 1485 2755 belli
1498 2726 1551 2755 zul-

201 2780 220 2807 4
244 2769 404 2799 Fucinum
419 2769 496 2806 mm}
531 2768 580 2798 lta
597 2768 734 2798 correxit
752 2769 831 2798 Gro-
877 2768 957 2798 didit
978 2768 1272 2805 Dmkcnborchius,
1290 2769 1444 2808 probante
1471 2768 1551 2798 1301<-

158 2811 272 2842 novius
296 2811 456 2851 vulgatam
483 2810 652 2840 lectionem
677 2816 752 2841 antc-
775 2822 831 2841 nra
879 2811 964 2842 kero.

157 2864 230 2890 aun,
252 2864 334 2893 qune
365 2854 478 2883 merito
504 2853 666 2883 (fre-vierio
695 2854 831 2893 aliisque
921 2863 935 2892 7
962 2856 1000 2884 ln
1025 2855 1250 2891 rnredilimwm]
1295 2854 1345 2884 lm
1369 2852 1549 2883 cuwnduxit

161 2896 318 2936 displicet.
876 2897 1060 2927 (ii-numius
1084 2908 1139 2937 pro
1161 2898 1352 2930 condiln'nm',
1374 2907 1415 2925 sc.
1440 2901 1470 2924 ut
1497 2896 1548 2923 ho-

205 2947 221 2977 5
246 2940 299 2969 Ad
313 2940 512 2979 stlopsclum]
532 2940 695 2979 lllnpsium
714 2950 830 2970 nomen
878 2945 985 2970 nostae
1003 2940 1090 2980 pacis
1105 2940 1246 2971 conditio
1264 2939 1495 2978 impetraretur.

162 2980 258 3019 urbia,
273 2982 357 3021 quod
381 2982 467 3022 apud
492 2982 692 3021 Stephanum
715 2987 831 3018 exstat,
