<?xml version="1.0" encoding="UTF-8"?>
<!DOCTYPE html PUBLIC "-//W3C//DTD XHTML 1.0 Transitional//EN"
    "http://www.w3.org/TR/xhtml1/DTD/xhtml1-transitional.dtd">
<html xmlns="http://www.w3.org/1999/xhtml" xml:lang="en" lang="en">
 <head>
  <title>
</title>
<meta http-equiv="Content-Type" content="text/html;charset=utf-8" />
  <meta name='ocr-system' content='tesseract 3.04.00' />
  <meta name='ocr-capabilities' content='ocr_page ocr_carea ocr_par ocr_line ocrx_word'/>
</head>
<body>
  <div class='ocr_page' id='page_1' title='image "./historiarumli04livyuoft/historiarumli04livyuoft_0120.png"; bbox 0 0 1888 3194; ppageno 0'>
   <div class='ocr_carea' id='block_1_1' title="bbox 432 163 1300 206">
    <p class='ocr_par' dir='ltr' id='par_1_1' title="bbox 432 163 1300 206">
     <span class='ocr_line' id='line_1_1' title="bbox 432 163 1300 206; baseline 0.001 -1"><span class='ocrx_word' id='word_1_1' title='bbox 432 167 510 205; x_wconf 84' lang='lat'>112</span> <span class='ocrx_word' id='word_1_2' title='bbox 935 164 1084 206; x_wconf 91' lang='grc' dir='ltr'>ΤΙΤΙ</span> <span class='ocrx_word' id='word_1_3' title='bbox 1123 163 1300 206; x_wconf 90' lang='lat' dir='ltr'>LIVII</span> 
     </span>
    </p>
   </div>
   <div class='ocr_carea' id='block_1_2' title="bbox 218 251 1812 377">
    <p class='ocr_par' dir='ltr' id='par_1_2' title="bbox 218 251 1812 377">
     <span class='ocr_line' id='line_1_2' title="bbox 221 251 1811 310; baseline -0.002 -15"><span class='ocrx_word' id='word_1_4' title='bbox 221 264 265 296; x_wconf 89' lang='lat' dir='ltr'>U.</span> <span class='ocrx_word' id='word_1_5' title='bbox 282 264 320 295; x_wconf 83' lang='lat' dir='ltr'>C.</span> <span class='ocrx_word' id='word_1_6' title='bbox 343 253 640 304; x_wconf 77' lang='lat' dir='ltr'>583.‘sexdecim</span> <span class='ocrx_word' id='word_1_7' title='bbox 661 253 791 295; x_wconf 85' lang='lat' dir='ltr'>millia</span> <span class='ocrx_word' id='word_1_8' title='bbox 811 254 1014 310; x_wconf 81' lang='lat' dir='ltr'>peditum,</span> <span class='ocrx_word' id='word_1_9' title='bbox 1034 263 1076 295; x_wconf 87' lang='lat' dir='ltr'>et</span> <span class='ocrx_word' id='word_1_10' title='bbox 1097 254 1209 295; x_wconf 88' lang='lat' dir='ltr'>mille</span> <span class='ocrx_word' id='word_1_11' title='bbox 1232 253 1394 309; x_wconf 82' lang='lat' dir='ltr'>equites</span> <span class='ocrx_word' id='word_1_12' title='bbox 1415 252 1619 308; x_wconf 86' lang='lat' dir='ltr'>imperati.</span> <span class='ocrx_word' id='word_1_13' title='bbox 1682 251 1811 293; x_wconf 88' lang='lat' dir='ltr'>Hunc</span> 
     </span>
     <span class='ocr_line' id='line_1_3' title="bbox 218 307 1812 377; baseline -0.002 -24"><span class='ocrx_word' id='word_1_14' title='bbox 218 308 258 339; x_wconf 84' lang='lat' dir='ltr'>A.</span> <span class='ocrx_word' id='word_1_15' title='bbox 283 308 320 339; x_wconf 89' lang='lat' dir='ltr'>C.</span> <span class='ocrx_word' id='word_1_16' title='bbox 346 307 415 349; x_wconf 90' lang='lat'>169.</span> <span class='ocrx_word' id='word_1_17' title='bbox 427 313 658 353; x_wconf 81' lang='lat' dir='ltr'>exercitum</span> <span class='ocrx_word' id='word_1_18' title='bbox 686 312 821 368; x_wconf 87' lang='lat' dir='ltr'>parari</span> <span class='ocrx_word' id='word_1_19' title='bbox 848 321 1014 377; x_wconf 77' lang='lat' dir='ltr'>tantum</span> <span class='ocrx_word' id='word_1_20' title='bbox 1039 312 1208 368; x_wconf 84' lang='lat' dir='ltr'>placuit,</span> <span class='ocrx_word' id='word_1_21' title='bbox 1231 320 1278 352; x_wconf 90' lang='lat' dir='ltr'>ut</span> <span class='ocrx_word' id='word_1_22' title='bbox 1305 311 1451 359; x_wconf 80' lang='lat' dir='ltr'>exiret,</span> <span class='ocrx_word' id='word_1_23' title='bbox 1473 310 1507 350; x_wconf 88' lang='lat' dir='ltr'>si</span> <span class='ocrx_word' id='word_1_24' title='bbox 1534 325 1619 365; x_wconf 89' lang='lat' dir='ltr'>quo</span> <span class='ocrx_word' id='word_1_25' title='bbox 1646 324 1711 350; x_wconf 89' lang='lat' dir='ltr'>res</span> <span class='ocrx_word' id='word_1_26' title='bbox 1737 324 1812 365; x_wconf 93' lang='lat' dir='ltr'>po-</span> 
     </span>
    </p>
   </div>
   <div class='ocr_carea' id='block_1_3' title="bbox 284 1004 348 1043">
    <p class='ocr_par' dir='ltr' id='par_1_3' title="bbox 284 1004 348 1043">
     <span class='ocr_line' id='line_1_4' title="bbox 284 1004 348 1043; baseline 0.016 -1"><span class='ocrx_word' id='word_1_27' title='bbox 284 1004 348 1043; x_wconf 87' lang='grc'>13.</span> 
     </span>
    </p>
   </div>
   <div class='ocr_carea' id='block_1_4' title="bbox 218 1358 377 1399">
    <p class='ocr_par' dir='ltr' id='par_1_4' title="bbox 218 1358 377 1399">
     <span class='ocr_line' id='line_1_5' title="bbox 218 1358 377 1399; baseline 0.013 -11"><span class='ocrx_word' id='word_1_28' title='bbox 218 1358 377 1399; x_wconf 85' lang='lat' dir='ltr'>Prodigia.</span> 
     </span>
    </p>
   </div>
   <div class='ocr_carea' id='block_1_5' title="bbox 286 2564 350 2602">
    <p class='ocr_par' dir='ltr' id='par_1_5' title="bbox 286 2564 350 2602">
     <span class='ocr_line' id='line_1_6' title="bbox 286 2564 350 2602; baseline 0 0"><span class='ocrx_word' id='word_1_29' title='bbox 286 2564 350 2602; x_wconf 86' lang='lat'>14.</span> 
     </span>
    </p>
   </div>
   <div class='ocr_carea' id='block_1_6' title="bbox 220 2620 383 2651">
    <p class='ocr_par' dir='ltr' id='par_1_6' title="bbox 220 2620 383 2651">
     <span class='ocr_line' id='line_1_7' title="bbox 220 2620 383 2651; baseline -0.012 0"><span class='ocrx_word' id='word_1_30' title='bbox 220 2620 383 2651; x_wconf 82' lang='lat' dir='ltr'>Censores.</span> 
     </span>
    </p>
   </div>
   <div class='ocr_carea' id='block_1_7' title="bbox 424 366 1876 2499">
    <p class='ocr_par' dir='ltr' id='par_1_7' title="bbox 425 366 1842 1002">
     <span class='ocr_line' id='line_1_8' title="bbox 425 366 1812 424; baseline -0.003 -13"><span class='ocrx_word' id='word_1_31' title='bbox 425 378 570 411; x_wconf 89' lang='lat' dir='ltr'>sceret.</span> <span class='ocrx_word' id='word_1_32' title='bbox 633 369 887 411; x_wconf 88' lang='lat' dir='ltr'>Macedonia</span> <span class='ocrx_word' id='word_1_33' title='bbox 907 385 1087 411; x_wconf 77' lang='lat' dir='ltr'>maxime</span> <span class='ocrx_word' id='word_1_34' title='bbox 1108 384 1249 410; x_wconf 89' lang='lat' dir='ltr'>curam</span> <span class='ocrx_word' id='word_1_35' title='bbox 1270 368 1505 424; x_wconf 84' lang='lat' dir='ltr'>praebebat.</span> <span class='ocrx_word' id='word_1_36' title='bbox 1568 366 1619 408; x_wconf 89' lang='lat' dir='ltr'>In</span> <span class='ocrx_word' id='word_1_37' title='bbox 1639 366 1812 408; x_wconf 86' lang='lat' dir='ltr'><strong>classem</strong></span> 
     </span>
     <span class='ocr_line' id='line_1_9' title="bbox 426 423 1842 473; baseline -0.004 -4"><span class='ocrx_word' id='word_1_38' title='bbox 426 427 539 468; x_wconf 89' lang='lat' dir='ltr'>mille</span> <span class='ocrx_word' id='word_1_39' title='bbox 568 428 668 469; x_wconf 89' lang='lat' dir='ltr'>socii</span> <span class='ocrx_word' id='word_1_40' title='bbox 695 427 860 468; x_wconf 88' lang='lat' dir='ltr'>navales</span> <span class='ocrx_word' id='word_1_41' title='bbox 881 427 991 468; x_wconf 89' lang='lat' dir='ltr'>cives</span> <span class='ocrx_word' id='word_1_42' title='bbox 1021 427 1202 468; x_wconf 85' lang='lat' dir='ltr'>Romani</span> <span class='ocrx_word' id='word_1_43' title='bbox 1222 425 1405 467; x_wconf 86' lang='lat' dir='ltr'>libertini</span> <span class='ocrx_word' id='word_1_44' title='bbox 1426 424 1596 473; x_wconf 86' lang='lat' dir='ltr'><strong>ordinis,</strong></span> <span class='ocrx_word' id='word_1_45' title='bbox 1618 439 1672 466; x_wconf 87' lang='lat' dir='ltr'>ex</span> <span class='ocrx_word' id='word_1_46' title='bbox 1693 423 1814 465; x_wconf 83' lang='lat' dir='ltr'>Italia</span> <span class='ocrx_word' id='word_1_47' title='bbox 1829 439 1842 460; x_wconf 87' lang='lat'>1</span> 
     </span>
     <span class='ocr_line' id='line_1_10' title="bbox 427 482 1809 542; baseline -0.002 -16"><span class='ocrx_word' id='word_1_48' title='bbox 427 485 649 542; x_wconf 80' lang='lat' dir='ltr'>quingenti</span> <span class='ocrx_word' id='word_1_49' title='bbox 677 485 798 526; x_wconf 82' lang='lat' dir='ltr'>scribi</span> <span class='ocrx_word' id='word_1_50' title='bbox 820 485 945 534; x_wconf 87' lang='lat' dir='ltr'>iussi;</span> <span class='ocrx_word' id='word_1_51' title='bbox 979 485 1154 525; x_wconf 89' lang='lat' dir='ltr'>totidem</span> <span class='ocrx_word' id='word_1_52' title='bbox 1183 493 1230 524; x_wconf 90' lang='lat' dir='ltr'>ut</span> <span class='ocrx_word' id='word_1_53' title='bbox 1258 499 1310 524; x_wconf 78' lang='lat' dir='ltr'>ex</span> <span class='ocrx_word' id='word_1_54' title='bbox 1342 482 1481 524; x_wconf 85' lang='lat' dir='ltr'>Sicilia</span> <span class='ocrx_word' id='word_1_55' title='bbox 1508 482 1809 523; x_wconf 86' lang='lat' dir='ltr'>scriberentur:</span> 
     </span>
     <span class='ocr_line' id='line_1_11' title="bbox 427 538 1814 599; baseline -0.003 -15"><span class='ocrx_word' id='word_1_56' title='bbox 427 552 482 593; x_wconf 90' lang='lat' dir='ltr'>et,</span> <span class='ocrx_word' id='word_1_57' title='bbox 505 543 573 584; x_wconf 89' lang='lat' dir='ltr'>cui</span> <span class='ocrx_word' id='word_1_58' title='bbox 601 559 649 584; x_wconf 88' lang='lat' dir='ltr'>ea</span> <span class='ocrx_word' id='word_1_59' title='bbox 675 542 889 599; x_wconf 88' lang='lat' dir='ltr'>provincia</span> <span class='ocrx_word' id='word_1_60' title='bbox 916 542 1133 591; x_wconf 85' lang='lat' dir='ltr'>evenisset,</span> <span class='ocrx_word' id='word_1_61' title='bbox 1156 541 1412 590; x_wconf 89' lang='lat' dir='ltr'>mandatum,</span> <span class='ocrx_word' id='word_1_62' title='bbox 1434 550 1482 581; x_wconf 90' lang='lat' dir='ltr'>ut</span> <span class='ocrx_word' id='word_1_63' title='bbox 1502 555 1572 581; x_wconf 89' lang='lat' dir='ltr'>eos</span> <span class='ocrx_word' id='word_1_64' title='bbox 1597 540 1641 580; x_wconf 91' lang='lat' dir='ltr'>in</span> <span class='ocrx_word' id='word_1_65' title='bbox 1669 538 1814 580; x_wconf 90' lang='lat' dir='ltr'>Mace-</span> 
     </span>
     <span class='ocr_line' id='line_1_12' title="bbox 427 595 1813 655; baseline -0.004 -13"><span class='ocrx_word' id='word_1_66' title='bbox 427 600 610 650; x_wconf 89' lang='lat' dir='ltr'>doniam,</span> <span class='ocrx_word' id='word_1_67' title='bbox 637 600 878 655; x_wconf 89' lang='lat' dir='ltr'>ubicunque</span> <span class='ocrx_word' id='word_1_68' title='bbox 908 599 1045 641; x_wconf 89' lang='lat' dir='ltr'>classis</span> <span class='ocrx_word' id='word_1_69' title='bbox 1071 608 1190 648; x_wconf 87' lang='lat' dir='ltr'>esset,</span> <span class='ocrx_word' id='word_1_70' title='bbox 1216 597 1497 654; x_wconf 90' lang='lat' dir='ltr'>deportandos</span> <span class='ocrx_word' id='word_1_71' title='bbox 1525 606 1699 638; x_wconf 87' lang='lat' dir='ltr'>curaret.</span> <span class='ocrx_word' id='word_1_72' title='bbox 1761 595 1813 637; x_wconf 93' lang='lat' dir='ltr'>In</span> 
     </span>
     <span class='ocr_line' id='line_1_13' title="bbox 428 655 1813 714; baseline -0.003 -15"><span class='ocrx_word' id='word_1_73' title='bbox 428 657 677 714; x_wconf 83' lang='lat' dir='ltr'>Hispaniam</span> <span class='ocrx_word' id='word_1_74' title='bbox 699 658 778 698; x_wconf 88' lang='lat' dir='ltr'>tria</span> <span class='ocrx_word' id='word_1_75' title='bbox 798 657 928 697; x_wconf 89' lang='lat' dir='ltr'>millia</span> <span class='ocrx_word' id='word_1_76' title='bbox 947 657 1138 713; x_wconf 87' lang='lat' dir='ltr'>peditum</span> <span class='ocrx_word' id='word_1_77' title='bbox 1168 656 1457 697; x_wconf 87' lang='lat' dir='ltr'>Romanorum</span> <span class='ocrx_word' id='word_1_78' title='bbox 1477 655 1520 696; x_wconf 92' lang='lat' dir='ltr'>in</span> <span class='ocrx_word' id='word_1_79' title='bbox 1543 655 1813 711; x_wconf 86' lang='lat' dir='ltr'>supplemen-</span> 
     </span>
     <span class='ocr_line' id='line_1_14' title="bbox 427 711 1814 770; baseline -0.004 -13"><span class='ocrx_word' id='word_1_80' title='bbox 427 725 530 765; x_wconf 90' lang='lat' dir='ltr'>tum,</span> <span class='ocrx_word' id='word_1_81' title='bbox 563 715 738 757; x_wconf 78' lang='lat' dir='ltr'>trecenti</span> <span class='ocrx_word' id='word_1_82' title='bbox 771 714 933 770; x_wconf 87' lang='lat' dir='ltr'>equites</span> <span class='ocrx_word' id='word_1_83' title='bbox 952 714 1133 755; x_wconf 60' lang='lat' dir='ltr'>‚deci-eti.</span> <span class='ocrx_word' id='word_1_84' title='bbox 1197 713 1360 754; x_wconf 88' lang='lat' dir='ltr'>Finitus</span> <span class='ocrx_word' id='word_1_85' title='bbox 1390 713 1449 753; x_wconf 90' lang='lat' dir='ltr'>ibi</span> <span class='ocrx_word' id='word_1_86' title='bbox 1479 728 1648 768; x_wconf 88' lang='lat' dir='ltr'>quoque</span> <span class='ocrx_word' id='word_1_87' title='bbox 1679 713 1724 752; x_wconf 90' lang='lat' dir='ltr'>in</span> <span class='ocrx_word' id='word_1_88' title='bbox 1754 711 1814 752; x_wconf 84' lang='lat' dir='ltr'>le-</span> 
     </span>
     <span class='ocr_line' id='line_1_15' title="bbox 425 769 1814 829; baseline -0.003 -15"><span class='ocrx_word' id='word_1_89' title='bbox 425 773 570 829; x_wconf 88' lang='lat' dir='ltr'>giones</span> <span class='ocrx_word' id='word_1_90' title='bbox 598 773 777 813; x_wconf 84' lang='lat' dir='ltr'>militum</span> <span class='ocrx_word' id='word_1_91' title='bbox 806 786 1017 820; x_wconf 84' lang='lat' dir='ltr'>numerus,</span> <span class='ocrx_word' id='word_1_92' title='bbox 1046 771 1238 827; x_wconf 90' lang='lat' dir='ltr'>peditum</span> <span class='ocrx_word' id='word_1_93' title='bbox 1266 770 1395 825; x_wconf 89' lang='lat' dir='ltr'>quina</span> <span class='ocrx_word' id='word_1_94' title='bbox 1424 770 1553 810; x_wconf 89' lang='lat' dir='ltr'>millia</span> <span class='ocrx_word' id='word_1_95' title='bbox 1579 769 1746 819; x_wconf 87' lang='lat' dir='ltr'>duceni,</span> <span class='ocrx_word' id='word_1_96' title='bbox 1771 778 1814 810; x_wconf 87' lang='lat' dir='ltr'>et</span> 
     </span>
     <span class='ocr_line' id='line_1_16' title="bbox 426 826 1814 885; baseline -0.003 -14"><span class='ocrx_word' id='word_1_97' title='bbox 426 831 584 872; x_wconf 88' lang='lat' dir='ltr'>treceni</span> <span class='ocrx_word' id='word_1_98' title='bbox 610 830 783 885; x_wconf 87' lang='lat' dir='ltr'>equites.</span> <span class='ocrx_word' id='word_1_99' title='bbox 848 828 905 869; x_wconf 88' lang='lat' dir='ltr'>Et</span> <span class='ocrx_word' id='word_1_100' title='bbox 932 829 1052 869; x_wconf 88' lang='lat' dir='ltr'>sociis</span> <span class='ocrx_word' id='word_1_101' title='bbox 1077 829 1281 884; x_wconf 90' lang='lat' dir='ltr'>imperare</span> <span class='ocrx_word' id='word_1_102' title='bbox 1306 835 1484 883; x_wconf 89' lang='lat' dir='ltr'>praetor,</span> <span class='ocrx_word' id='word_1_103' title='bbox 1510 827 1579 868; x_wconf 91' lang='lat' dir='ltr'>cui</span> <span class='ocrx_word' id='word_1_104' title='bbox 1608 826 1814 882; x_wconf 86' lang='lat' dir='ltr'>Hispania</span> 
     </span>
     <span class='ocr_line' id='line_1_17' title="bbox 425 884 1813 942; baseline -0.003 -13"><span class='ocrx_word' id='word_1_105' title='bbox 425 888 671 936; x_wconf 88' lang='lat' dir='ltr'>obvenisset,</span> <span class='ocrx_word' id='word_1_106' title='bbox 708 887 842 927; x_wconf 90' lang='lat' dir='ltr'>iussus</span> <span class='ocrx_word' id='word_1_107' title='bbox 882 894 1081 942; x_wconf 87' lang='lat' dir='ltr'>quattuor</span> <span class='ocrx_word' id='word_1_108' title='bbox 1121 885 1250 926; x_wconf 89' lang='lat' dir='ltr'>millia</span> <span class='ocrx_word' id='word_1_109' title='bbox 1289 884 1493 941; x_wconf 90' lang='lat' dir='ltr'>peditum,</span> <span class='ocrx_word' id='word_1_110' title='bbox 1527 893 1570 925; x_wconf 92' lang='lat' dir='ltr'>et</span> <span class='ocrx_word' id='word_1_111' title='bbox 1605 892 1813 926; x_wconf 86' lang='lat' dir='ltr'>trecentos</span> 
     </span>
     <span class='ocr_line' id='line_1_18' title="bbox 425 945 600 1002; baseline 0.006 -17"><span class='ocrx_word' id='word_1_112' title='bbox 425 945 600 1002; x_wconf 89' lang='lat' dir='ltr'>equites.</span> 
     </span>
    </p>

    <p class='ocr_par' dir='ltr' id='par_1_8' title="bbox 424 998 1876 2499">
     <span class='ocr_line' id='line_1_19' title="bbox 484 998 1813 1056; baseline -0.003 -12"><span class='ocrx_word' id='word_1_113' title='bbox 484 1002 586 1044; x_wconf 89' lang='lat' dir='ltr'>Non</span> <span class='ocrx_word' id='word_1_114' title='bbox 614 1017 704 1043; x_wconf 90' lang='lat' dir='ltr'>sum</span> <span class='ocrx_word' id='word_1_115' title='bbox 733 1001 910 1051; x_wconf 89' lang='lat' dir='ltr'>nescius,</span> <span class='ocrx_word' id='word_1_116' title='bbox 932 1001 983 1042; x_wconf 93' lang='lat' dir='ltr'>ab</span> <span class='ocrx_word' id='word_1_117' title='bbox 1008 1001 1156 1042; x_wconf 91' lang='lat' dir='ltr'>eadem</span> <span class='ocrx_word' id='word_1_118' title='bbox 1183 999 1452 1056; x_wconf 81' lang='lat' dir='ltr'>negligentia,</span> <span class='ocrx_word' id='word_1_119' title='bbox 1475 1014 1560 1056; x_wconf 91' lang='lat' dir='ltr'>qua</span> <span class='ocrx_word' id='word_1_120' title='bbox 1585 999 1693 1040; x_wconf 90' lang='lat' dir='ltr'>nihil</span> <span class='ocrx_word' id='word_1_121' title='bbox 1712 998 1813 1040; x_wconf 90' lang='lat' dir='ltr'>deos</span> 
     </span>
     <span class='ocr_line' id='line_1_20' title="bbox 424 1057 1843 1117; baseline -0.004 -15"><span class='ocrx_word' id='word_1_122' title='bbox 424 1060 675 1117; x_wconf 88' lang='lat' dir='ltr'>portendere</span> <span class='ocrx_word' id='word_1_123' title='bbox 704 1059 828 1115; x_wconf 89' lang='lat' dir='ltr'>vulgo</span> <span class='ocrx_word' id='word_1_124' title='bbox 853 1074 967 1100; x_wconf 91' lang='lat' dir='ltr'>nunc</span> <span class='ocrx_word' id='word_1_125' title='bbox 994 1058 1179 1108; x_wconf 84' lang='lat' dir='ltr'>credant,</span> <span class='ocrx_word' id='word_1_126' title='bbox 1208 1073 1347 1114; x_wconf 87' lang='lat' dir='ltr'>neque</span> <span class='ocrx_word' id='word_1_127' title='bbox 1372 1057 1557 1098; x_wconf 88' lang='lat' dir='ltr'>nuntiari</span> <span class='ocrx_word' id='word_1_128' title='bbox 1584 1057 1843 1098; x_wconf 80' lang='lat' dir='ltr'>admodum2</span> 
     </span>
     <span class='ocr_line' id='line_1_21' title="bbox 424 1113 1813 1174; baseline -0.003 -15"><span class='ocrx_word' id='word_1_129' title='bbox 424 1117 541 1159; x_wconf 90' lang='lat' dir='ltr'>nulla</span> <span class='ocrx_word' id='word_1_130' title='bbox 560 1117 750 1174; x_wconf 88' lang='lat' dir='ltr'>prodigia</span> <span class='ocrx_word' id='word_1_131' title='bbox 771 1117 814 1158; x_wconf 92' lang='lat' dir='ltr'>in</span> <span class='ocrx_word' id='word_1_132' title='bbox 839 1116 1068 1173; x_wconf 90' lang='lat' dir='ltr'>publicum,</span> <span class='ocrx_word' id='word_1_133' title='bbox 1090 1131 1228 1172; x_wconf 91' lang='lat' dir='ltr'>neque</span> <span class='ocrx_word' id='word_1_134' title='bbox 1250 1115 1295 1156; x_wconf 90' lang='lat' dir='ltr'>in</span> <span class='ocrx_word' id='word_1_135' title='bbox 1319 1115 1488 1156; x_wconf 88' lang='lat' dir='ltr'>annales</span> <span class='ocrx_word' id='word_1_136' title='bbox 1508 1114 1663 1156; x_wconf 88' lang='lat' dir='ltr'>referri.</span> <span class='ocrx_word' id='word_1_137' title='bbox 1728 1113 1813 1155; x_wconf 89' lang='lat' dir='ltr'>Ce-</span> 
     </span>
     <span class='ocr_line' id='line_1_22' title="bbox 426 1173 1812 1228; baseline -0.004 -11"><span class='ocrx_word' id='word_1_138' title='bbox 426 1185 561 1217; x_wconf 89' lang='lat' dir='ltr'>terum</span> <span class='ocrx_word' id='word_1_139' title='bbox 583 1186 626 1217; x_wconf 89' lang='lat' dir='ltr'>et</span> <span class='ocrx_word' id='word_1_140' title='bbox 645 1175 762 1225; x_wconf 90' lang='lat' dir='ltr'>mihi,</span> <span class='ocrx_word' id='word_1_141' title='bbox 783 1183 966 1216; x_wconf 90' lang='lat' dir='ltr'>vetustas</span> <span class='ocrx_word' id='word_1_142' title='bbox 986 1189 1051 1215; x_wconf 89' lang='lat' dir='ltr'>res</span> <span class='ocrx_word' id='word_1_143' title='bbox 1079 1173 1288 1222; x_wconf 83' lang='lat' dir='ltr'>scribenti,</span> <span class='ocrx_word' id='word_1_144' title='bbox 1310 1173 1451 1214; x_wconf 89' lang='lat' dir='ltr'>nescio</span> <span class='ocrx_word' id='word_1_145' title='bbox 1472 1188 1556 1228; x_wconf 93' lang='lat' dir='ltr'>quo</span> <span class='ocrx_word' id='word_1_146' title='bbox 1581 1180 1717 1228; x_wconf 87' lang='lat' dir='ltr'>pacto,</span> <span class='ocrx_word' id='word_1_147' title='bbox 1737 1186 1812 1212; x_wconf 88' lang='lat' dir='ltr'>an-</span> 
     </span>
     <span class='ocr_line' id='line_1_23' title="bbox 425 1229 1812 1290; baseline -0.004 -15"><span class='ocrx_word' id='word_1_148' title='bbox 425 1234 567 1290; x_wconf 88' lang='lat' dir='ltr'>tiquus</span> <span class='ocrx_word' id='word_1_149' title='bbox 588 1234 636 1275; x_wconf 85' lang='lat' dir='ltr'>fit</span> <span class='ocrx_word' id='word_1_150' title='bbox 663 1233 825 1274; x_wconf 89' lang='lat' dir='ltr'>animus</span> <span class='ocrx_word' id='word_1_151' title='bbox 839 1248 849 1281; x_wconf 91' lang='lat'>;</span> <span class='ocrx_word' id='word_1_152' title='bbox 882 1241 924 1273; x_wconf 92' lang='lat' dir='ltr'>et</span> <span class='ocrx_word' id='word_1_153' title='bbox 945 1231 1151 1288; x_wconf 89' lang='lat' dir='ltr'>quaedam</span> <span class='ocrx_word' id='word_1_154' title='bbox 1175 1231 1320 1287; x_wconf 87' lang='lat' dir='ltr'>religio</span> <span class='ocrx_word' id='word_1_155' title='bbox 1349 1239 1477 1280; x_wconf 84' lang='lat' dir='ltr'>tenet,</span> <span class='ocrx_word' id='word_1_156' title='bbox 1501 1245 1607 1286; x_wconf 85' lang='lat' dir='ltr'>quae</span> <span class='ocrx_word' id='word_1_157' title='bbox 1628 1229 1690 1270; x_wconf 90' lang='lat' dir='ltr'>illi</span> <span class='ocrx_word' id='word_1_158' title='bbox 1713 1244 1812 1286; x_wconf 92' lang='lat' dir='ltr'>pru-</span> 
     </span>
     <span class='ocr_line' id='line_1_24' title="bbox 425 1287 1812 1346; baseline -0.003 -14"><span class='ocrx_word' id='word_1_159' title='bbox 425 1291 657 1333; x_wconf 85' lang='lat' dir='ltr'>dentissimi</span> <span class='ocrx_word' id='word_1_160' title='bbox 689 1290 765 1331; x_wconf 90' lang='lat' dir='ltr'>viri</span> <span class='ocrx_word' id='word_1_161' title='bbox 794 1289 960 1346; x_wconf 88' lang='lat' dir='ltr'>publice</span> <span class='ocrx_word' id='word_1_162' title='bbox 992 1289 1256 1346; x_wconf 88' lang='lat' dir='ltr'>suscipienda</span> <span class='ocrx_word' id='word_1_163' title='bbox 1282 1288 1534 1338; x_wconf 85' lang='lat' dir='ltr'>censuerint,</span> <span class='ocrx_word' id='word_1_164' title='bbox 1563 1303 1613 1329; x_wconf 92' lang='lat' dir='ltr'>ea</span> <span class='ocrx_word' id='word_1_165' title='bbox 1640 1302 1717 1344; x_wconf 93' lang='lat' dir='ltr'>pro</span> <span class='ocrx_word' id='word_1_166' title='bbox 1747 1287 1812 1328; x_wconf 89' lang='lat' dir='ltr'>in-</span> 
     </span>
     <span class='ocr_line' id='line_1_25' title="bbox 425 1344 1812 1405; baseline -0.004 -15"><span class='ocrx_word' id='word_1_167' title='bbox 425 1349 563 1405; x_wconf 80' lang='lat' dir='ltr'>dignis</span> <span class='ocrx_word' id='word_1_168' title='bbox 597 1349 764 1398; x_wconf 88' lang='lat' dir='ltr'>habere,</span> <span class='ocrx_word' id='word_1_169' title='bbox 798 1363 904 1404; x_wconf 88' lang='lat' dir='ltr'>quae</span> <span class='ocrx_word' id='word_1_170' title='bbox 937 1347 981 1388; x_wconf 91' lang='lat' dir='ltr'>in</span> <span class='ocrx_word' id='word_1_171' title='bbox 1014 1362 1128 1388; x_wconf 88' lang='lat' dir='ltr'>meos</span> <span class='ocrx_word' id='word_1_172' title='bbox 1163 1346 1332 1388; x_wconf 87' lang='lat' dir='ltr'>annales</span> <span class='ocrx_word' id='word_1_173' title='bbox 1364 1346 1552 1387; x_wconf 89' lang='lat' dir='ltr'>referam.</span> <span class='ocrx_word' id='word_1_174' title='bbox 1614 1344 1812 1401; x_wconf 87' lang='lat' dir='ltr'>Anagnia</span> 
     </span>
     <span class='ocr_line' id='line_1_26' title="bbox 425 1403 1812 1463; baseline -0.004 -15"><span class='ocrx_word' id='word_1_175' title='bbox 425 1407 510 1448; x_wconf 89' lang='lat' dir='ltr'>duo</span> <span class='ocrx_word' id='word_1_176' title='bbox 536 1406 728 1463; x_wconf 89' lang='lat' dir='ltr'>prodigia</span> <span class='ocrx_word' id='word_1_177' title='bbox 748 1421 798 1447; x_wconf 92' lang='lat' dir='ltr'>eo</span> <span class='ocrx_word' id='word_1_178' title='bbox 827 1420 937 1446; x_wconf 87' lang='lat' dir='ltr'>anno</span> <span class='ocrx_word' id='word_1_179' title='bbox 963 1414 1060 1446; x_wconf 89' lang='lat' dir='ltr'>sunt</span> <span class='ocrx_word' id='word_1_180' title='bbox 1086 1404 1300 1453; x_wconf 82' lang='lat' dir='ltr'>nuntiata3</span> <span class='ocrx_word' id='word_1_181' title='bbox 1333 1403 1467 1444; x_wconf 90' lang='lat' dir='ltr'>facem</span> <span class='ocrx_word' id='word_1_182' title='bbox 1494 1404 1538 1443; x_wconf 89' lang='lat' dir='ltr'>in</span> <span class='ocrx_word' id='word_1_183' title='bbox 1566 1403 1684 1444; x_wconf 89' lang='lat' dir='ltr'>coelo</span> <span class='ocrx_word' id='word_1_184' title='bbox 1711 1417 1812 1444; x_wconf 89' lang='lat' dir='ltr'>con-</span> 
     </span>
     <span class='ocr_line' id='line_1_27' title="bbox 424 1459 1876 1521; baseline -0.004 -15"><span class='ocrx_word' id='word_1_185' title='bbox 424 1475 620 1521; x_wconf 85' lang='lat' dir='ltr'>spectam,</span> <span class='ocrx_word' id='word_1_186' title='bbox 639 1474 678 1505; x_wconf 89' lang='lat' dir='ltr'>et</span> <span class='ocrx_word' id='word_1_187' title='bbox 698 1465 846 1504; x_wconf 90' lang='lat' dir='ltr'>bovem</span> <span class='ocrx_word' id='word_1_188' title='bbox 861 1463 1059 1503; x_wconf 86' lang='lat' dir='ltr'>feminam</span> <span class='ocrx_word' id='word_1_189' title='bbox 1081 1462 1263 1503; x_wconf 89' lang='lat' dir='ltr'>locutam</span> <span class='ocrx_word' id='word_1_190' title='bbox 1278 1461 1444 1518; x_wconf 88' lang='lat' dir='ltr'>publice</span> <span class='ocrx_word' id='word_1_191' title='bbox 1461 1460 1526 1502; x_wconf 90' lang='lat' dir='ltr'>ali.</span> <span class='ocrx_word' id='word_1_192' title='bbox 1580 1459 1812 1501; x_wconf 86' lang='lat' dir='ltr'>Minturnis</span> <span class='ocrx_word' id='word_1_193' title='bbox 1871 1490 1876 1494; x_wconf 61' lang='grc'><strong>«</strong></span> 
     </span>
     <span class='ocr_line' id='line_1_28' title="bbox 424 1517 1810 1579; baseline -0.004 -15"><span class='ocrx_word' id='word_1_194' title='bbox 424 1537 593 1579; x_wconf 92' lang='lat' dir='ltr'>quoque</span> <span class='ocrx_word' id='word_1_195' title='bbox 610 1537 685 1578; x_wconf 92' lang='lat' dir='ltr'>per</span> <span class='ocrx_word' id='word_1_196' title='bbox 705 1536 775 1562; x_wconf 90' lang='lat' dir='ltr'>eos</span> <span class='ocrx_word' id='word_1_197' title='bbox 791 1521 880 1562; x_wconf 89' lang='lat' dir='ltr'>dies</span> <span class='ocrx_word' id='word_1_198' title='bbox 896 1520 1003 1561; x_wconf 89' lang='lat' dir='ltr'>coeli</span> <span class='ocrx_word' id='word_1_199' title='bbox 1020 1520 1203 1561; x_wconf 84' lang='lat' dir='ltr'>ardentis</span> <span class='ocrx_word' id='word_1_200' title='bbox 1219 1519 1376 1575; x_wconf 90' lang='lat' dir='ltr'>species</span> <span class='ocrx_word' id='word_1_201' title='bbox 1392 1518 1612 1559; x_wconf 87' lang='lat' dir='ltr'>affulserat.</span> <span class='ocrx_word' id='word_1_202' title='bbox 1675 1517 1810 1558; x_wconf 87' lang='lat' dir='ltr'>Reate</span> 
     </span>
     <span class='ocr_line' id='line_1_29' title="bbox 425 1575 1811 1636; baseline -0.004 -16"><span class='ocrx_word' id='word_1_203' title='bbox 425 1580 547 1621; x_wconf 92' lang='lat' dir='ltr'>imbri</span> <span class='ocrx_word' id='word_1_204' title='bbox 579 1579 790 1636; x_wconf 85' lang='lat' dir='ltr'>lapidavit.</span> <span class='ocrx_word' id='word_1_205' title='bbox 856 1577 1003 1619; x_wconf 90' lang='lat' dir='ltr'>Cumis</span> <span class='ocrx_word' id='word_1_206' title='bbox 1035 1578 1076 1618; x_wconf 90' lang='lat' dir='ltr'>in</span> <span class='ocrx_word' id='word_1_207' title='bbox 1115 1593 1207 1618; x_wconf 85' lang='lat' dir='ltr'>arce</span> <span class='ocrx_word' id='word_1_208' title='bbox 1240 1576 1397 1632; x_wconf 90' lang='lat' dir='ltr'>Apollo</span> <span class='ocrx_word' id='word_1_209' title='bbox 1429 1575 1618 1617; x_wconf 91' lang='lat' dir='ltr'>triduum</span> <span class='ocrx_word' id='word_1_210' title='bbox 1649 1590 1697 1616; x_wconf 89' lang='lat' dir='ltr'>ac</span> <span class='ocrx_word' id='word_1_211' title='bbox 1730 1583 1811 1616; x_wconf 90' lang='lat' dir='ltr'>tres</span> 
     </span>
     <span class='ocr_line' id='line_1_30' title="bbox 424 1632 1809 1682; baseline -0.004 -3"><span class='ocrx_word' id='word_1_212' title='bbox 424 1647 568 1679; x_wconf 90' lang='lat' dir='ltr'>noctes</span> <span class='ocrx_word' id='word_1_213' title='bbox 584 1637 823 1678; x_wconf 82' lang='lat' dir='ltr'>lacrimavit.</span> <span class='ocrx_word' id='word_1_214' title='bbox 883 1635 933 1676; x_wconf 92' lang='lat' dir='ltr'>In</span> <span class='ocrx_word' id='word_1_215' title='bbox 951 1636 1051 1676; x_wconf 88' lang='lat' dir='ltr'>urbe</span> <span class='ocrx_word' id='word_1_216' title='bbox 1070 1635 1262 1675; x_wconf 87' lang='lat' dir='ltr'>Romana</span> <span class='ocrx_word' id='word_1_217' title='bbox 1276 1634 1360 1674; x_wconf 92' lang='lat' dir='ltr'>duo</span> <span class='ocrx_word' id='word_1_218' title='bbox 1374 1633 1532 1674; x_wconf 90' lang='lat' dir='ltr'>aeditui</span> <span class='ocrx_word' id='word_1_219' title='bbox 1548 1632 1809 1682; x_wconf 88' lang='lat' dir='ltr'>nuntiarunt,</span> 
     </span>
     <span class='ocr_line' id='line_1_31' title="bbox 424 1690 1811 1748; baseline -0.004 -12"><span class='ocrx_word' id='word_1_220' title='bbox 424 1695 540 1745; x_wconf 89' lang='lat' dir='ltr'>alter,</span> <span class='ocrx_word' id='word_1_221' title='bbox 574 1695 617 1735; x_wconf 92' lang='lat' dir='ltr'>in</span> <span class='ocrx_word' id='word_1_222' title='bbox 651 1694 752 1735; x_wconf 91' lang='lat' dir='ltr'>aede</span> <span class='ocrx_word' id='word_1_223' title='bbox 786 1694 995 1735; x_wconf 85' lang='lat' dir='ltr'>Fortunae</span> <span class='ocrx_word' id='word_1_224' title='bbox 1032 1707 1212 1748; x_wconf 85' lang='lat' dir='ltr'>anguem</span> <span class='ocrx_word' id='word_1_225' title='bbox 1247 1692 1436 1732; x_wconf 91' lang='lat' dir='ltr'>iubatum</span> <span class='ocrx_word' id='word_1_226' title='bbox 1472 1706 1496 1731; x_wconf 88' lang='lat' dir='ltr'>a</span> <span class='ocrx_word' id='word_1_227' title='bbox 1527 1690 1811 1747; x_wconf 89' lang='lat' dir='ltr'>compluribus</span> 
     </span>
     <span class='ocr_line' id='line_1_32' title="bbox 424 1748 1809 1806; baseline -0.004 -12"><span class='ocrx_word' id='word_1_228' title='bbox 424 1754 558 1794; x_wconf 89' lang='lat' dir='ltr'>visum</span> <span class='ocrx_word' id='word_1_229' title='bbox 583 1767 694 1794; x_wconf 89' lang='lat' dir='ltr'>esse:</span> <span class='ocrx_word' id='word_1_230' title='bbox 727 1751 843 1801; x_wconf 90' lang='lat' dir='ltr'>alter,</span> <span class='ocrx_word' id='word_1_231' title='bbox 870 1751 914 1791; x_wconf 89' lang='lat' dir='ltr'>in</span> <span class='ocrx_word' id='word_1_232' title='bbox 942 1750 1046 1792; x_wconf 87' lang='lat' dir='ltr'>aede</span> <span class='ocrx_word' id='word_1_233' title='bbox 1075 1749 1357 1806; x_wconf 88' lang='lat' dir='ltr'>Primigeniae</span> <span class='ocrx_word' id='word_1_234' title='bbox 1382 1748 1605 1798; x_wconf 88' lang='lat' dir='ltr'>Fortunae,</span> <span class='ocrx_word' id='word_1_235' title='bbox 1628 1763 1735 1804; x_wconf 90' lang='lat' dir='ltr'>quae</span> <span class='ocrx_word' id='word_1_236' title='bbox 1762 1748 1809 1788; x_wconf 92' lang='lat' dir='ltr'>in</span> 
     </span>
     <span class='ocr_line' id='line_1_33' title="bbox 425 1806 1812 1865; baseline -0.004 -13"><span class='ocrx_word' id='word_1_237' title='bbox 425 1810 529 1852; x_wconf 90' lang='lat' dir='ltr'>colle</span> <span class='ocrx_word' id='word_1_238' title='bbox 552 1819 626 1860; x_wconf 90' lang='lat' dir='ltr'>est,</span> <span class='ocrx_word' id='word_1_239' title='bbox 649 1810 733 1851; x_wconf 92' lang='lat' dir='ltr'>duo</span> <span class='ocrx_word' id='word_1_240' title='bbox 755 1809 916 1850; x_wconf 88' lang='lat' dir='ltr'>diversa</span> <span class='ocrx_word' id='word_1_241' title='bbox 935 1808 1148 1865; x_wconf 81' lang='lat' dir='ltr'>prodigia3</span> <span class='ocrx_word' id='word_1_242' title='bbox 1182 1807 1363 1863; x_wconf 89' lang='lat' dir='ltr'>palmam</span> <span class='ocrx_word' id='word_1_243' title='bbox 1386 1806 1432 1847; x_wconf 90' lang='lat' dir='ltr'>in</span> <span class='ocrx_word' id='word_1_244' title='bbox 1452 1821 1547 1847; x_wconf 86' lang='lat' dir='ltr'>area</span> <span class='ocrx_word' id='word_1_245' title='bbox 1567 1815 1746 1855; x_wconf 87' lang='lat' dir='ltr'>enatam,</span> <span class='ocrx_word' id='word_1_246' title='bbox 1767 1814 1812 1847; x_wconf 91' lang='lat' dir='ltr'>et</span> 
     </span>
     <span class='ocr_line' id='line_1_34' title="bbox 425 1863 1811 1925; baseline -0.005 -15"><span class='ocrx_word' id='word_1_247' title='bbox 425 1869 627 1925; x_wconf 88' lang='lat' dir='ltr'>sanguine</span> <span class='ocrx_word' id='word_1_248' title='bbox 667 1867 852 1908; x_wconf 91' lang='lat' dir='ltr'>interdiu</span> <span class='ocrx_word' id='word_1_249' title='bbox 893 1866 1057 1922; x_wconf 90' lang='lat' dir='ltr'>pluisse.</span> <span class='ocrx_word' id='word_1_250' title='bbox 1127 1865 1227 1906; x_wconf 93' lang='lat' dir='ltr'>Duo</span> <span class='ocrx_word' id='word_1_251' title='bbox 1267 1880 1353 1905; x_wconf 90' lang='lat' dir='ltr'>non</span> <span class='ocrx_word' id='word_1_252' title='bbox 1392 1873 1583 1920; x_wconf 88' lang='lat' dir='ltr'>suscepta</span> <span class='ocrx_word' id='word_1_253' title='bbox 1620 1863 1811 1920; x_wconf 88' lang='lat' dir='ltr'>prodigia</span> 
     </span>
     <span class='ocr_line' id='line_1_35' title="bbox 426 1920 1810 1979; baseline -0.005 -12"><span class='ocrx_word' id='word_1_254' title='bbox 426 1936 535 1976; x_wconf 86' lang='lat' dir='ltr'>sunt,</span> <span class='ocrx_word' id='word_1_255' title='bbox 567 1925 755 1974; x_wconf 90' lang='lat' dir='ltr'>alterum,</span> <span class='ocrx_word' id='word_1_256' title='bbox 785 1923 899 1979; x_wconf 90' lang='lat' dir='ltr'>quod</span> <span class='ocrx_word' id='word_1_257' title='bbox 926 1924 970 1964; x_wconf 91' lang='lat' dir='ltr'>in</span> <span class='ocrx_word' id='word_1_258' title='bbox 997 1923 1157 1979; x_wconf 86' lang='lat' dir='ltr'>privato</span> <span class='ocrx_word' id='word_1_259' title='bbox 1187 1922 1278 1963; x_wconf 93' lang='lat' dir='ltr'>loco</span> <span class='ocrx_word' id='word_1_260' title='bbox 1301 1921 1458 1962; x_wconf 85' lang='lat' dir='ltr'>factum</span> <span class='ocrx_word' id='word_1_261' title='bbox 1482 1930 1602 1970; x_wconf 84' lang='lat' dir='ltr'>esset,</span> <span class='ocrx_word' id='word_1_262' title='bbox 1627 1920 1810 1976; x_wconf 89' lang='lat' dir='ltr'>palmam</span> 
     </span>
     <span class='ocr_line' id='line_1_36' title="bbox 426 1977 1806 2037; baseline -0.005 -13"><span class='ocrx_word' id='word_1_263' title='bbox 426 1992 592 2024; x_wconf 89' lang='lat' dir='ltr'>enatam</span> <span class='ocrx_word' id='word_1_264' title='bbox 627 1983 672 2022; x_wconf 90' lang='lat' dir='ltr'>in</span> <span class='ocrx_word' id='word_1_265' title='bbox 711 1981 912 2037; x_wconf 88' lang='lat' dir='ltr'>impluvio</span> <span class='ocrx_word' id='word_1_266' title='bbox 947 1995 1021 2020; x_wconf 88' lang='lat' dir='ltr'>suo</span> <span class='ocrx_word' id='word_1_267' title='bbox 1058 1980 1108 2020; x_wconf 91' lang='lat' dir='ltr'>T.</span> <span class='ocrx_word' id='word_1_268' title='bbox 1134 1978 1321 2019; x_wconf 86' lang='lat' dir='ltr'>Marcius</span> <span class='ocrx_word' id='word_1_269' title='bbox 1359 1977 1530 2033; x_wconf 84' lang='lat' dir='ltr'>Figulus</span> <span class='ocrx_word' id='word_1_270' title='bbox 1565 1977 1806 2018; x_wconf 86' lang='lat' dir='ltr'>nuntiabat:</span> 
     </span>
     <span class='ocr_line' id='line_1_37' title="bbox 424 2034 1810 2094; baseline -0.004 -13"><span class='ocrx_word' id='word_1_271' title='bbox 424 2041 614 2089; x_wconf 86' lang='lat' dir='ltr'>alterum,</span> <span class='ocrx_word' id='word_1_272' title='bbox 632 2038 746 2094; x_wconf 88' lang='lat' dir='ltr'>quod</span> <span class='ocrx_word' id='word_1_273' title='bbox 767 2039 811 2078; x_wconf 89' lang='lat' dir='ltr'>in</span> <span class='ocrx_word' id='word_1_274' title='bbox 831 2037 922 2078; x_wconf 89' lang='lat' dir='ltr'>loco</span> <span class='ocrx_word' id='word_1_275' title='bbox 942 2037 1177 2093; x_wconf 86' lang='lat' dir='ltr'>peregrino,</span> <span class='ocrx_word' id='word_1_276' title='bbox 1195 2034 1393 2091; x_wconf 85' lang='lat' dir='ltr'>Fregellis</span> <span class='ocrx_word' id='word_1_277' title='bbox 1414 2036 1459 2075; x_wconf 86' lang='lat' dir='ltr'>in</span> <span class='ocrx_word' id='word_1_278' title='bbox 1475 2034 1600 2076; x_wconf 90' lang='lat' dir='ltr'>domo</span> <span class='ocrx_word' id='word_1_279' title='bbox 1622 2035 1671 2076; x_wconf 93' lang='lat' dir='ltr'>L.</span> <span class='ocrx_word' id='word_1_280' title='bbox 1687 2034 1810 2076; x_wconf 92' lang='lat' dir='ltr'>Atrei</span> 
     </span>
     <span class='ocr_line' id='line_1_38' title="bbox 425 2092 1810 2152; baseline -0.004 -13"><span class='ocrx_word' id='word_1_281' title='bbox 425 2098 555 2146; x_wconf 88' lang='lat' dir='ltr'>hasta,</span> <span class='ocrx_word' id='word_1_282' title='bbox 587 2111 712 2152; x_wconf 90' lang='lat' dir='ltr'>quam</span> <span class='ocrx_word' id='word_1_283' title='bbox 743 2095 830 2136; x_wconf 89' lang='lat' dir='ltr'>filio</span> <span class='ocrx_word' id='word_1_284' title='bbox 860 2093 984 2135; x_wconf 89' lang='lat' dir='ltr'>militi</span> <span class='ocrx_word' id='word_1_285' title='bbox 1014 2103 1183 2142; x_wconf 87' lang='lat' dir='ltr'>emerat,</span> <span class='ocrx_word' id='word_1_286' title='bbox 1215 2092 1400 2134; x_wconf 87' lang='lat' dir='ltr'>interdiu</span> <span class='ocrx_word' id='word_1_287' title='bbox 1432 2092 1524 2148; x_wconf 90' lang='lat' dir='ltr'>plus</span> <span class='ocrx_word' id='word_1_288' title='bbox 1555 2092 1658 2134; x_wconf 89' lang='lat' dir='ltr'>duas</span> <span class='ocrx_word' id='word_1_289' title='bbox 1689 2093 1810 2134; x_wconf 87' lang='lat' dir='ltr'>horas</span> 
     </span>
     <span class='ocr_line' id='line_1_39' title="bbox 424 2150 1810 2206; baseline -0.004 -10"><span class='ocrx_word' id='word_1_290' title='bbox 424 2155 582 2204; x_wconf 86' lang='lat' dir='ltr'>arsisse,</span> <span class='ocrx_word' id='word_1_291' title='bbox 605 2155 662 2195; x_wconf 90' lang='lat' dir='ltr'>ita</span> <span class='ocrx_word' id='word_1_292' title='bbox 689 2161 736 2194; x_wconf 92' lang='lat' dir='ltr'>ut</span> <span class='ocrx_word' id='word_1_293' title='bbox 760 2152 866 2192; x_wconf 89' lang='lat' dir='ltr'>nihil</span> <span class='ocrx_word' id='word_1_294' title='bbox 887 2151 974 2192; x_wconf 92' lang='lat' dir='ltr'>eius</span> <span class='ocrx_word' id='word_1_295' title='bbox 999 2151 1235 2192; x_wconf 86' lang='lat' dir='ltr'>ambureret</span> <span class='ocrx_word' id='word_1_296' title='bbox 1263 2150 1382 2206; x_wconf 79' lang='lat' dir='ltr'>igniS,</span> <span class='ocrx_word' id='word_1_297' title='bbox 1406 2150 1633 2192; x_wconf 88' lang='lat' dir='ltr'>dicebatur.</span> <span class='ocrx_word' id='word_1_298' title='bbox 1695 2150 1810 2191; x_wconf 89' lang='lat' dir='ltr'>Pub-</span> 
     </span>
     <span class='ocr_line' id='line_1_40' title="bbox 424 2206 1810 2267; baseline -0.004 -14"><span class='ocrx_word' id='word_1_299' title='bbox 424 2212 600 2254; x_wconf 89' lang='lat' dir='ltr'>licorum</span> <span class='ocrx_word' id='word_1_300' title='bbox 620 2210 905 2267; x_wconf 88' lang='lat' dir='ltr'>prodigiorum</span> <span class='ocrx_word' id='word_1_301' title='bbox 930 2224 1053 2250; x_wconf 87' lang='lat' dir='ltr'>causa</span> <span class='ocrx_word' id='word_1_302' title='bbox 1071 2208 1166 2249; x_wconf 87' lang='lat' dir='ltr'>libri</span> <span class='ocrx_word' id='word_1_303' title='bbox 1191 2223 1214 2249; x_wconf 90' lang='lat' dir='ltr'>a</span> <span class='ocrx_word' id='word_1_304' title='bbox 1238 2207 1484 2249; x_wconf 86' lang='lat' dir='ltr'>decemviris</span> <span class='ocrx_word' id='word_1_305' title='bbox 1513 2207 1628 2249; x_wconf 88' lang='lat' dir='ltr'>aditi.</span> <span class='ocrx_word' id='word_1_306' title='bbox 1693 2206 1810 2256; x_wconf 80' lang='lat' dir='ltr'>Qua-</span> 
     </span>
     <span class='ocr_line' id='line_1_41' title="bbox 425 2265 1808 2325; baseline -0.004 -14"><span class='ocrx_word' id='word_1_307' title='bbox 425 2269 619 2325; x_wconf 88' lang='lat' dir='ltr'>draginta</span> <span class='ocrx_word' id='word_1_308' title='bbox 639 2267 860 2309; x_wconf 89' lang='lat' dir='ltr'>maioribus</span> <span class='ocrx_word' id='word_1_309' title='bbox 881 2266 1025 2307; x_wconf 85' lang='lat' dir='ltr'>hostiis</span> <span class='ocrx_word' id='word_1_310' title='bbox 1042 2266 1192 2321; x_wconf 89' lang='lat' dir='ltr'>quibus</span> <span class='ocrx_word' id='word_1_311' title='bbox 1213 2265 1291 2306; x_wconf 92' lang='lat' dir='ltr'>diis</span> <span class='ocrx_word' id='word_1_312' title='bbox 1313 2265 1502 2306; x_wconf 88' lang='lat' dir='ltr'>consules</span> <span class='ocrx_word' id='word_1_313' title='bbox 1519 2265 1808 2315; x_wconf 88' lang='lat' dir='ltr'>sacrificarent,</span> 
     </span>
     <span class='ocr_line' id='line_1_42' title="bbox 426 2323 1810 2380; baseline -0.004 -12"><span class='ocrx_word' id='word_1_314' title='bbox 426 2327 663 2375; x_wconf 88' lang='lat' dir='ltr'>ediderunt,</span> <span class='ocrx_word' id='word_1_315' title='bbox 695 2334 737 2366; x_wconf 88' lang='lat' dir='ltr'>et</span> <span class='ocrx_word' id='word_1_316' title='bbox 767 2333 813 2365; x_wconf 90' lang='lat' dir='ltr'>ut</span> <span class='ocrx_word' id='word_1_317' title='bbox 845 2323 1091 2380; x_wconf 87' lang='lat' dir='ltr'>supplicatio</span> <span class='ocrx_word' id='word_1_318' title='bbox 1124 2324 1255 2372; x_wconf 82' lang='lat' dir='ltr'>fieret,</span> <span class='ocrx_word' id='word_1_319' title='bbox 1287 2323 1511 2379; x_wconf 88' lang='lat' dir='ltr'>cunctique</span> <span class='ocrx_word' id='word_1_320' title='bbox 1547 2323 1810 2379; x_wconf 85' lang='lat' dir='ltr'>magistratus</span> 
     </span>
     <span class='ocr_line' id='line_1_43' title="bbox 427 2380 1810 2438; baseline -0.004 -12"><span class='ocrx_word' id='word_1_321' title='bbox 427 2385 536 2426; x_wconf 88' lang='lat' dir='ltr'>circa</span> <span class='ocrx_word' id='word_1_322' title='bbox 556 2384 696 2425; x_wconf 88' lang='lat' dir='ltr'>omnia</span> <span class='ocrx_word' id='word_1_323' title='bbox 717 2382 950 2438; x_wconf 81' lang='lat' dir='ltr'>pulvinaria</span> <span class='ocrx_word' id='word_1_324' title='bbox 969 2381 1147 2422; x_wconf 79' lang='lat' dir='ltr'>vic-timis</span> <span class='ocrx_word' id='word_1_325' title='bbox 1174 2381 1398 2422; x_wconf 89' lang='lat' dir='ltr'>maioribus</span> <span class='ocrx_word' id='word_1_326' title='bbox 1423 2380 1714 2430; x_wconf 88' lang='lat' dir='ltr'>sacrificarent,</span> <span class='ocrx_word' id='word_1_327' title='bbox 1735 2395 1810 2437; x_wconf 90' lang='lat' dir='ltr'>po-</span> 
     </span>
     <span class='ocr_line' id='line_1_44' title="bbox 426 2438 1841 2499; baseline -0.001 -16"><span class='ocrx_word' id='word_1_328' title='bbox 426 2442 634 2499; x_wconf 90' lang='lat' dir='ltr'>pulusque</span> <span class='ocrx_word' id='word_1_329' title='bbox 648 2449 868 2482; x_wconf 85' lang='lat' dir='ltr'>coronatus</span> <span class='ocrx_word' id='word_1_330' title='bbox 881 2447 997 2480; x_wconf 83' lang='lat' dir='ltr'>esset.</span> <span class='ocrx_word' id='word_1_331' title='bbox 1054 2438 1221 2488; x_wconf 89' lang='lat' dir='ltr'>Omnia,</span> <span class='ocrx_word' id='word_1_332' title='bbox 1237 2439 1298 2479; x_wconf 90' lang='lat' dir='ltr'>uti</span> <span class='ocrx_word' id='word_1_333' title='bbox 1316 2438 1542 2479; x_wconf 89' lang='lat' dir='ltr'>decemviri</span> <span class='ocrx_word' id='word_1_334' title='bbox 1555 2438 1808 2494; x_wconf 88' lang='lat' dir='ltr'>praeierunt,</span> <span class='ocrx_word' id='word_1_335' title='bbox 1824 2451 1841 2481; x_wconf 85' lang='lat'>3</span> 
     </span>
    </p>
   </div>
   <div class='ocr_carea' id='block_1_8' title="bbox 426 2500 1810 2598">
    <p class='ocr_par' dir='ltr' id='par_1_9' title="bbox 426 2500 1810 2598">
     <span class='ocr_line' id='line_1_45' title="bbox 426 2500 545 2541; baseline -0.008 0"><span class='ocrx_word' id='word_1_336' title='bbox 426 2500 545 2541; x_wconf 86' lang='lat' dir='ltr'>facta.</span> 
     </span>
     <span class='ocr_line' id='line_1_46' title="bbox 488 2552 1810 2598; baseline -0.004 0"><span class='ocrx_word' id='word_1_337' title='bbox 488 2556 741 2598; x_wconf 86' lang='lat' dir='ltr'>Censoribus</span> <span class='ocrx_word' id='word_1_338' title='bbox 768 2554 920 2595; x_wconf 84' lang='lat' dir='ltr'>deinde</span> <span class='ocrx_word' id='word_1_339' title='bbox 950 2553 1138 2594; x_wconf 85' lang='lat' dir='ltr'>creandis</span> <span class='ocrx_word' id='word_1_340' title='bbox 1163 2554 1330 2594; x_wconf 80' lang='lat' dir='ltr'>comitia</span> <span class='ocrx_word' id='word_1_341' title='bbox 1360 2553 1496 2594; x_wconf 87' lang='lat' dir='ltr'>edicta</span> <span class='ocrx_word' id='word_1_342' title='bbox 1525 2563 1633 2594; x_wconf 93' lang='lat' dir='ltr'>sunt.</span> <span class='ocrx_word' id='word_1_343' title='bbox 1695 2552 1810 2594; x_wconf 82' lang='lat' dir='ltr'>Peti-</span> 
     </span>
    </p>
   </div>
   <div class='ocr_carea' id='block_1_9' title="bbox 428 2707 1810 2963">
    <p class='ocr_par' dir='ltr' id='par_1_10' title="bbox 428 2707 1810 2918">
     <span class='ocr_line' id='line_1_47' title="bbox 475 2707 1810 2750; baseline -0.001 -9"><span class='ocrx_word' id='word_1_344' title='bbox 475 2720 486 2740; x_wconf 94' lang='lat'>1</span> <span class='ocrx_word' id='word_1_345' title='bbox 507 2712 560 2741; x_wconf 73' lang='lat' dir='ltr'>Ex</span> <span class='ocrx_word' id='word_1_346' title='bbox 574 2711 675 2741; x_wconf 79' lang='lat' dir='ltr'>Italia</span> <span class='ocrx_word' id='word_1_347' title='bbox 690 2710 874 2750; x_wconf 72' lang='lat' dir='ltr'>qzcz&#39;nyenti]</span> <span class='ocrx_word' id='word_1_348' title='bbox 903 2709 1025 2738; x_wconf 86' lang='lat' dir='ltr'>Notam</span> <span class='ocrx_word' id='word_1_349' title='bbox 1041 2718 1097 2737; x_wconf 88' lang='lat' dir='ltr'>nu·</span> <span class='ocrx_word' id='word_1_350' title='bbox 1144 2708 1319 2747; x_wconf 85' lang='lat' dir='ltr'>Duplicem</span> <span class='ocrx_word' id='word_1_351' title='bbox 1342 2707 1544 2747; x_wconf 82' lang='lat' dir='ltr'>negationem</span> <span class='ocrx_word' id='word_1_352' title='bbox 1566 2719 1653 2740; x_wconf 84' lang='lat' dir='ltr'>more</span> <span class='ocrx_word' id='word_1_353' title='bbox 1672 2709 1810 2740; x_wconf 82' lang='lat' dir='ltr'>Graeco-</span> 
     </span>
     <span class='ocr_line' id='line_1_48' title="bbox 428 2750 1810 2791; baseline -0.001 -7"><span class='ocrx_word' id='word_1_354' title='bbox 428 2753 506 2784; x_wconf 87' lang='lat' dir='ltr'>meri</span> <span class='ocrx_word' id='word_1_355' title='bbox 525 2753 696 2790; x_wconf 81' lang='lat' dir='ltr'>sociomm,</span> <span class='ocrx_word' id='word_1_356' title='bbox 713 2762 794 2791; x_wconf 81' lang='lat' dir='ltr'>quae</span> <span class='ocrx_word' id='word_1_357' title='bbox 809 2751 841 2781; x_wconf 91' lang='lat' dir='ltr'>in</span> <span class='ocrx_word' id='word_1_358' title='bbox 858 2751 1018 2790; x_wconf 84' lang='lat' dir='ltr'>plerisque</span> <span class='ocrx_word' id='word_1_359' title='bbox 1033 2750 1097 2780; x_wconf 86' lang='lat' dir='ltr'>edi·</span> <span class='ocrx_word' id='word_1_360' title='bbox 1143 2760 1212 2780; x_wconf 86' lang='lat' dir='ltr'>rum</span> <span class='ocrx_word' id='word_1_361' title='bbox 1239 2750 1291 2780; x_wconf 87' lang='lat' dir='ltr'>hic</span> <span class='ocrx_word' id='word_1_362' title='bbox 1313 2750 1458 2789; x_wconf 86' lang='lat' dir='ltr'>usurpari</span> <span class='ocrx_word' id='word_1_363' title='bbox 1480 2750 1707 2782; x_wconf 79' lang='lat' dir='ltr'>animadvertit</span> <span class='ocrx_word' id='word_1_364' title='bbox 1729 2752 1810 2782; x_wconf 85' lang='lat' dir='ltr'>Ras-</span> 
     </span>
     <span class='ocr_line' id='line_1_49' title="bbox 428 2792 1809 2834; baseline -0.001 -7"><span class='ocrx_word' id='word_1_365' title='bbox 428 2796 567 2827; x_wconf 86' lang='lat' dir='ltr'>tionibus</span> <span class='ocrx_word' id='word_1_366' title='bbox 588 2796 690 2833; x_wconf 84' lang='lat' dir='ltr'>abest,</span> <span class='ocrx_word' id='word_1_367' title='bbox 711 2794 862 2834; x_wconf 84' lang='lat' dir='ltr'>apposuit</span> <span class='ocrx_word' id='word_1_368' title='bbox 886 2793 1096 2833; x_wconf 77' lang='lat' dir='ltr'>Kreyssigius.</span> <span class='ocrx_word' id='word_1_369' title='bbox 1143 2792 1223 2831; x_wconf 87' lang='lat' dir='ltr'>chig.</span> <span class='ocrx_word' id='word_1_370' title='bbox 1247 2796 1282 2822; x_wconf 89' lang='lat' dir='ltr'>ut</span> <span class='ocrx_word' id='word_1_371' title='bbox 1305 2802 1391 2831; x_wconf 79' lang='lat' dir='ltr'>supr.</span> <span class='ocrx_word' id='word_1_372' title='bbox 1416 2792 1447 2822; x_wconf 88' lang='lat' dir='ltr'>ii.</span> <span class='ocrx_word' id='word_1_373' title='bbox 1472 2801 1524 2832; x_wconf 80' lang='lat'>45.</span> <span class='ocrx_word' id='word_1_374' title='bbox 1554 2793 1597 2824; x_wconf 87' lang='lat' dir='ltr'>iii.</span> <span class='ocrx_word' id='word_1_375' title='bbox 1623 2792 1671 2824; x_wconf 89' lang='lat'>26.</span> <span class='ocrx_word' id='word_1_376' title='bbox 1698 2794 1809 2825; x_wconf 83' lang='lat' dir='ltr'>xxxiii.</span> 
     </span>
     <span class='ocr_line' id='line_1_50' title="bbox 430 2835 1192 2877; baseline -0.008 -7"><span class='ocrx_word' id='word_1_377' title='bbox 430 2839 554 2870; x_wconf 83' lang='lat' dir='ltr'>Locum</span> <span class='ocrx_word' id='word_1_378' title='bbox 580 2837 668 2877; x_wconf 86' lang='lat' dir='ltr'>signo</span> <span class='ocrx_word' id='word_1_379' title='bbox 694 2836 841 2876; x_wconf 80' lang='lat' dir='ltr'>apposito</span> <span class='ocrx_word' id='word_1_380' title='bbox 866 2836 989 2867; x_wconf 79' lang='lat' dir='ltr'>notavit</span> <span class='ocrx_word' id='word_1_381' title='bbox 1014 2835 1096 2865; x_wconf 78' lang='lat' dir='ltr'>Bek-</span> <span class='ocrx_word' id='word_1_382' title='bbox 1143 2847 1192 2873; x_wconf 82' lang='lat'>44.</span> 
     </span>
     <span class='ocr_line' id='line_1_51' title="bbox 430 2877 1774 2918; baseline -0.001 -6"><span class='ocrx_word' id='word_1_383' title='bbox 430 2882 533 2912; x_wconf 84' lang='lat' dir='ltr'>kerus.</span> <span class='ocrx_word' id='word_1_384' title='bbox 1187 2887 1203 2916; x_wconf 78' lang='lat'>3</span> <span class='ocrx_word' id='word_1_385' title='bbox 1228 2878 1440 2915; x_wconf 75' lang='lat' dir='ltr'>Praeierunt]</span> <span class='ocrx_word' id='word_1_386' title='bbox 1466 2886 1508 2908; x_wconf 85' lang='lat' dir='ltr'>sc.</span> <span class='ocrx_word' id='word_1_387' title='bbox 1527 2877 1774 2918; x_wconf 76' lang='lat' dir='ltr'>Praeceperant.</span> 
     </span>
    </p>

    <p class='ocr_par' dir='ltr' id='par_1_11' title="bbox 474 2921 1094 2963">
     <span class='ocr_line' id='line_1_52' title="bbox 474 2921 1094 2963; baseline -0.008 -9"><span class='ocrx_word' id='word_1_388' title='bbox 474 2933 490 2953; x_wconf 76' lang='lat'>‘2</span> <span class='ocrx_word' id='word_1_389' title='bbox 513 2925 625 2963; x_wconf 75' lang='lat' dir='ltr'>Neque</span> <span class='ocrx_word' id='word_1_390' title='bbox 640 2923 788 2952; x_wconf 69' lang='lat' dir='ltr'>nuntiari</span> <span class='ocrx_word' id='word_1_391' title='bbox 805 2922 968 2951; x_wconf 78' lang='lat' dir='ltr'>admodum</span> <span class='ocrx_word' id='word_1_392' title='bbox 987 2921 1094 2957; x_wconf 79' lang='lat' dir='ltr'>nulla]</span> 
     </span>
    </p>
   </div>
  </div>
 </body>
</html>
