1888 3194
123 284 167 315 U.
183 284 222 315 C.
244 283 317 323 584.

120 327 160 358 A.
184 327 222 358 Ο.
248 325 317 358 168.

120 623 173 654 Ad
188 620 300 653 Antio-

119 666 217 696 chum
234 668 266 695 et

120 708 302 738 Ptolemae-

118 760 174 780 um
184 750 317 780 mittun-

118 797 171 822 tur
186 792 294 832 legati.

184 1022 250 1060 20.

118 1257 312 1297 Legatorum

115 1310 155 1329 ex
165 1300 317 1330 Macedo-

118 1342 172 1372 nia
187 1343 280 1373 redu-

118 1394 192 1415 cum
206 1384 317 1416 oratio.

176 2503 245 2541 21.

328 185 407 223 142
843 180 993 223 TITI
1033 180 1213 222 LIVII

329 270 516 326 ‘legatos
544 271 764 321 misissent,
786 271 860 327 qui
893 271 1205 321 denuntiarent,
1234 285 1320 312 non
1347 270 1511 327 placere
1540 270 1717 320 senatui,

331 329 480 369 ‘sociis
509 329 676 384 regibus
706 328 863 370 bellum
893 329 996 378 fieri,
1018 329 1231 385 extemplo
1258 328 1522 369 abscessurus
1549 343 1574 369 a
1603 335 1719 369 moe-

331 386 482 427 ‘nibus
507 385 807 435 Alexandriae,
840 386 1180 442 abducturusque
1211 386 1444 426 exercitum
1474 386 1519 426 in
1553 384 1718 441 Syriam

329 448 477 484 ‘esset.
543 442 672 491 Quod
702 443 735 484 si
767 453 1018 484 cunctentur
1046 443 1194 492 facere,
1224 442 1340 483 brevi
1371 451 1558 484 extorres
1587 457 1718 497 regno

330 505 343 524 ‘
359 500 649 541 Ptolemaeum
666 508 709 541 et
727 499 995 556 Cleopatram
1014 500 1195 541 Romam
1211 508 1420 549 venturos,
1438 515 1536 541 cum
1556 499 1718 555 pudore

331 557 542 612 ‘quodam
577 556 724 613 populi
758 557 954 606 Romani,
991 557 1107 612 quod
1138 556 1296 597 nullam
1331 572 1455 611 opem
1490 557 1535 597 in
1570 556 1718 597 ultimo

332 614 597 655 ‘discrimine
629 615 891 655 fortunarum
924 614 1142 654 tulissent.’
1203 613 1314 654 Moti
1346 614 1492 654 Patres
1523 614 1719 670 precibus

330 671 729 719 Alexandrinorum,
759 671 972 725 extemplo
1004 670 1054 711 C.
1071 670 1299 725 Popillium
1327 670 1574 720 Laenatem,
1599 678 1642 711 et
1665 669 1716 711 C.

330 728 585 777 Decimium,
622 737 665 768 ct
703 727 753 768 C.
778 727 1007 768 Hostilium
1042 727 1215 782 legatos,
1251 726 1304 767 ad
1339 727 1575 767 finiendum
1610 727 1721 768 inter

329 800 447 841 reges
487 785 658 833 bellum,
694 784 909 825 miserunt.
971 784 1093 824 Prius
1130 783 1405 832 Antiochum,
1442 783 1542 824 dein
1576 783 1720 825 Ptole-

329 856 495 883 maeum
531 841 646 882 adire
682 841 794 890 iussi,
831 850 873 881 et
907 841 1115 890 nuntiare,
1150 841 1194 880 ni
1231 840 1452 881 absistatur
1485 838 1609 890 bello,
1644 855 1721 896 per

329 908 471 940 utrum
498 898 693 948 stetisset,
724 913 823 939 eum
856 913 942 939 non
974 913 1050 954 pro
1090 898 1238 948 amico,
1274 912 1353 939 nec
1385 912 1462 954 pro
1493 897 1606 939 socio
1645 898 1721 939 ha-

327 956 487 997 bituros
507 970 607 996 esse.

389 1012 469 1053 His
496 1013 607 1054 intra
635 1012 821 1053 triduum
849 1012 973 1053 simul
999 1027 1096 1053 cum
1124 1011 1270 1068 legatis
1293 1011 1594 1053 Alexandrinis
1623 1027 1721 1068 pro-

327 1070 459 1120 fectis,
492 1069 620 1125 legati
660 1085 713 1111 ex
754 1069 1009 1111 Macedonia
1048 1069 1385 1125 Quinquatribus
1420 1069 1578 1111 ultimis
1613 1069 1752 1118 adeo7

329 1127 560 1184 exspectati
595 1135 814 1176 venerunt,
852 1136 911 1176 ut,
945 1127 1027 1167 nisi
1062 1142 1208 1183 vesper
1247 1135 1367 1176 esset,
1404 1125 1618 1182 extemplo
1655 1141 1720 1168 Se-

328 1193 474 1226 natum
496 1184 681 1226 vocaturi
702 1184 892 1225 consules
912 1184 1079 1225 fuerint.
1142 1184 1316 1225 Postero
1341 1183 1409 1225 die
1435 1192 1602 1225 senatus
1625 1183 1718 1234 fuit,

329 1241 540 1297 legatique
581 1241 715 1283 auditi
754 1250 862 1282 sunt.
944 1241 982 1282 Ii
1021 1241 1231 1290 nuntiant,
1285 1240 1477 1282 ‘Maiore
1517 1240 1717 1296 periculo,

332 1304 344 1323 ‘
359 1314 486 1355 quam
507 1298 805 1348 emolumento,
828 1298 1059 1340 exercitum
1087 1313 1162 1354 per
1189 1298 1324 1339 invios
1351 1298 1479 1339 saltus
1506 1298 1551 1338 in
1572 1297 1720 1339 Mace-

331 1361 343 1381 ‘
359 1356 529 1398 doniam
578 1355 812 1397 inductum.
884 1356 1080 1405 Pieriam,
1131 1371 1216 1412 quo
1265 1355 1544 1412 processisset,
1575 1370 1719 1410 regem

330 1419 343 1438 ‘
359 1422 528 1455 tenere:
561 1421 694 1454 castra
726 1413 869 1454 castris
901 1428 1031 1469 prope
1065 1413 1124 1454 ita
1155 1412 1306 1454 collata
1335 1428 1437 1463 esse,
1467 1421 1513 1454 ut
1543 1412 1719 1453 flumine

329 1476 341 1495 ‘
358 1471 523 1527 Enipeo
544 1470 765 1512 interiecto
786 1479 1030 1512 arceantur:
1064 1485 1203 1526 neque
1231 1485 1374 1526 regem
1400 1469 1620 1526 pugnandi
1643 1484 1719 1526 po-

329 1534 549 1570 ‘testatem
597 1528 746 1578 facere,
790 1543 868 1569 nec
918 1527 1069 1568 nostris
1110 1528 1195 1568 vim
1237 1528 1292 1569 ad
1333 1527 1572 1583 cogendum
1613 1541 1715 1568 esse.

328 1591 341 1609 ‘
358 1585 557 1626 Hiemem
579 1585 705 1626 etiam
730 1600 783 1626 ex
808 1585 1019 1640 insperato
1043 1585 1167 1626 rebus
1193 1584 1389 1641 gerendis
1416 1583 1715 1626 intervenisse:

327 1643 399 1683 ‘in
432 1643 518 1683 otio
550 1641 725 1683 militem
759 1642 827 1691 ali,
858 1657 938 1683 nec
969 1641 1064 1698 plus
1095 1657 1223 1697 quam
1255 1657 1329 1683 sex
1360 1641 1383 1663 ²*
1405 1641 1427 1663 ³³⁶
1458 1641 1751 1682 frumentum8

328 1706 341 1724 ‘
355 1700 521 1741 habere.
585 1698 873 1740 Macedonum
895 1699 979 1740 dici
999 1699 1171 1755 triginta
1190 1699 1322 1740 millia
1342 1707 1594 1740 armatorum
1616 1713 1717 1740 esse.

327 1763 339 1781 ‘
358 1756 402 1798 Si
434 1757 516 1813 Ap.
539 1755 721 1797 Claudio
751 1756 861 1798 circa
888 1755 1160 1813 Lychnidum
1191 1756 1289 1797 satis
1316 1756 1479 1797 validus
1508 1756 1718 1797 exercitus

328 1814 475 1864 ‘foret,
512 1813 696 1870 potuisse
733 1813 907 1870 ancipiti
940 1813 1050 1855 bello
1084 1814 1284 1854 distinere
1317 1828 1486 1869 regem:
1531 1828 1647 1854 nunc
1674 1821 1750 1860 et9

327 1877 338 1895 ‘
356 1871 546 1928 Appium
567 1879 610 1912 et
631 1870 747 1926 quod
768 1886 865 1912 cum
890 1886 940 1912 eo
966 1871 1162 1926 praesidii
1186 1871 1251 1919 sit,
1274 1871 1318 1910 in
1342 1885 1506 1911 summo
1530 1869 1717 1926 periculo

326 1934 339 1953 ‘
354 1943 456 1978 esse,
477 1928 558 1968 nisi
582 1942 758 1983 propere
784 1936 857 1968 aut
883 1928 1015 1968 iustus
1036 1927 1245 1968 exercitus
1266 1942 1317 1968 eo
1338 1927 1540 1975 mittatur,
1563 1935 1637 1968 aut
1655 1926 1717 1967 illi

325 1985 451 2026 ‘inde
493 1984 765 2025 deducantur.
841 1984 914 2024 Ad
954 1983 1126 2025 classem
1167 1999 1209 2025 se
1251 1999 1274 2024 e
1315 1983 1458 2024 castris
1497 1983 1716 2039 profectos,

325 2042 560 2082 ‘sociorum
601 2040 812 2081 navalium
847 2049 1009 2096 partem
1045 2041 1190 2082 morbo
1225 2040 1388 2081 audisse
1425 2041 1714 2096 absumptam3

326 2104 338 2122 ‘
354 2107 527 2154 partem,
551 2097 732 2138 maxime
754 2098 827 2153 qui
850 2112 904 2138 ex
928 2096 1070 2138 Sicilia
1089 2097 1257 2148 fuerint,
1278 2097 1426 2139 domos
1449 2112 1543 2138 suas
1568 2098 1716 2148 abisse,

326 2161 396 2196 ‘et
429 2155 621 2196 homines
653 2155 828 2195 navibus
858 2153 1027 2196 deesse:
1062 2154 1136 2210 qui
1169 2154 1265 2204 sint,
1287 2169 1427 2210 neque
1458 2155 1716 2211 stipendium

324 2217 338 2236 ‘
352 2212 573 2268 accepisse,
595 2226 734 2267 neque
756 2211 1004 2252 vestimenta
1027 2211 1193 2253 habere.
1258 2211 1495 2253 Eumenem
1523 2211 1718 2254 classem-

324 2275 435 2325 ‘que
476 2268 578 2318 eius,
616 2276 816 2324 tanquam
856 2277 982 2310 vento
1022 2268 1165 2310 allatas
1204 2284 1344 2319 naves,
1381 2269 1470 2310 sine
1511 2284 1635 2311 causa
1673 2277 1718 2311 et

325 2326 527 2375 ‘venisse,
549 2334 592 2366 et
622 2325 781 2367 abisse:
814 2340 892 2367 nec
923 2325 1110 2367 animum
1141 2326 1231 2367 eius
1260 2326 1369 2382 regis
1399 2335 1588 2368 constare
1617 2326 1717 2368 satis

326 2383 514 2424 ‘visum’
582 2381 700 2423 Sicut
732 2382 873 2423 omnia
905 2382 958 2424 de
993 2383 1185 2425 Eumene
1218 2383 1360 2434 dubia,
1383 2383 1519 2425 Attali
1549 2383 1745 2440 egregie1

324 2447 586 2481 constantem
607 2439 736 2480 fidem
757 2440 1021 2481 nuntiabant.

383 2496 555 2553 Legatis
585 2495 750 2545 auditis,
774 2505 875 2537 tunc
901 2497 953 2538 de
987 2496 1097 2539 bello
1129 2497 1282 2539 referre
1315 2513 1403 2539 sese
1435 2497 1486 2539 L.
1506 2497 1716 2540 Aemilius

324 2553 444 2595 dixit.
508 2552 686 2594 Senatus
713 2553 911 2604 decrevit,
945 2560 956 2578 ‘
973 2563 1020 2595 ut
1049 2555 1094 2596 in
1124 2563 1218 2596 octo
1246 2554 1433 2611 legiones
1462 2570 1605 2611 parem
1636 2569 1746 2597 riu-2

369 2678 386 2709 7
410 2671 669 2710 Quinquatribus
696 2670 833 2708 ultimis]
866 2669 997 2701 Ultimo
1085 2680 1104 2712 9
1121 2671 1286 2702 Distinere
1301 2672 1423 2710 reyem]
1440 2671 1613 2708 Distffleri,
1628 2671 1715 2709 quod

324 2713 376 2744 die
393 2712 668 2751 Quinquatruum.
714 2712 767 2743 De
789 2712 998 2752 Quinquatri-
1045 2712 1186 2743 Gronov.
1202 2713 1338 2749 mavult,
1354 2713 1497 2752 reposuit
1514 2713 1656 2743 Bekker.

324 2756 396 2792 bus,
411 2755 451 2786 cf.
467 2765 553 2793 supr.
569 2754 655 2785 xxvi.
674 2762 722 2792 27.
1087 2765 1100 2785 1
1124 2756 1230 2785 Attali
1260 2756 1402 2794 eyreyie]
1439 2755 1638 2785 Particulam
1668 2755 1716 2785 ita

367 2798 386 2827 8
407 2799 476 2828 Nec
490 2798 564 2836 ptus
580 2807 676 2836 quam
698 2807 754 2827 εει
777 2796 794 2812 *
812 2797 829 2812 *
843 2797 995 2835 frumen·
1040 2801 1116 2828 ante
1147 2807 1258 2827 vocem
1284 2798 1390 2827 Attali
1419 2797 1575 2828 excidisse
1605 2801 1715 2827 censet

324 2841 408 2878 tum]
429 2839 492 2869 Pro
508 2838 664 2869 asteriscis
676 2848 787 2868 vocem
804 2839 929 2870 dierum
944 2850 997 2869 ex·
1043 2839 1236 2871 Gronovius.

324 2882 437 2912 hibent
467 2880 609 2912 Gronov.
634 2884 666 2911 et
692 2880 833 2912 Crevier.
860 2885 892 2911 et
914 2881 999 2921 prior
1087 2891 1104 2911 2
1128 2884 1172 2912 In
1194 2886 1259 2913 octo
1281 2882 1435 2921 legiones]
1462 2881 1526 2913 Sex
1548 2891 1622 2912 vero
1644 2884 1714 2912 tan-

324 2923 454 2963 quidem
471 2922 596 2954 uncinis
611 2933 675 2954 non
692 2923 859 2955 inclusam.
1044 2928 1114 2955 tum
1136 2928 1248 2964 postea
1269 2927 1507 2956 enumerantur.
1551 2923 1637 2955 Fieri
1658 2933 1714 2964 po-
