1888 3194
534 159 821 202 LIBROR.
868 160 1168 203 DEPERD.
1464 168 1545 208 247

149 265 283 307 quum
303 251 348 291 in
369 249 592 306 paludibus
614 249 976 290 Minturnensium
997 249 1158 300 lateret,
1180 260 1393 294 extractus
1413 262 1476 295 est
1496 255 1548 296 ab

149 308 397 364 oppidanis:
431 316 486 356 et,
519 321 652 363 quum
683 307 832 347 missus
862 306 917 348 ad
946 307 1228 349 occidendum
1261 324 1359 350 eum
1391 325 1547 360 servus,

146 365 318 407 natione
349 363 510 414 Gallus,
536 364 752 406 maiestate
780 364 888 405 tanti
914 364 992 405 viri
1023 365 1269 421 perterritus
1298 367 1546 417 recessisset,

146 422 367 478 impositus
402 421 570 477 publice
603 422 648 462 in
680 421 821 462 navim
855 421 1019 463 delatus
1054 432 1116 464 est
1151 423 1196 464 in
1230 423 1431 465 Africam.
1495 424 1544 465 L.

149 478 265 521 Sulla
292 479 470 520 civitatis
497 488 653 520 statum
681 479 916 520 ordinavit:
955 479 1110 522 exinde
1140 480 1324 522 colonias
1352 480 1543 522 deduxit.

149 535 204 585 Q.
223 536 454 592 Pompeius
475 536 634 586 consul,
657 536 711 578 ad
738 536 1033 592 accipiendum
1062 553 1087 578 a
1116 537 1197 580 Cn.
1217 538 1424 595 Pompeio
1450 553 1547 595 pro-

144 593 317 635 consule
358 594 592 635 exercitum
633 593 856 650 profectus,
899 594 1074 636 consilio
1123 596 1214 637 eius
1264 596 1425 638 occisus
1470 605 1544 638 est.

144 650 430 701 Mithridates,
455 652 584 693 Ponti
605 667 693 702 rex,
717 651 921 708 Bithynia
948 661 990 694 et
1015 651 1288 710 Cappadocia
1317 654 1545 710 occupatis,

143 718 187 751 et
226 708 349 765 pulso
388 709 578 766 Aquillio
619 709 769 766 legato,
811 709 1055 766 Phrygiam,
1097 711 1358 767 provinciam
1400 711 1547 768 populi

145 765 344 817 Romani,
366 782 464 809 cum
485 767 649 824 ingenti
671 767 860 808 exercitu
881 767 1062 809 intravit.

714 989 974 1032 LXXVIII.

144 1100 590 1143 MITHRIDATES
612 1101 760 1143 Asiam
788 1103 1034 1159 occupavit:
1073 1104 1126 1152 Q.
1149 1103 1339 1169 Oppium
1368 1120 1546 1161 procon-

143 1158 290 1208 sulem,
312 1158 415 1200 item
438 1158 676 1214 Aquillium
698 1159 898 1216 legatum,
921 1160 966 1201 in
986 1160 1155 1202 vincula
1176 1162 1379 1204 coniecit:
1411 1163 1546 1204 iussu-

174 1231 228 1258 ue
259 1216 362 1265 eius,
388 1216 593 1272 quicquid
626 1217 782 1258 civium
812 1217 1105 1259 Romanorum
1137 1218 1183 1259 in
1204 1219 1309 1260 Asia
1334 1219 1428 1269 fuit,
1459 1235 1544 1262 uno

142 1231 212 1316 die
245 1273 501 1316 trucidatum
531 1283 604 1315 est.
670 1274 833 1316 Urbem
868 1275 1086 1326 Rhodum,
1119 1291 1226 1332 quae
1263 1276 1350 1318 sola
1383 1276 1430 1317 in
1459 1277 1545 1319 fide

142 1340 441 1389 permanserat,
485 1333 757 1389 oppugnavit,
810 1341 853 1374 et
898 1333 1060 1390 aliquot
1107 1333 1278 1390 proeliis
1327 1334 1545 1376 navalibus

142 1390 278 1431 victus
304 1390 485 1431 recessit.
549 1390 798 1441 Archelaus,
827 1391 1063 1448 praefectus
1091 1392 1213 1448 regis,
1244 1392 1289 1433 in
1321 1391 1544 1434 Graeciam

143 1462 241 1489 cum
273 1448 463 1489 exercitu
495 1448 638 1497 venit3
683 1448 876 1490 Athenas
909 1449 1141 1506 occupavit.
1204 1449 1430 1492 Praeterea
1463 1459 1546 1492 tre-

142 1505 405 1562 pidationem
441 1506 610 1547 urbium
646 1506 978 1564 insularumque,
1015 1507 1106 1549 aliis
1142 1507 1197 1549 ad
1232 1507 1544 1558 Mithridatem,

144 1562 236 1604 aliis
275 1562 330 1604 ad
368 1562 575 1620 populum
617 1563 861 1606 Romanum
901 1565 1092 1607 civitates
1132 1580 1227 1607 suas
1269 1565 1544 1616 trahentibus,

143 1629 345 1662 continet.

739 1846 954 1889 LXXIX.

144 1964 193 2008 L.
220 1962 585 2007 CORNELIUS
621 1963 839 2013 CINNA,
872 1979 1005 2019 quum
1038 1965 1293 2020 perniciosas
1325 1965 1438 2022 leges
1471 1982 1546 2024 per

142 2023 227 2065 vim
250 2032 376 2078 atque
399 2036 514 2063 arma
541 2021 680 2070 ferret,
703 2020 847 2077 pulsus
877 2021 979 2062 urbe
1007 2036 1032 2062 a
1061 2021 1142 2063 Cn.
1165 2021 1343 2064 Octavio
1368 2023 1542 2081 collega,

142 2095 240 2123 cum
280 2095 354 2122 sex
396 2079 574 2121 tribunis
614 2078 774 2136 plebis:
823 2078 1086 2135 imperioque
1128 2079 1167 2120 ei
1203 2080 1415 2137 abrogato,
1453 2097 1545 2124 cor-

142 2147 314 2195 ruptum
338 2137 422 2194 Ap.
442 2135 611 2179 Claudii
634 2136 867 2178 exercitum
889 2137 933 2177 in
984 2145 1205 2178 otestatem
1227 2152 1344 2179 suam
1366 2138 1542 2196 redegit,

142 2205 186 2238 et
216 2195 373 2238 bellum
408 2195 500 2237 urbi
530 2194 686 2244 intulit,
719 2194 914 2236 arcessito
949 2152 999 2236 C.
1020 2193 1160 2236 Mario
1191 2211 1245 2236 ex
1271 2196 1417 2238 Africa
1447 2212 1543 2239 cum

144 2253 235 2296 aliis
261 2252 501 2295 exsulibus:
536 2253 579 2293 in
609 2268 694 2310 quo
721 2251 833 2294 bello
861 2251 946 2293 duo
968 2252 1126 2303 fratres,
1148 2253 1252 2295 alter
1273 2269 1326 2295 ex
1348 2253 1543 2312 Pompeii

143 2311 346 2361 exercitu,
384 2310 489 2352 alter
524 2326 578 2352 ex
616 2310 797 2359 Cinnae,
835 2310 1076 2366 ignorantes
1113 2322 1442 2354 concurrerunt:
1488 2322 1542 2363 et,

144 2384 277 2426 quum
311 2369 445 2410 victor
476 2368 673 2425 spoliaret
708 2368 905 2417 occisum,
940 2368 1084 2424 agnito
1116 2369 1255 2419 fratre,
1290 2370 1453 2426 ingenti
1486 2370 1546 2412 la-

144 2427 404 2469 mentatione
436 2426 562 2475 edita‚
590 2441 690 2482 rogo
721 2426 759 2467 ei
791 2435 1018 2475 exstructo,
1047 2426 1133 2482 ipse
1165 2442 1213 2468 su
1246 2442 1290 2468 ra
1321 2443 1469 2484 rogum
1501 2444 1544 2470 se

145 2484 378 2535 transfodit,
401 2494 444 2526 et
474 2484 626 2525 eodem
657 2484 745 2540 igni
776 2494 1050 2540 consumptus
1081 2494 1153 2525 est.
1241 2484 1275 2526 't
1306 2501 1438 2541 quum
1470 2502 1545 2542 op-

145 2543 270 2599 primi
312 2543 422 2583 inter
462 2542 582 2583 initia
622 2542 868 2598 potuissent,
914 2541 994 2582 Cn.
1020 2541 1214 2598 Pompeii
1255 2542 1413 2593 fraude,
1456 2544 1543 2600 qni,

146 2609 368 2656 utramque
405 2609 566 2656 partem
602 2599 797 2648 fovendo,
835 2599 943 2640 vires
978 2599 1143 2640 Cinnae
1180 2599 1311 2650 dedit,
1349 2616 1428 2642 nec
1465 2602 1544 2642 nisi

146 2657 375 2713 profligatis
417 2657 683 2715 optimatium
728 2657 851 2698 rebus
888 2656 1093 2697 auxilium
1131 2657 1238 2707 tulit,
1276 2667 1319 2699 et
1361 2658 1544 2700 consulis

147 2715 324 2770 segnitie
355 2715 590 2756 confirmati
619 2715 761 2756 Cinna
788 2724 831 2755 et
859 2713 1023 2755 Marius
1051 2724 1249 2770 quattuor
1276 2716 1544 2766 exercitibus,

147 2785 200 2812 ex
231 2772 384 2828 quibus
419 2772 505 2814 duo
542 2774 596 2821 Q.
623 2772 806 2813 Sertorio
837 2781 880 2813 et
914 2771 1100 2814 Carboni
1135 2772 1224 2814 dati
1255 2782 1366 2823 sunt,
1399 2774 1545 2815 urbem

148 2827 518 2871 circumsederunt.
583 2830 748 2872 Ostiam
776 2829 983 2872 coloniam
1015 2829 1178 2872 Marius
1205 2831 1476 2887 expugnavit,
1504 2839 1546 2871 et

149 2884 374 2927 crudeliter
393 2886 579 2942 diripuit.
