1888 3194
922 185 1213 224 INDEX.

378 262 462 302 Syri,
482 262 570 294 haud
592 263 704 303 paullo
726 262 960 303 mancipiorum
982 273 1048 293 me-

420 305 494 343 lius,
514 315 612 345 quam
634 305 786 344 militum,
806 316 905 346 genus
929 313 980 345 35,
996 315 1047 347 49.

420 348 507 379 leves
518 352 551 379 et
562 348 706 379 servituti
721 349 789 379 nati
805 347 856 388 36,
872 356 919 388 17.
943 348 1049 380 Gallis

392 413 395 415 -
419 391 616 431 stipendium
632 392 814 431 pependere
830 391 881 431 38,
900 390 947 424 16.

379 433 482 473 Syrtis
496 434 601 465 minor
618 444 668 476 29,
684 443 734 474 33.
759 444 811 474 34,
826 433 876 466 62.

695 605 735 638 Τ.

379 689 502 727 Tabae,
517 691 592 720 urbs
609 689 748 720 Pisidiae
764 689 816 728 38,
836 698 882 728 13.

379 733 535 762 Tabellae
552 736 583 762 et
599 733 710 762 literae
726 732 890 762 laureatae
907 739 958 770 45,
977 741 1004 762 1.

378 774 580 805 Tabellarius
596 786 647 813 44,
664 785 713 813 44.
738 782 790 813 45,
810 784 835 805 1.

378 816 556 854 Tabernae,
572 817 699 848 Romae
714 827 734 847 a
749 816 926 856 Tarquinio
938 815 1047 847 Prisco

406 869 492 898 >rege
508 860 613 890 factae
633 870 659 898 1,
677 867 726 898 35.
751 860 784 890 in
799 859 887 899 gravi
903 859 1046 899 periculo

419 902 526 932 claudi
546 902 649 933 iussae
666 911 696 941 3,
714 910 762 941 27.
787 913 817 940 4,
835 911 884 941 31.
907 902 940 932 111
957 903 1047 932 luctu

419 954 450 985 9,
475 951 502 983 7.
534 945 566 975 in
598 955 678 984 pace
707 949 838 985 apertae
864 943 895 982 6,
920 953 968 984 25.
1001 949 1047 975 ta-

418 987 536 1018 bernae
558 988 755 1028 argentariae
778 987 836 1018 fori
858 988 954 1018 Rom.
974 998 1048 1019 ven—

420 1030 540 1060 duntur
570 1031 610 1061 ab
643 1031 841 1068 Hannibale,
872 1034 975 1061 castra
1006 1031 1047 1061 ad

418 1073 531 1103 urbem
558 1073 698 1104 habente
731 1072 781 1110 26,
815 1083 861 1104 11.
895 1074 1048 1104 tabernae

419 1119 544 1154 septem
583 1116 709 1147 Romae
752 1116 901 1146 incendio
940 1116 1045 1146 hauri-

418 1161 516 1188 untur
547 1165 596 1197 27.
626 1158 814 1189 reficiuntur
843 1167 893 1198 27,
921 1168 967 1189 11.
999 1162 1044 1189 ta—

418 1200 536 1232 bernae
567 1211 678 1232 omnes
709 1212 783 1232 cum
814 1201 921 1242 magni
951 1201 1045 1241 pretii

418 1243 578 1274 mercibus
608 1244 884 1284 conflagraverunt
914 1251 964 1284 35,
995 1253 1044 1282 40.

418 1290 570 1326 quattuor
593 1287 627 1317 in
652 1287 819 1327 publicum
845 1291 973 1326 emptae
994 1295 1045 1328 39,

418 1340 470 1368 44.
498 1330 650 1360 tabernae
675 1329 758 1360 circa
780 1330 885 1359 forum
910 1329 1045 1369 piscato·

418 1371 502 1402 rium
524 1371 557 1402 in
581 1372 741 1411 privatum
762 1372 910 1403 venditae
927 1381 979 1410 40,
996 1381 1044 1411 51.

418 1414 487 1444 foro
511 1414 726 1446 circumdatae
749 1424 801 1454 41,
821 1424 870 1454 32.
894 1415 1046 1445 tabernae

420 1460 453 1487 et
490 1457 637 1488 lanienae
680 1458 881 1495 coniunctae,
915 1457 948 1487 in
989 1467 1047 1496 pu-

418 1499 540 1530 blicum
556 1504 685 1540 emptae
701 1511 753 1538 44,
772 1499 818 1531 16.

377 1541 546 1572 Tabernae
563 1543 690 1580 Novae,
706 1543 768 1573 loci
786 1552 904 1573 nomen
921 1543 1047 1573 Romae

419 1593 449 1623 3⁹
464 1585 514 1623 48.

377 1627 602 1658 Tabemacula
629 1627 662 1658 in
687 1628 754 1658 foro
777 1631 898 1658 statuta
921 1637 972 1669 39,
996 1627 1047 1667 46.

419 1670 640 1708 tabernacula,
666 1670 759 1708 muli,
786 1677 819 1701 et
849 1671 956 1701 omnia
985 1671 1049 1702 alia

419 1712 634 1743 instrumenta
666 1713 830 1751 militaria,
858 1713 1047 1753 magistrati-

420 1756 480 1786 bus
503 1755 536 1785 in
562 1756 741 1795 provincias
766 1756 857 1786 ituris
881 1756 1048 1787 subminis-

418 1802 503 1828 trata
517 1798 557 1828 de
573 1799 704 1838 publico
717 1809 768 1837 42,
786 1809 810 1830 1.
830 1800 1048 1837 tabernacula,

418 1840 657 1880 militaremque
694 1841 942 1881 supellectilem,
972 1852 1045 1881 qna-

419 1883 484 1913 lem
507 1884 628 1914 consuli
650 1884 794 1924 praeberi
815 1895 884 1915 mos
902 1889 961 1922 est,
977 1885 1047 1915 Ma-

419 1925 549 1957 sinissae
565 1927 686 1957 donant
703 1927 844 1958 Romani
862 1937 912 1967 30,
932 1935 978 1966 17.
1001 1932 1047 1958 ta-

419 1969 629 1999 bernaculum
652 1970 798 2010 Philippi
822 1970 856 2000 in
877 1974 1048 2009 conspecto

420 2011 562 2042 maxime
578 2013 704 2042 tumulo
721 2013 862 2052 positum
879 2022 931 2051 32,
947 2021 976 2051 5.

379 2053 507 2084 Tabula
536 2065 555 2085 a
585 2055 624 2086 T.
649 2055 805 2091 Quinctio
832 2055 987 2086 dictatore
1016 2054 1049 2085 in

422 2096 585 2136 Capitolio
607 2099 666 2128 sub
688 2097 776 2138 signo
797 2098 883 2129 Iovis
906 2098 1049 2137 Impera-

421 2139 498 2170 toris
518 2140 584 2171 fixa
604 2139 634 2178 6,
653 2150 700 2182 29.
725 2141 848 2181 templo
869 2141 965 2171 affixa
984 2140 1050 2171 voti

421 2182 519 2213 index
548 2193 601 2221 40,
626 2192 675 2222 52.
708 2183 859 2214 victoriae
888 2183 987 2214 index
1016 2183 1049 2213 in

421 2225 502 2255 aede
518 2225 634 2256 Matris
650 2226 800 2257 Matutae
816 2236 868 2265 41,
884 2235 934 2265 33.

380 2266 526 2298 Tabulae
543 2268 655 2298 decem
675 2279 695 2299 a
710 2268 899 2299 decemviris
917 2269 1002 2298 latae
1018 2277 1048 2306 3,

422 2318 474 2348 34.
504 2310 586 2340 duae
610 2310 768 2349 prioribus
788 2312 899 2341 decem
919 2310 1048 2341 additae

424 2360 473 2390 37.
506 2352 688 2390 duodecim,
713 2352 747 2382 in
777 2363 831 2383 aes
859 2352 989 2389 incisae,
1014 2353 1048 2382 in

423 2393 554 2432 publico
570 2394 753 2433 propositae
769 2402 818 2433 57.

381 2435 527 2467 Tabulae
543 2436 692 2476 publicae
704 2448 734 2474 4,
747 2438 775 2467 8.
795 2436 845 2473 26,
858 2435 907 2474 36.
928 2436 1049 2476 priscae

422 2478 509 2516 artis,
521 2478 670 2509 inventae
685 2478 830 2509 Eretriae
843 2488 894 2517 32,
908 2478 954 2510 16.
972 2480 1048 2509 Am-

421 2520 530 2551 bracia
544 2525 676 2552 avectae
693 2522 743 2560 38,
759 2531 787 2562 9.
811 2532 913 2551 novae
931 2531 981 2560 32,
999 2522 1047 2560 38.

422 2563 541 2594 tabulis
555 2563 650 2603 pictis
664 2564 775 2594 fanum
791 2564 977 2604 Aesculapii
996 2575 1048 2595 ex-

424 2610 573 2637 ornatum
590 2616 642 2646 43,
658 2618 686 2646 4.

383 2648 594 2680 Tabularium
610 2658 663 2688 43,
682 2649 728 2680 18.

381 2691 616 2722 Tabulatorum
632 2691 773 2731 quinque
787 2692 881 2722 turris
898 2693 947 2730 28,
963 2691 991 2723 6.

383 2733 541 2765 Tabulius
555 2744 637 2774 ager.
655 2734 716 2765 n'd.
734 2734 904 2766 Trientius.

382 2776 501 2816 Tagus,
516 2777 633 2807 fluvius
654 2786 705 2814 21,
727 2787 754 2816 5.
781 2784 818 2816 27

425 2828 477 2860 39,
493 2828 543 2858 30·
718 2861 724 2867 ,
764 2862 769 2867 ,

383 2861 541 2900 Talassio,
555 2872 618 2893 vox
632 2862 788 2902 nuptiahs
806 2872 833 2900 1,
850 2872 880 2903 9.

381 2904 559 2940 Talentum
575 2904 719 2935 Atticum
736 2905 787 2944 38,
805 2914 853 2943 24.
872 2905 932 2935 vid.
949 2910 979 2935 et
997 2906 1046 2943 38.

425 2946 607 2978 Euboicum
631 2954 683 2987 37,
707 2955 756 2986 45.
789 2948 840 2986 38,
863 2957 892 2988 9.
925 2948 1047 2979 talenta

821 2801 830 2815 ,
856 2787 902 2818 19.
927 2786 978 2817 35,
999 2787 1046 2808 22.

1133 263 1255 304 argenti
1273 264 1413 296 ducenta
1429 264 1585 306 Philippo
1605 265 1758 306 pollicen-

1133 310 1186 337 tur
1200 307 1491 347 Carthaginienses,
1506 312 1542 339 ut
1561 308 1594 339 in
1615 308 1758 340 Siciliam

1133 352 1189 380 aut
1212 350 1343 381 Italiam
1365 361 1439 382 cum
1461 351 1604 382 exercitu
1623 351 1759 383 traiiciat

1135 401 1186 433 29,
1213 403 1242 430 4.
1275 393 1400 424 talenta
1429 394 1580 432 ducenta,
1609 397 1760 425 semestre

1133 434 1341 474 stipendium,
1360 437 1456 476 Cotyi
1477 447 1622 476 appensa
1642 447 1662 467 a
1683 437 1760 468 Per-

1132 487 1186 507 seo
1214 487 1265 515 42,
1291 477 1341 517 67.
1373 479 1604 519 quinquaginta
1630 479 1664 510 in
1689 479 1761 519 ripa

1132 520 1265 558 exponit
1291 521 1437 559 Perseus,
1460 521 1556 552 militi
1580 522 1761 562 diripienda

1133 573 1185 600 449
1202 570 1251 600 45·

1091 603 1252 641 Tamiani,
1284 603 1367 635 inter
1403 605 1525 637 auxilia
1557 606 1760 638 Rhodiorum

1134 654 1186 683 33,
1206 646 1252 677 18-

1091 687 1250 728 Tanagra,
1274 689 1350 720 urbs
1374 689 1529 721 Boeotiae
1554 699 1606 730 33,
1631 692 1680 723 28.
1708 699 1760 731 35,

1135 739 1184 768 51.

1092 772 1264 813 Tanaquil,
1284 774 1405 805 femina
1429 784 1555 806 summo
1579 775 1650 807 loco
1673 779 1761 815 nata,

1134 816 1227 846 nubit
1248 817 1429 848 Lucumoni
1456 827 1483 855 1,
1500 826 1549 856 34.
1574 818 1760 849 coelestium

1133 858 1351 898 prodigiorum
1377 860 1492 899 perita,
1518 860 1594 891 ibid.
1626 861 1760 901 Tarqui-

1133 900 1222 931 nium
1247 902 1288 932 ad
1311 903 1514 933 educandum
1537 913 1664 934 summa
1685 914 1762 935 01113

1134 944 1279 975 Servium
1296 945 1416 976 excitat
1432 954 1481 986 39.
1502 945 1670 977 interfecto
1683 946 1760 978 Tar-

1134 987 1255 1026 quinio,
1272 988 1410 1018 eundem
1432 987 1589 1027 Servium,
1608 999 1760 1029 generum

1134 1040 1239 1067 suum,
1260 1031 1300 1061 ad
1325 1031 1552 1070 capessendam
1576 1042 1681 1062 rerum
1706 1042 1761 1063 cu-

1133 1083 1201 1102 ram
1218 1072 1363 1103 hortatur
1379 1083 1431 1112 41.
1449 1073 1511 1104 vid.
1529 1077 1561 1104 et
1577 1081 1628 1114 47.

1091 1114 1266 1153 Tanetum,
1282 1116 1369 1147 vicus
1386 1126 1437 1154 21,
1454 1125 1503 1156 25.
1520 1116 1559 1147 cf.
1576 1120 1608 1147 et
1624 1126 1676 1156 30,
1695 1127 1742 1159 19.

1089 1157 1260 1192 Tarentus.
1273 1159 1348 1189 urbs
1362 1168 1413 1197 24,
1429 1168 1477 1198 13.
1498 1159 1676 1190 Tarentum
1689 1170 1760 1200 pro-

1131 1201 1216 1231 ditur
1233 1201 1411 1232 Hannibali
1431 1209 1481 1240 25,
1503 1202 1522 1231 8
1546 1206 1578 1233 et
1598 1212 1628 1244 9.
1658 1213 1760 1243 oppu—

1130 1247 1246 1283 gnatur
1267 1248 1299 1275 et
1318 1244 1444 1284 capitur
1458 1255 1478 1275 a
1493 1244 1597 1276 Fabio
1612 1245 1760 1276 Maximo

1133 1294 1185 1326 27,
1205 1294 1251 1325 15.

1090 1327 1266 1359 Tarentina
1289 1339 1346 1360 arx
1373 1332 1578 1369 oppugnatur
1601 1331 1642 1360 ab
1668 1330 1760 1361 Han-

1131 1371 1239 1401 nibale
1256 1379 1306 1410 25,
1321 1381 1334 1402 1
1344 1381 1369 1402 1.
1393 1372 1423 1402 ei
1438 1371 1608 1411 provident
1619 1373 1760 1404 Romani

1137 1422 1184 1452 15.

1093 1455 1260 1486 Tarentini
1277 1456 1308 1494 8,
1326 1463 1375 1495 27.
1399 1466 1510 1487 eorum
1530 1455 1708 1496 indignatio
1726 1457 1761 1489 in

1135 1498 1312 1537 Romanos,
1326 1499 1402 1530 ibid.
1426 1498 1589 1530 concitant
1601 1500 1762 1540 Lucanos,

1133 1541 1209 1572 ibid.
1233 1551 1344 1572 eorum
1367 1542 1504 1582 superba
1524 1542 1642 1582 legatio
1663 1553 1695 1584 9,
1713 1553 1760 1583 14.

1135 1584 1290 1614 deficiunt
1313 1586 1353 1615 ad
1378 1585 1505 1615 Poenos
1526 1585 1613 1616 bello
1634 1585 1760 1617 Hanni-

1133 1627 1239 1657 balico
1265 1637 1314 1666 22,
1333 1626 1384 1659 61.
1412 1627 1579 1658 Tarentini
1601 1628 1698 1668 legati
1719 1629 1762 1660 ad

1136 1669 1355 1700 Hannibalem
1372 1680 1423 1708 24,
1439 1679 1485 1709 13.
1510 1680 1620 1701 eorum
1637 1671 1762 1702 obsides

1134 1713 1222 1751 apud
1247 1713 1423 1751 Romanos,
1446 1723 1520 1743 cum
1543 1713 1697 1753 fugissent
1720 1715 1761 1745 ab

1135 1756 1226 1793 urbe,
1249 1755 1376 1786 retracti
1403 1756 1443 1786 de
1469 1766 1545 1786 saxo
1570 1756 1762 1788 deiiciuntur

1137 1806 1187 1836 25,
1221 1807 1246 1837 7.
1285 1798 1534 1829 Tarentinorum
1563 1799 1701 1830 defectio
1731 1800 1761 1831 8.

1135 1850 1201 1879 sqq.
1226 1851 1336 1871 eorum
1353 1841 1461 1872 classis
1481 1841 1586 1872 caedit
1601 1846 1633 1872 et
1647 1842 1761 1882 mergit

1135 1883 1269 1913 classem
1300 1884 1396 1915 Rom.
1430 1883 1480 1922 26,
1507 1893 1556 1925 39.
1594 1884 1761 1915 Tarentini

1135 1926 1312 1956 caeduntur
1327 1937 1346 1956 a
1361 1927 1398 1958 C.
1414 1927 1535 1964 Persio,
1550 1926 1626 1958 ibid.
1648 1937 1761 1967 pacem

1134 1972 1249 2008 petunt
1264 1980 1283 1999 a
1299 1969 1395 2001 Rom.
1413 1979 1486 2000 cum
1500 1969 1649 2000 libertate
1663 1980 1701 2000 ac
1718 1970 1760 2000 le-

1134 2011 1226 2051 gibus
1247 2011 1312 2042 suis
1335 2020 1386 2050 27,
1407 2022 1443 2042 21
1467 2015 1500 2043 et
1523 2020 1570 2051 25.
1595 2012 1761 2044 Tarentini

1135 2054 1258 2093 equites
1274 2062 1325 2093 35,
1344 2055 1382 2085 28
1398 2058 1430 2085 et
1447 2064 1496 2096 29.

1093 2096 1288 2128 Tarentinus
1313 2107 1386 2137 ager
1414 2105 1464 2137 27,
1491 2107 1541 2135 40.
1572 2100 1684 2137 portus
1710 2106 1761 2137 23,

1094 2148 1153 2222 8ρέ
1163 2182 1320 2221 Tarpeius
1335 2186 1460 2221 praeest
1474 2181 1539 2212 arci
1556 2182 1653 2212 Rom.
1669 2190 1697 2219 1,
1713 2191 1760 2214 11.

1135 2223 1202 2254 eius
1228 2224 1295 2254 filia
1319 2234 1339 2253 a
1369 2224 1408 2255 T.
1433 2223 1541 2262 Tatio,
1569 2224 1761 2255 Sabinorum

1134 2276 1217 2305 rege,
1228 2276 1306 2296 auro
1319 2270 1479 2306 corrupta,
1491 2266 1609 2306 accipit
1621 2271 1762 2299 armatos

1135 2308 1269 2339 Sabinos
1283 2308 1316 2338 in
1331 2318 1448 2347 arcem,
1463 2309 1540 2340 ibid.

1093 2350 1147 2389 Sp.
1165 2350 1304 2389 Tarpeio
1326 2361 1386 2382 cos.
1404 2355 1440 2382 ut
1461 2351 1650 2392 magistratu
1670 2351 1760 2391 abiit,

1134 2393 1202 2423 dies
1227 2394 1313 2423 dicta
1338 2402 1368 2431 3,
1393 2403 1443 2433 31.
1475 2395 1600 2434 legatus
1623 2395 1761 2425 mittitur

1134 2436 1175 2465 ad
1199 2436 1386 2474 exercitum,
1402 2437 1600 2467 Aventinum
1622 2437 1760 2469 insiden-

1134 2482 1200 2508 tem
1219 2486 1268 2517 50.
1292 2483 1417 2509 creatur
1431 2479 1504 2510 trib.
1521 2480 1565 2519 pl.
1581 2478 1633 2518 65.

1094 2520 1250 2560 Tarpeius
1270 2532 1362 2552 mons
1387 2531 1413 2559 1,
1431 2530 1479 2562 55.
1504 2522 1644 2561 Tarpeia
1664 2532 1761 2562 rupes

1138 2571 1166 2603 7,
1209 2573 1255 2594 10.
1309 2564 1486 2604 Tarpeium
1528 2574 1652 2596 saxum.
1696 2564 1760 2597 vid.

1135 2606 1267 2638 Saxum.

1094 2649 1271 2688 Tarquinii,
1286 2650 1361 2679 urbs
1377 2648 1526 2679 Etruriae
1544 2657 1571 2687 1,
1587 2657 1638 2688 34.
1663 2647 1715 2688 26,
1729 2658 1759 2689 3.

1137 2700 1187 2731 '²7³
1204 2702 1231 2729 4·

1092 2733 1340 2773 Tarquinienses
1358 2734 1399 2764 ad
1416 2732 1627 2773 Tarquinium
1643 2734 1760 2775 Super-

1134 2777 1211 2806 bum
1232 2776 1265 2806 in
1285 2776 1372 2815 regni
1390 2776 1620 2815 possessionem
1635 2778 1760 2808 restitu-

1134 2819 1252 2849 endum
1276 2829 1365 2850 arma
1389 2818 1521 2858 capiunt
1546 2829 1575 2857 2,
1595 2818 1625 2851 6.
1652 2830 1760 2860 pugna

1134 2861 1216 2892 inter
1231 2872 1284 2892 eos
1299 2866 1329 2892 et
1344 2862 1519 2899 Romanos,
1529 2862 1606 2893 ibid.
1626 2863 1759 2893 domum

1133 2905 1251 2934 abeunt
1267 2912 1293 2944 7.
1309 2904 1433 2934 bellum
1448 2904 1590 2935 inferunt
1603 2904 1760 2936 Romanis

1134 2955 1163 2985 5,
1179 2946 1224 2978 16.
1245 2946 1442 2986 populantur
1450 2956 1560 2986 agrum
1573 2947 1670 2979 Rom.
1682 2946 1758 2978 ibid.
