1888 3194
687 198 1118 242 KREYSSIGII.
1517 204 1599 245 375

204 307 412 356 oratione,
444 319 534 362 cap.
562 306 628 347 17.
660 319 747 346 non
772 305 1076 355 Flamininum,
1103 303 1176 345 sed
1198 305 1467 355 Flaminium,
1496 306 1598 348 ibid.

202 388 290 416 non
328 375 542 422 Leucade,
587 372 662 414 sed
703 374 906 428 Leucade
943 372 1030 414 sive
1070 373 1318 422 Leucadae,
1359 372 1463 414 ibid.
1513 387 1599 414 non

203 441 459 491 Aeotolium‚
481 440 556 482 sed
577 441 809 492 Aetoliam,
830 440 934 482 ibid.
962 455 1049 482 non
1078 456 1187 482 nunc
1217 441 1373 490 insula,
1396 439 1471 481 sed
1492 456 1599 483 nune

201 509 342 550 insula
372 516 450 559 est,
481 517 524 551 et
556 509 656 551 ibid.
689 523 776 550 non
797 509 1066 559 Acarnania,
1096 508 1171 549 sed
1196 509 1408 558 Acarnia,
1442 507 1601 564 syllaba

201 591 257 618 na
278 576 441 627 omissa,
463 577 508 618 in
535 577 680 619 codice
709 576 893 633 reperiri.
957 575 1008 617 In
1037 576 1266 633 posteriore
1295 583 1437 617 autem
1463 590 1599 631 eoque

200 644 358 686 maiore
400 645 494 687 libri
531 645 731 688 tricesimi
771 645 882 686 tertii
918 652 1035 701 parte
1075 644 1299 686 Goellerus
1334 644 1409 686 has
1444 644 1601 685 codicis

202 710 526 771 Bambergensis
549 713 753 755 lectiones
780 712 963 754 maxime
991 712 1198 755 notabiles
1218 712 1283 754 vel
1305 712 1599 769 praetermisit,

199 780 267 822 vel
301 797 449 838 pamm
486 782 714 839 diligenter
749 782 1010 839 exsignavit:
1062 780 1166 838 Cap.
1200 782 1263 823 17.
1303 782 1460 838 longae
1494 782 1601 823 haee

185 850 352 906 fauces
375 865 452 906 pro
477 852 634 906 longae
663 851 771 892 haec
786 852 951 905 fauces
979 857 1117 899 erant,
1140 849 1242 891 ibid.
1273 848 1486 906 quassata
1513 848 1599 890 sive

201 927 451 975 quassatam
470 921 579 962 muri
596 921 831 970 obstruere,
855 935 941 975 qua
953 920 1189 975 patefacta
1206 920 1344 961 ruinis
1364 926 1500 970 erant,
1523 934 1600 975 pro

201 995 411 1045 quassata
451 990 561 1030 muri
602 989 835 1038 obstruere,
874 1003 985 1043 quae
1014 988 1248 1043 patefacla
1285 988 1424 1029 ruinis
1460 994 1599 1038 erant,

199 1055 300 1097 ibid.
323 1062 611 1097 transcensura
644 1056 785 1096 urbem
813 1069 888 1110 pro
915 1062 1228 1096 transscensmn
1251 1056 1293 1096 in
1318 1057 1473 1104 urbem,
1496 1055 1597 1096 ibid.

199 1138 341 1166 omnes
361 1123 640 1165 Acarnaniae
659 1123 818 1178 populi
847 1123 891 1163 in
913 1122 1113 1163 ditionem
1138 1123 1276 1178 legati
1297 1130 1497 1165 venerunt
1523 1137 1600 1179 pro

198 1206 340 1234 omnes
362 1192 521 1247 populi
542 1190 824 1231 Acarnaniae
854 1189 898 1230 in
929 1190 1186 1231 deditionem
1215 1191 1354 1246 legati
1385 1199 1600 1241 venerunt,

198 1273 288 1316 cap.
311 1261 376 1300 18.
401 1258 572 1314 ignaris
592 1258 790 1313 regi-ius,
808 1255 976 1313 syllabis
992 1258 1090 1313 regi
1111 1257 1155 1297 in
1172 1272 1314 1298 versus
1335 1257 1419 1298 fine
1441 1258 1599 1314 positis,

198 1342 275 1385 pro
296 1327 469 1383 ignaris
489 1326 640 1382 regiis,
658 1324 758 1366 ibid.
782 1325 1060 1380 reciperandi
1081 1339 1157 1381 pro
1179 1327 1478 1382 recuperandi,
1497 1326 1597 1367 ibid.

199 1397 261 1438 ad
288 1396 387 1451 ipsa
423 1394 566 1450 Tenpe
597 1395 790 1435 admovet
820 1407 896 1449 pro
927 1394 989 1434 acl
1018 1394 1117 1449 ipsa
1147 1394 1291 1450 Tenpe
1322 1395 1463 1444 movit,
1495 1394 1597 1437 ibid.

200 1464 381 1506 alterum
416 1463 636 1504 castellum
668 1476 745 1518 pro
781 1464 842 1504 ad
871 1464 1051 1506 alterum
1085 1463 1318 1513 castellum,
1348 1462 1450 1505 ibid.
1486 1465 1602 1506 acies

201 1538 385 1589 utraque
415 1545 492 1587 pro
523 1531 642 1573 acies
673 1537 894 1587 utraeque,
923 1530 1032 1592 ibid.
1067 1532 1268 1587 impetum
1285 1532 1493 1587 fecerunt
1524 1547 1600 1589 pro

200 1602 398 1657 impetum
405 1600 574 1655 fecere,
596 1597 699 1640 ibid.
722 1601 882 1642 moveri
908 1595 1091 1656 querunt
1117 1614 1193 1656 pro
1220 1601 1378 1642 moveri
1403 1590 1598 1656 q'uerunt,

200 1683 290 1725 cap.
317 1670 382 1710 19.
408 1681 651 1724 quanquam
679 1681 755 1723 pro
777 1669 983 1723 quamviS,
1006 1667 1106 1709 ibid.
1131 1669 1287 1710 dilectu
1315 1683 1391 1724 pro
1417 1669 1598 1718 delectu,

200 1737 301 1779 ibid.
336 1737 488 1792 quibus
504 1736 629 1792 [πέζα
660 1736 704 1777 in
732 1737 937 1792 expedito
951 1736 1065 1791 ficit,
1093 1750 1169 1792 pro
1201 1737 1354 1791 quibus
1369 1736 1495 1792 ficga
1525 1751 1600 1778 ex-

197 1807 391 1863 peditior
403 1804 515 1861 suit,
537 1803 639 1846 ibid.
671 1805 1021 1846 Thessalonicam
1050 1819 1143 1846 sese
1169 1805 1334 1859 recepit
1363 1818 1439 1860 pro
1469 1805 1601 1846 Thes-

200 1875 436 1918 salonicam
471 1887 518 1914 se
551 1873 730 1929 recepit,
770 1872 872 1914 ibid.
909 1873 1048 1929 copiis
1082 1886 1158 1928 pro
1199 1872 1362 1927 copias,
1400 1886 1490 1928 cap.
1530 1875 1597 1914 20.

200 1943 405 1999 coniungi
433 1957 525 1984 eum
548 1941 759 1997 Philippo
787 1956 863 1997 pro
892 1942 1094 1997 coniungi
1123 1955 1215 1982 cum
1241 1940 1465 1997 Philippo,
1495 1941 1598 1984 ibid.

199 2011 478 2069 Aphrosiade
507 2023 584 2065 pro
607 2009 945 2065 Aphrodisiade,
969 2008 1072 2050 ibid.
1108 2009 1295 2050 Ciliciae
1321 2023 1397 2064 pro
1424 2010 1600 2061 Cilicia,

198 2079 302 2122 ibid.
326 2080 369 2120 in
390 2078 593 2120 ditionem
612 2078 805 2133 acceptis
825 2092 902 2134 pro
923 2078 966 2119 in
988 2077 1245 2119 deditionem
1266 2078 1474 2133 acceptis,
1497 2077 1597 2119 ibid.

204 2147 508 2190 Coracensium
528 2159 604 2201 pro
630 2145 919 2195 Coracesium,
942 2145 1045 2186 ibid.
1068 2145 1365 2186 mandatorum
1386 2159 1463 2201 pro
1484 2161 1601 2187 man-

200 2217 413 2264 daturum,
434 2212 534 2254 ibid.
568 2211 595 2255 ἷι
625 2212 710 2254 sive
742 2228 823 2254 non
855 2214 1051 2255 contione
1078 2226 1155 2269 pro
1184 2212 1228 2253 in
1256 2213 1471 2263 concione,
1497 2213 1598 2255 ibid.

201 2283 333 2325 classi
351 2281 555 2323 Antiochi
575 2279 654 2322 illa
675 2280 760 2321 sive
784 2281 902 2322 illam
924 2295 999 2337 pro
1021 2281 1161 2322 classe
1178 2279 1475 2330 Antiochulta,
1498 2281 1599 2324 ibid.

201 2351 433 2394 omiserant
465 2363 540 2405 pro
573 2349 820 2398 omiserunt,
851 2348 954 2389 ibid.
984 2349 1207 2390 civitatum
1239 2361 1315 2403 pro
1349 2348 1601 2399 civitatium,

200 2417 302 2461 ibid.
329 2417 600 2474 providendo
631 2432 685 2458 ac
708 2418 1002 2472 promoncndo
1032 2431 1108 2473 pro
1136 2416 1405 2472 providendo
1429 2433 1603 2473 promo-

201 2487 351 2536 nendo,
378 2500 469 2542 cap.
501 2487 570 2526 21.
603 2484 782 2526 Attalus
812 2499 888 2540 pro
919 2491 961 2526 et
983 2484 1173 2533 Attalus,
1206 2482 1307 2525 ibid.
1344 2484 1497 2526 XVII.
1525 2500 1601 2542 pro

203 2556 346 2597 decem
367 2560 407 2596 et
429 2560 605 2609 septem,
633 2566 725 2608 cap.
751 2555 820 2594 22.
863 2552 969 2594 Cum
1001 2552 1054 2599 Q.
1080 2552 1285 2594 Minitius
1312 2566 1388 2608 pro
1415 2553 1603 2609 Cumque

205 2622 438 2671 Minucius,
475 2620 574 2662 ibid.
612 2636 704 2662 cum
739 2621 882 2662 multis
916 2635 1009 2662 cum
1043 2620 1186 2662 mullis
1222 2634 1298 2676 pro
1334 2635 1425 2662 cum
1462 2622 1604 2663 multis

204 2691 360 2740 multis,
393 2688 495 2731 ibid.
533 2689 810 2745 tribunosque
844 2689 1149 2730 altercationes
1185 2702 1260 2744 pro
1297 2689 1603 2730 altercationes

206 2758 498 2814 tribunosque,
519 2771 612 2813 cap.
633 2759 700 2797 23.
723 2771 817 2798 sese
837 2770 913 2812 pro
934 2771 980 2798 se
1001 2771 1108 2805 esse,
1131 2755 1232 2797 ibid.
1257 2755 1388 2797 Aeris
1409 2756 1506 2797 tulit
1528 2770 1603 2811 pro

215 2823 344 2875 Tulit,
372 2838 464 2880 cap.
488 2827 557 2866 24.
593 2824 646 2871 Q.
666 2824 831 2865 Fabius
860 2837 937 2879 pro
968 2823 1021 2865 L.
1039 2823 1219 2873 Fabius,
1251 2822 1354 2864 ibid.
1393 2823 1442 2863 C.
1462 2823 1605 2877 Apus-

208 2890 294 2931 tius
329 2904 405 2945 pro
438 2892 490 2933 L.
511 2891 733 2946 Apustius,
768 2889 870 2931 ibid.
909 2897 951 2931 ct
986 2891 1042 2931 ab
1084 2891 1132 2931 T.
1162 2890 1342 2936 Quintio
1375 2903 1450 2943 pro
1484 2904 1510 2929 a
1553 2889 1601 2930 T.
