1888 3194
361 150 411 189 16
866 145 1013 188 ΤΙΤΙ
1050 146 1229 189 LIVII

152 251 197 283 U.
213 252 251 283 C.
274 257 345 289 575.
362 238 578 280 Concione
611 238 836 279 adveniens
857 237 909 279 de
940 237 1103 279 Manlio
1123 246 1165 279 et
1192 237 1316 279 Iunio
1343 238 1496 288 habita,
1519 252 1604 279 non
1632 237 1740 278 ultra

150 296 191 326 A·
215 295 253 326 (3·
279 300 346 333 177·
361 296 544 338 triduum
574 305 756 337 moratus
786 295 960 345 Romae,
982 295 1225 361 paludatuS,
1241 311 1336 337 cum
1360 296 1586 346 lictoribus,
1613 294 1740 336 votis-

360 369 441 410 que
464 353 507 394 in
532 353 741 409 Capitolio
763 353 1025 409 nuncupatis,
1048 368 1091 393 ln
1112 353 1380 409 provinciam,
1395 368 1526 408 aeque
1548 368 1594 394 30
1610 352 1742 409 prius,

217 425 281 463 11
359 411 576 467 praecipiti
599 411 808 452 celeritate
835 411 930 452 abit.
993 411 1142 451 Paucis
1163 419 1257 452 ante
1280 411 1425 452 diebus
1446 410 1593 451 Iunius
1615 409 1740 451 Man-

151 469 522 525 Nesactiumliusque
551 468 751 524 oppidum
783 467 1040 517 Nesactium,
1064 483 1147 524 quo
1168 483 1210 509 se
1238 468 1445 534 principes
1466 468 1667 509 Istrorum
1697 474 1769 508 013

150 522 308 556 Claudius
360 527 527 583 regulus
562 526 649 582 ipse
686 525 854 581 Aepulo
894 535 1119 581 1⁴,eceperat
1153 540 1314 566 summa
1349 526 1389 566 vi
1429 532 1735 582 oppugnarunt.

150 568 224 641 ‘icas‘
241 566 321 597 obsi
361 584 425 626 Eo
449 583 650 625 Claudius
672 583 832 623 duabus
851 583 1084 639 legionibus
1104 598 1186 624 nov
1188 583 1221 624 is
1241 583 1443 632 adductis,
1465 592 1603 624 vetere
1621 596 1739 623 exer-

359 642 447 683 citu
474 656 569 683 cum
597 641 680 681 suis
707 640 882 681 ducibus
910 640 1124 689 dimisso,
1114 656 1201 696 ipse
1230 640 1430 696 oppidum
1459 639 1737 689 circumsedit,

359 708 401 740 et
429 699 560 740 vineis
588 713 827 754 oppugnare
857 697 1062 738 intendit.
1097 713 1346 753 amnemque
1374 698 1739 754 praeterfluentem

358 757 536 806 moenia,
560 757 633 812 qui
660 765 702 796 et
729 755 1031 811 impedimento
1059 755 1394 810 oppugnantibus
1422 764 1521 804 erat,
1543 763 1586 795 et
1612 769 1739 810 aqua-

359 815 514 856 tionem
539 813 653 854 Istris
673 813 910 868 praebebat,
933 811 1158 852 multorum
1187 812 1347 853 dierum
1371 826 1494 867 opere
1516 821 1739 867 exceptum

150 881 254 912 Furor
269 891 324 921 op·
359 887 468 913 novo
489 870 605 912 alveo
626 870 783 911 avertit.
847 869 910 910 Ea
930 884 994 910 105
1015 869 1207 910 barbaros
1228 869 1426 910 miraculo
1443 868 1589 909 terruit
1609 868 1740 910 absci-

149 923 352 964 pidanorum.
344 945 426 971 ·sae
455 943 612 984 aquae:
647 936 687 968 et
715 942 768 967 ne
798 935 887 967 tum
916 926 1087 982 quidem
1115 941 1268 967 memor
1266 942 1318 967 ·05
1349 926 1474 982 pacis,
1496 926 1541 967 in
1568 925 1739 967 caedem

358 986 584 1042 coniugum
601 1000 648 1026 ac
669 984 893 1026 liberorum
914 985 1039 1033 versi3
1072 984 1210 1033 etiam,
1229 993 1275 1025 ut
1295 983 1531 1040 spectaculo
1551 983 1739 1025 hostibus

358 1053 442 1086 tam
463 1043 632 1084 foedum
653 1042 812 1083 facinus
834 1051 952 1091 esset,
970 1016 1137 1097 palam
1128 1057 1171 1082 m
1189 1042 1315 1082 muris
1335 1041 1561 1082 trucidatos
1581 1040 1740 1097 praeci-

356 1102 555 1158 pitabant.
618 1100 734 1141 Ι11101·
763 1099 885 1140 simul
913 1099 1281 1155 complorationem
1311 1099 1559 1140 feminarum
1588 1113 1740 1155 puero-

356 1174 547 1215 rumque,
576 1157 698 1199 simul
726 1157 949 1198 nefandam
976 1157 1160 1207 caedem,
1187 1157 1350 1207 milites
1381 1156 1621 1213 transgressi
1647 1171 1739 1196 mu-

356 1232 462 1266 rum,
495 1216 696 1272 oppidum
731 1215 949 1256 intrarunt.
1015 1214 1147 1256 Cuius
1183 1214 1293 1271 capti
1334 1214 1558 1255 tumultum
1599 1222 1646 1255 ut
1685 1228 1739 1254 ex

355 1273 506 1331 pavido
527 1274 704 1315 0111110Υο
720 1272 971 1328 fugientium
989 1272 1149 1328 accepit
1168 1287 1254 1321 reX,
1273 1272 1435 1313 traiecit
1450 1272 1557 1313 ferro
1577 1280 1737 1328 pectus,

356 1347 410 1374 ne
438 1347 555 1372 vivus
583 1338 822 1387 caperetur:
857 1330 983 1371 001011
1013 1330 1135 1386 capti,
1159 1338 1229 1371 aut
1257 1329 1392 1370 occisi.
1454 1329 1554 1370 Duo
1584 1328 1738 1370 deinde

358 1389 524 1446 oppida,
548 1388 703 1430 Mutila
729 1396 771 1429 et
798 1387 981 1437 Faveria,
1003 1387 1044 1428 vi
1071 1396 1192 1444 capta
1219 1396 1261 1428 et
1287 1387 1435 1428 deleta.
1497 1386 1670 1436 Praeda,
1692 1394 1740 1427 ut

356 1448 400 1488 in
422 1456 546 1503 gente
571 1446 699 1502 inopi,
721 1460 793 1502 spe
822 1445 953 1486 maior
972 1445 1063 1495 fuit,
1086 1454 1128 1486 et
1155 1445 1289 1486 omnis
1317 1444 1517 1486 militibus
1545 1458 1740 1486 concessa

357 1513 430 1546 est.
496 1503 696 1559 Quinque
732 1502 862 1544 millia
896 1503 1078 1559 capitum
1114 1511 1310 1544 sexcenta
1339 1502 1510 1559 triginta
1543 1501 1628 1543 duo
1662 1501 1739 1542 sub

358 1577 511 1604 corona
530 1578 554 1602 x
558 1576 672 1602 011101
676 1569 772 1602 unt
807 1569 994 1602 auctores
1014 1559 1113 1601 belli
1134 1560 1258 1616 virgis
1279 1560 1400 1610 caesi,
1393 1536 1465 1601 c'et
1491 1559 1626 1600 securi
1645 1574 1741 1624 per-

152 1633 247 1665 Istria
263 1620 476 1673 ρει-011551.
538 1619 660 1660 Istria
680 1627 766 1660 tota
794 1618 918 1659 trium
947 1617 1196 1674 oppidorum
1197 1594 1382 1659 0excidio
1410 1626 1452 1658 et
1472 1624 1605 1658 morte
1632 1615 1741 1681 regis

151 1680 231 1707 cata.
359 1686 504 1734 pacata
531 1686 617 1717 est:
657 1691 884 1731 omnesque
915 1675 1103 1731 undique
1134 1675 1292 1731 populi,
1314 1674 1527 1716 obsidibus
1555 1674 1706 1724 datiS,
1695 1689 1742 1715 111

359 1735 561 1775 ditionem
583 1742 800 1774 venerunt.

420 1791 505 1834 Sub
536 1791 670 1832 Istrici
702 1791 829 1832 finem
859 1790 958 1831 belli
988 1790 1100 1846 apud
1135 1790 1311 1846 Ligures
1342 1789 1519 1831 concilia
1547 1788 1599 1830 de
1629 1788 1740 1830 bello

217 1860 281 1898 12,
359 1849 503 1891 haberi
524 1857 681 1906 coepta.
744 1848 810 1888 Ti.
832 1847 1035 1888 Claudius
1061 1825 1294 1903 proconsul,
1318 1847 1391 1902 qui
1418 1854 1584 1902 praetor
1603 1846 1739 1902 priore

359 1923 469 1948 anno
498 1906 644 1954 sum-,at
677 1920 771 1946 cum
807 1904 1013 1960 pracsidio
1045 1904 1218 1960 legionis
1248 1903 1372 1944 unius
1401 1903 1509 1944 Pisis
1538 1911 1737 1959 praeerat.

362 1964 496 2005 Cuius
524 1963 654 2003 1110115
681 1970 846 2002 senatus
875 1961 1025 2002 certior
1044 1961 1187 2010 factus,
1211 1976 1278 2003 eas
1308 1960 1416 2016 ipsas
1442 1960 1582 2002 literas
1610 1960 1662 2001 ad
1686 1959 1737 2002 C.

362 2020 590 2062 Claudium
611 2020 727 2075 (nam
756 2019 859 2060 alter
887 2018 1061 2059 consul
1051 2033 1133 2058 iam
1164 2018 1207 2058 in
1239 2017 1473 2059 Sardiniam
1504 2017 1740 2074 traiecerat)

358 2078 603 2120 deferendas
633 2084 799 2118 censet.
838 2084 881 2117 et
910 2075 1052 2116 adiicit
1082 2075 1309 2125 decretum,
1344 2081 1355 2099 ‘
1375 2075 1588 2124 Quoniam
1618 2074 1741 2116 Istria

361 2135 599 2200 ‘provincia
627 2134 814 2175 confecta
835 2143 953 2183 esset,
977 2133 1011 2173 si
1039 2133 1077 2174 ei
1097 2132 1319 2182 videretur,
1343 2133 1572 2174 exercitum
1597 2132 1740 2174 tradu-

153 2209 221 2240 Res
232 2208 265 2238 in
278 2208 348 2239 Sar·
361 2199 373 2217 (
388 2203 501 2234 00101
520 2193 565 2233 in
586 2192 774 2248 Ligures.
780 2192 788 2208 ’
850 2190 982 2232 Simul
999 2204 1052 2231 ex
1072 2190 1201 2231 literis
1214 2190 1404 2240 consulis,
1424 2205 1525 2247 quas
1541 2190 1593 2232 de
1615 2191 1740 2232 rebus

153 2250 242 2281 djnia
256 2261 322 2290 ges·
359 2251 403 2292 in
434 2250 555 2292 Istria
586 2249 711 2306 gestis
742 2249 970 2305 scripserat,
1003 2248 1046 2288 in
1077 2248 1252 2288 biduum
1282 2248 1528 2304 supplicatio
1557 2248 1736 2289 decreta.

157 2297 220 2325 ωε·
361 2308 418 2350 Ε1
449 2308 499 2349 ab
528 2307 656 2348 311010
687 2306 855 2347 consule
885 2306 950 2346 Ti.
973 2305 1257 2361 Sempronio
1247 2321 1291 2346 1n
1324 2305 1516 2347 Sardinia
1543 2320 1738 2371 prospere

361 2380 424 2407 res
454 2374 580 2421 gesta.
644 2363 886 2404 Exercitum
916 2363 960 2403 in
991 2377 1135 2418 agrum
1168 2361 1391 2404 Sardorum
1426 2362 1643 2404 Iliensium
1673 2363 1739 2404 in-

361 2422 493 2464 duxit.
544 2421 787 2462 Balarorum
804 2426 951 2476 magna
968 2420 1121 2461 auxilia
1134 2419 1354 2462 Iliensibus
1366 2428 1576 2462 venerant.
1626 2419 1739 2461 Cum

361 2492 537 2536 utraque
577 2487 701 2544 gente
743 2478 870 2534 signis
909 2477 1066 2519 collatis
1106 2478 1304 2519 conflixit.
1386 2477 1484 2523 Fusi
1521 2477 1737 2534 fugatique

360 2538 512 2586 hostes,
535 2546 758 2591 castusque
780 2535 919 2576 exuti:
953 2534 1175 2576 duodecim
1196 2535 1325 2577 millia
1339 2544 1589 2577 armatorum
1605 2549 1735 2577 caesa.

361 2595 534 2636 Postero
557 2594 625 2634 die
646 2608 759 2634 arma
779 2592 886 2634 lecta
906 2592 1057 2633 coniici
1078 2593 1121 2633 in
1146 2608 1338 2634 acervum
1360 2593 1478 2635 iussit
1497 2592 1653 2642 consul,
1675 2608 1736 2634 sa-

362 2667 561 2708 crumque
603 2651 646 2692 id
679 2649 870 2691 Vulcano
906 2650 1111 2691 cremavit.
1175 2650 1392 2692 Victorem
1428 2650 1659 2693 exercitum
1694 2650 1738 2691 in

405 2828 448 2857 3
439 2819 642 2856 Nesactium]
662 2816 770 2847 Huius
786 2815 895 2856 oppidi
913 2825 1030 2846 nomen
1079 2825 1124 2856 19.
1159 2819 1191 2846 et
1218 2816 1354 2847 Ptolem.
1379 2817 1423 2848 iii.
1453 2827 1477 2848 1.
1503 2790 1640 2855 secutus,
1668 2827 1738 2857 pro-

363 2861 408 2891 ita
423 2861 624 2892 scribendum
641 2864 750 2890 monet
766 2858 935 2890 Cluverius
953 2858 1028 2889 Ital.
1072 2859 1168 2889 bante
1184 2858 1323 2890 Cellario
1341 2858 1457 2900 Geogr.
1474 2860 1549 2892 Ant.
1565 2858 1598 2891 ii.
1614 2869 1643 2901 9.

364 2905 440 2935 Ant.
462 2903 481 2936 i.
509 2913 556 2935 11.
586 2907 732 2933 auctores
754 2901 838 2932 Plin.
856 2901 901 2932 H.
919 2900 963 2932 N.
983 2900 1026 2931 iii.
