1888 3194
154 301 196 332 U.
214 302 251 332 C.
275 302 346 341 581.

153 345 191 374 A.
217 346 254 376 C.
280 353 348 384 171.

217 643 284 681 58.

156 756 289 786 Perseus

156 799 335 838 equitatum

156 852 284 871 omnem
300 843 340 873 ad

353 202 405 239 88
867 199 1015 242 TITI
1052 199 1231 242 LIVII

358 291 590 347 apparebat.
643 292 786 340 Quum
809 291 991 332 Romani
1012 292 1236 357 quiessent,
1258 291 1502 332 stationibus
1523 291 1646 332 etiam
1668 290 1733 331 in-

362 358 423 389 tra
442 348 595 390 vallum
620 349 813 399 reductis,
836 350 940 405 regii
961 365 1128 406 quoque
1158 350 1202 390 in
1227 358 1358 390 castra
1380 348 1573 390 redeunt.
1635 347 1732 390 Hoc

360 421 435 462 per
462 406 621 462 aliquot
647 407 735 448 dies
764 407 964 457 fecerunt,
987 416 1198 463 sperantes
1221 407 1321 456 fore,
1343 415 1390 447 ut
1414 406 1594 447 Romani
1613 406 1735 461 equi-

360 473 422 505 tes
457 464 700 505 abeuntium
738 465 1008 506 novissimum
1043 480 1193 521 agmen
1228 464 1563 520 aggredeimentur
1626 462 1733 504 Inde

361 522 585 563 certamine
622 531 724 572 (nto,
756 537 886 578 quum
926 522 1088 577 longius
1130 538 1154 563 a
1192 522 1333 563 castris
1373 537 1443 563 eos
1482 520 1733 570 elicuissent,

361 579 492 628 facile,
516 579 661 621 ubiubi
681 588 830 629 essent,
853 595 910 645 se,
932 580 1004 636 qui
1025 580 1213 635 equitatu
1238 589 1280 620 et
1303 579 1384 620 levi
1408 588 1614 620 armatura
1642 578 1736 634 plus

359 646 541 693 possent,
564 652 830 678 conversuros
851 638 994 678 aciem.
1055 637 1283 693 Postquam
1304 637 1518 693 inceptum
1538 651 1624 677 non
1644 650 1738 677 suc-

363 694 548 744 cedebat,
581 704 712 736 castra
740 696 912 751 propius
945 695 1107 735 hostem
1143 694 1272 735 movit
1304 709 1389 744 rex,
1423 703 1465 735 et
1496 710 1520 735 a
1549 694 1737 750 quinque

362 752 545 804 millibus
565 767 760 808 passuum
781 751 1038 793 communiit.
1102 751 1221 800 Inde,
1242 751 1334 792 luce
1357 752 1490 807 prima
1509 751 1554 792 in
1574 751 1736 800 eodem,

362 825 447 865 quo
467 809 636 858 solebat,
656 809 747 850 loco
767 809 958 865 peditum
980 809 1066 849 acie
1088 809 1300 858 instructa,
1318 808 1548 864 equitatum
1570 823 1735 851 omnem
1750 820 1769 850 8

156 889 258 914 casua
273 885 342 915 hos·
363 867 579 922 levemque
613 875 860 919 armaturam
892 866 946 907 ad
977 875 1108 907 castra
1138 866 1321 907 hostium
1353 866 1479 907 ducit.
1541 865 1667 906 Visus
1696 875 1740 907 et

155 927 235 957 tium
253 927 349 959 ducit
362 924 565 980 plurimus
596 933 638 965 et
667 924 835 980 propior
863 923 984 965 solito
1011 923 1146 980 pulvis
1171 922 1533 979 trepidationem
1523 939 1568 964 ln
1597 923 1739 964 castris

150 2143 299 2174 Consulis

149 2196 243 2218 acies.

363 982 568 1023 Romanis
596 982 705 1023 fecit.
769 981 826 1023 Et
842 982 977 1037 primo
997 982 1067 1022 vix
1087 981 1291 1022 creditum
1313 981 1525 1022 nuntianti
1545 990 1619 1031 est,
1641 980 1740 1037 quia

360 1039 565 1095 prioribus
593 1039 802 1081 continuis
829 1039 976 1080 diebus
1005 1054 1222 1094 nunquam
1253 1047 1348 1080 ante
1380 1039 1523 1080 horam
1549 1047 1739 1094 quartam

360 1097 490 1138 hostis
511 1106 767 1154 apparuerat.
830 1097 942 1138 Tum
964 1096 1059 1138 solis
1079 1105 1191 1137 ortus
1212 1105 1310 1138 erat.
1373 1096 1540 1137 Deinde
1570 1105 1616 1137 ut
1645 1095 1739 1152 plu-

361 1155 469 1195 rium
500 1155 677 1196 clamore
705 1164 748 1196 et
775 1169 898 1196 cursu
928 1170 952 1195 a
981 1154 1111 1210 portis
1136 1154 1341 1195 dubitatio
1362 1163 1557 1210 exempta
1577 1162 1650 1203 est,
1672 1162 1739 1194 tu-

363 1212 517 1253 multus
546 1213 694 1269 ingens
724 1212 919 1254 oboritur.
982 1212 1173 1266 Tlibuni,
1195 1212 1490 1268 plaefectique,
1522 1219 1565 1252 et
1593 1219 1739 1252 centu-

361 1270 498 1311 riones
529 1271 573 1311 in
603 1270 867 1335 praetorium,
899 1269 1018 1311 miles
1050 1262 1102 1311 ad
1135 1285 1208 1311 sua
1239 1270 1414 1325 quisque
1447 1269 1626 1310 tentoria
1655 1268 1739 1310 dis-

361 1328 499 1368 currit.
562 1327 708 1369 Minus
729 1328 980 1384 quingentos
1009 1342 1150 1383 passus
1181 1343 1204 1368 a
1229 1327 1336 1368 vallo
1364 1327 1617 1368 instruxerat
1636 1326 1739 1368 Per-

361 1401 454 1426 seus
474 1401 568 1427 suos
589 1386 697 1427 circa
718 1386 937 1435 tumulum,
955 1400 1079 1441 quem
1104 1385 1354 1426 Callicinum
1375 1395 1535 1426 vocant.
1597 1384 1738 1426 Laevo

361 1458 489 1484 cornu
514 1444 644 1500 Cotys
668 1459 742 1484 rex
771 1452 959 1499 praeerat
979 1458 1075 1483 cum
1097 1443 1288 1483 omnibus
1309 1458 1406 1483 suae
1427 1443 1585 1498 gentis:
1619 1442 1739 1498 equi—

361 1509 450 1541 tum
483 1501 649 1542 ordines
679 1501 780 1542 levis
814 1510 1021 1541 armatula
1055 1501 1297 1565 interposita
1331 1500 1623 1555 distinguebat.
1685 1499 1738 1541 In

361 1558 509 1600 dextro
537 1574 667 1600 cornu
688 1558 945 1599 Macedones
975 1567 1092 1599 erant
1122 1559 1305 1614 equites:
1339 1557 1571 1598 intermixti
1592 1557 1738 1598 turmis

361 1631 505 1657 eorum
548 1615 783 1658 Cretenses.
860 1615 974 1657 Huic
1013 1624 1243 1656 armaturae
1286 1614 1448 1656 Medon
1489 1614 1769 1665 Beroeaeus,9

361 1674 572 1729 equitibus
593 1683 635 1715 et
656 1689 839 1715 summae
869 1673 996 1730 partis
1027 1673 1115 1714 eius
1144 1672 1276 1714 Meno
1298 1672 1600 1729 Antigonensis
1620 1687 1739 1729 prae-

361 1740 458 1772 erat.
520 1731 707 1773 Proximi
735 1731 930 1772 cornibus
958 1731 1229 1772 constiterant
1248 1730 1351 1786 regii
1372 1730 1546 1786 equites,
1569 1739 1611 1772 et
1631 1731 1739 1771 mix-
1753 1749 1766 1770 1

361 1798 448 1830 tum
484 1804 629 1845 genus,
666 1789 827 1830 delecta
860 1788 1043 1845 plurium
1081 1789 1270 1844 gentium
1306 1788 1486 1829 auxilia:
1527 1787 1738 1830 Patrocles

361 1847 664 1902 Antigonensis
698 1847 767 1888 hic
799 1846 1006 1888 Paeoniae
1038 1846 1269 1902 praefectus
1300 1845 1435 1886 Didas
1470 1854 1588 1887 erant
1619 1861 1767 1902 prae-2

359 1905 493 1959 positi.
557 1904 728 1945 Medius
749 1904 937 1945 omnium
957 1918 1032 1945 rex
1053 1912 1162 1944 erat:
1196 1903 1304 1944 circa
1324 1918 1421 1944 eum
1442 1918 1600 1958 agema,
1622 1902 1767 1959 quod3

359 1971 520 2011 vocant,
553 1961 826 2016 equitumque
861 1976 997 2001 sacrae
1033 1960 1133 2001 alae.
1197 1961 1310 2001 Ante
1343 1975 1385 2000 se
1420 1960 1564 2001 statuit
1596 1960 1769 2006 fundi-4

360 2027 467 2059 tores
489 2018 838 2074 iaculatoresque:
873 2017 1274 2074 quadringentorum
1295 2032 1441 2058 manus
1461 2026 1637 2074 utraque
1658 2033 1738 2059 nu-

359 2091 519 2116 merum
550 2075 754 2131 explebat.
817 2074 964 2116 Ionem
996 2074 1411 2116 Thessalonicensem
1441 2084 1484 2116 et
1509 2075 1738 2117 Timanora

358 2132 569 2189 Dolopem
604 2133 653 2174 iis
692 2132 900 2189 praefecit.
972 2132 1040 2173 Sic
1075 2133 1178 2187 regii
1214 2132 1496 2174 constiterant.
1561 2131 1735 2184 Consul,

358 2190 466 2232 intra
485 2190 637 2232 vallum
668 2190 857 2246 peditum
878 2190 964 2231 acie
986 2190 1199 2240 instructa,
1221 2199 1263 2231 et
1283 2190 1370 2246 ipse
1393 2190 1626 2246 equitatum
1648 2206 1738 2233 om-

357 2263 455 2289 nem
488 2263 583 2289 cum
618 2248 699 2289 levi
733 2257 939 2289 armatura
970 2248 1106 2288 misit:
1151 2263 1226 2303 pro
1261 2247 1367 2289 vallo
1399 2248 1591 2290 instructi
1623 2258 1732 2290 sunt.

357 2305 521 2347 Dextro
542 2321 671 2347 cornu
692 2305 948 2362 praepositus
972 2304 1022 2346 C.
1039 2305 1228 2346 Licinius
1249 2306 1432 2356 Crassus,
1455 2305 1635 2347 consulis
1653 2306 1735 2348 fra-

357 2373 430 2413 ter,
462 2379 556 2404 curn
589 2364 702 2405 omni
737 2363 882 2404 Italico
917 2363 1118 2418 equitatu,
1151 2362 1344 2404 velitibus
1374 2363 1647 2406 intermixtis:
1680 2364 1735 2406 si-

398 2501 416 2530 8
439 2502 629 2540 Equilatum
651 2501 787 2537 omnem]
822 2499 873 2529 De
896 2499 956 2529 hac
980 2498 1021 2528 vi-
1067 2498 1188 2528 locatos
1203 2498 1298 2529 fuisse
1313 2498 1395 2529 inter
1411 2509 1530 2529 cornua
1545 2502 1577 2529 et
1591 2498 1732 2529 mediam

356 2543 454 2573 ctoria
479 2544 694 2573 Macedonum
724 2542 920 2572 mentionem
946 2541 1022 2571 facit
1066 2540 1179 2577 aciem.
1196 2541 1227 2571 in
1244 2552 1306 2580 qua
1321 2552 1375 2572 rex
1392 2545 1469 2572 erat.
1494 2542 1600 2573 CREV.

356 2585 510 2625 Polybius
525 2586 556 2615 in
575 2586 726 2625 Excerpt.
746 2584 894 2615 vatican.
911 2583 1019 2614 xxviii.
1110 2593 1124 2612 2
1149 2586 1377 2623 Antismnensz's
1402 2584 1470 2624 hic]
1508 2585 1573 2614 His
1598 2594 1655 2623 pro
1681 2585 1733 2615 hio

358 2638 382 2659 1.
1064 2630 1193 2656 auctore
1225 2627 1387 2657 Gronovio
1417 2630 1627 2667 reposuerunt
1657 2627 1732 2658 Cre-

395 2682 414 2711 9
436 2672 526 2701 Huic
542 2672 742 2708 armaturae]
770 2670 865 2707 Milo,
880 2669 945 2699 sive
958 2669 1018 2700 Mi-
1064 2668 1137 2699 vier.
1156 2673 1187 2698 et
1203 2669 1341 2699 Bekker.
1636 2686 1639 2689 -

353 2714 427 2750 don,
458 2713 502 2743 sic
533 2714 617 2743 enim
649 2714 724 2743 olim
762 2713 814 2743 hic
845 2713 1019 2751 legebatur,
1106 2720 1122 2749 3
1145 2713 1282 2750 Ayema]
1312 2712 1363 2742 Sic
1378 2712 1502 2742 vocavit
1514 2711 1731 2750 Livius,supr.

351 2759 496 2795 praeerat
519 2755 579 2785 levi
603 2759 782 2785 armaturae
805 2754 1017 2786 Cretensium.
1063 2753 1340 2791 xxxvii.40.alam
1354 2755 1444 2785 mille
1456 2754 1619 2794 equitum:
1644 2763 1730 2793 supr.

352 2798 523 2837 Equitibus
547 2802 689 2837 praeerat
707 2798 806 2828 Meno
822 2797 1017 2836 Antigonen·
1063 2806 1112 2836 51.
1143 2797 1322 2835 pedestrem
1359 2807 1503 2835 manum,
1538 2800 1730 2826 cetratorum

349 2841 400 2878 sis,
425 2844 456 2871 et
485 2840 615 2879 insuper
640 2850 799 2870 summam
828 2839 954 2879 imperii
983 2839 1014 2869 in
1060 2849 1176 2878 nempe
1200 2839 1368 2878 legionem.
1413 2840 1531 2871 Sm'dae
1549 2849 1658 2878 ayema
1682 2842 1730 2869 est
1785 2843 1789 2847 ’

349 2884 408 2914 hae
434 2887 533 2922 parte,
558 2883 592 2913 id
618 2887 676 2921 est,
706 2883 738 2912 in
763 2883 877 2913 dextro
907 2893 1015 2920 cornu,
1060 2891 1173 2921 agmen
1200 2882 1393 2912 antecedens
1417 2892 1535 2922 regem,
1560 2891 1578 2912 e
1603 2880 1730 2912 selectis

347 2926 494 2956 habebat.
519 2926 624 2957 szv.
1059 2923 1219 2963 equitibus
1235 2927 1266 2954 et
1284 2924 1452 2962 peditibus.
1476 2925 1582 2956 CREV.

393 2979 402 2998 1
430 2970 574 3000 l’roartmi
590 2968 754 3008 cornibus]
790 2968 940 3007 Intellige
958 2968 1014 2998 lios
1101 2978 1120 3004 4
1142 2968 1259 2997 Sacrae
1276 2966 1362 3006 alae]
1389 2967 1428 2998 cf.
1446 2967 1524 2999 Infr.
1542 2965 1594 2998 66.
