1888 3194
161 142 537 187 EDITIONIS
579 143 1348 189 DRAKENBORCHIANAE.
1399 151 1483 192 497

89 233 134 274 in
153 249 227 276 eos
246 232 494 289 estfactus]
516 234 561 274 in
582 234 748 274 eosdem
753 234 926 288 sactus.
944 257 1002 263 ——
1022 235 1133 276 Ibid.
1157 237 1320 291 novem]
1348 253 1484 280 unum.

87 314 147 320 —-
161 290 269 346 Cap.
297 293 359 331 ll.
382 289 528 344 etiam]
557 295 612 331 et.
627 290 810 331 -Ibid.
834 291 980 332 Donis
1007 291 1144 346 regis]
1167 292 1313 334 Donis
1333 296 1484 349 regiis.

87 370 146 377 —
161 347 269 402 Cap.
316 348 379 387 12.
429 346 668 401 memorem]
720 361 936 389 memores.
959 372 1016 376 —
1035 347 1149 390 Ibid.
1202 349 1245 390 in
1296 351 1484 405 proelio]

80 404 269 460 proelio.
286 427 341 432 —
360 402 471 444 Ibid.
500 402 598 458 rex]
623 418 736 459 pax.
754 404 935 459 —Cap.
965 405 1028 445 13.
1062 420 1187 460 quam
1216 406 1484 461 altercando]

88 475 216 516 qaam
235 466 282 501 at
301 460 564 501 altercando.
582 484 640 489 —
656 460 769 502 Ibid.
791 462 870 503 sed
895 477 993 502 mox
1021 464 1150 503 etiam
1181 463 1281 504 belli
1306 464 1484 518 causae]

87 518 166 558 sed
181 531 280 558 mox
302 518 403 558 belli
423 518 551 559 etiam
574 532 768 559 caussae.
787 542 845 547 ——
861 518 971 560 Ibid.
996 534 1023 559 α
1045 518 1216 572 senata]
1243 520 1299 561 ab
1319 527 1486 562 senata.

86 597 144 602 —
159 572 266 628 Cap.
288 575 351 615 14.
371 589 427 616 ex
444 573 629 629 quibus*
645 582 897 616 armaturae
912 575 1034 629 levis]
1058 591 1114 617 ex
1131 577 1283 631 quibus
1298 584 1488 618 armata-

85 645 165 671 rae
184 631 303 672 levis.
318 655 376 660 -
389 631 501 673 Ibid.
522 632 728 685 dimissis]
753 633 933 674 dimissi.
947 657 1006 662 —
1021 633 1131 674 lbid.
1155 633 1485 689 opperiebatur]

85 688 430 743 opperiebantur.
443 688 616 744 —Cap.
638 691 699 730 15.
703 689 933 744 fecerant]
940 690 1222 745 fecerunt.-—
1236 691 1347 732 Ibid.
1366 691 1489 733 insti-

86 744 186 798 tuit]
202 745 826 802 instruit.—Ibid.*utrobique]
844 748 1011 802 ubique.
1022 747 1197 789 —1bid.
1214 748 1486 804 sparserunt]

86 809 355 857 sparserant.
373 827 430 832 —
447 803 555 856 Cap.
583 804 649 845 16.
680 804 847 845 initium
874 805 934 845 ibi
963 806 1173 860 quoddam
1201 812 1337 846 motus
1348 805 1485 860 fecit]

87 859 255 900 initiam
272 861 484 914 quoddam
501 861 561 901 ibi
583 867 719 902 motus
725 862 858 916 fecit.
876 886 933 890 —
947 861 1058 902 Ibid.
1079 877 1155 903 nec
1172 861 1244 916 iis]
1268 878 1344 904 nec
1362 863 1485 918 ipsis.

85 939 143 944 -—
164 915 272 970 Cap.
302 918 365 957 17.
390 918 620 972 profectus
641 917 902 972 Leucadem]
926 919 1168 974 profectus,
1199 919 1487 960 Leucade.—

86 971 200 1014 Ibid.
232 975 391 1014 vadoso
408 974 554 1028 freto]
587 981 628 1015 et
656 977 813 1015 vadoso
827 976 969 1030 freto.
987 977 1172 1018 —,Ibid.
1202 977 1286 1017 hae
1300 976 1482 1031 fauces]

71 1030 250 1084 fauces,
269 1031 454 1071 —lbid.
488 1031 619 1072 Diem
654 1047 707 1072 ac
740 1032 919 1086 noctem]
955 1033 1026 1073 die
1058 1048 1110 1074 ac
1143 1033 1484 1076 nocte.—Ibid.

93 1087 198 1127 Tum
222 1086 352 1142 pars]
377 1102 576 1142 pars.—
595 1088 699 1142 Cap.
737 1089 797 1128 18.
836 1089 1087 1130 continentis
1118 1090 1354 1145 regionem]
1389 1106 1487 1132 con-

86 1144 286 1184 tinentem
319 1144 747 1199 regionem.—Ibid.
785 1146 847 1186 acl
877 1145 1130 1200 Alabanda]
1166 1147 1411 1188 Alabanda.
1430 1172 1487 1176 —

86 1200 197 1242 Ibid.
221 1200 314 1254 Ita]
338 1208 481 1256 atque.
501 1225 558 1230 —
575 1200 688 1242 Ibid.
719 1203 834 1243 tenui
865 1202 968 1256 tam]
998 1204 1127 1244 tenui.
1146 1227 1201 1232 --
1221 1203 1330 1244 Ibid.
1354 1205 1486 1245 Incli-

85 1264 186 1299 nato
218 1259 371 1299 deinde
399 1259 520 1299 laevo
550 1273 696 1308 cornu,
724 1260 766 1300 in
796 1261 997 1300 dextram
1029 1275 1168 1301 omnes
1197 1260 1380 1314 connisi]
1414 1261 1487 1302 In-

86 1315 222 1356 clinat
248 1316 346 1356 dein
370 1316 566 1356 dextrum
592 1330 711 1356 omne
736 1332 877 1358 cornu.
895 1342 952 1346 —
975 1317 1085 1358 lbid.
1110 1317 1260 1371 veluti]
1290 1318 1412 1359 velut.
1430 1342 1487 1346 —

87 1371 200 1413 Ibid.
235 1371 478 1426 constabat]
522 1374 796 1414 consistebat.
812 1374 992 1415 —lbid.
1028 1373 1298 1429 nequierunt]
1341 1375 1487 1429 nequi-

86 1435 247 1470 verunt.
264 1453 320 1458 -
338 1430 450 1471 Ibid.
470 1430 781 1485 circumagere]
812 1432 1129 1473 circumiacere.
1144 1455 1202 1460 ——
1218 1431 1234 1472 1
1242 1432 1330 1473 bid.
1353 1433 1486 1488 effun-

86 1485 260 1540 duntur]
294 1486 636 1542 ‘ffi‘Si-—Ibi‘l-
668 1496 921 1544 receperunt
956 1504 1047 1529 sese
1083 1490 1125 1530 in
1162 1488 1329 1543 castra]
1372 1504 1488 1530 rece-

79 1550 239 1598 perunt
269 1558 314 1584 se
344 1545 404 1584 ad
433 1544 797 1586 castra.—Ibid.
830 1561 907 1586 nec
937 1546 1093 1601 recipi]
1128 1547 1280 1602 recipi.
1298 1546 1484 1588 —lbid.

79 1600 245 1655 potuit]
278 1615 359 1641 non
383 1601 543 1655 potuit.
563 1601 744 1655 ——Cap.
782 1603 845 1643 19.
879 1603 1098 1658 exigente]
1131 1603 1487 1659 profligante.——

88 1657 197 1698 Ibid.
222 1673 277 1698 ex
299 1658 434 1712 Syria
459 1664 645 1699 movente
672 1659 843 1713 bellum]
876 1661 918 1700 in
942 1660 1075 1714 Syria
1101 1660 1296 1701 moliente
1321 1660 1483 1701 bellam.

88 1714 199 1755 Ibid.
243 1730 299 1755 ex
340 1715 579 1757 Ptolemaei
628 1715 807 1768 ditione]
852 1717 1103 1758 Ptolemaei.
1123 1741 1179 1745 -
1197 1716 1308 1758 Ibid.
1355 1717 1486 1758 nihilo

87 1773 304 1827 quietiora
326 1786 377 1812 ea
400 1773 509 1826 ipsis
528 1773 707 1813 aestivis
727 1773 894 1827 habuit]
926 1774 1058 1814 nihilo
1081 1774 1312 1828 quietiores
1326 1780 1486 1829 postea

87 1844 156 1869 res
186 1829 350 1870 habuit.
369 1853 420 1858 —
438 1829 549 1869 Ibid.
580 1830 779 1877 Cicutae,
803 1830 1087 1885 Lyciaeaque
1107 1837 1148 1872 et
1175 1830 1353 1885 ('ariae]
1383 1831 1487 1872 Cili-

87 1886 266 1941 ciaeque
286 1893 326 1926 et
350 1886 526 1926 Cariae.
543 1911 601 1915 —
618 1886 724 1941 Cap.
743 1889 809 1928 90.
834 1903 884 1928 ne
906 1887 1200 1942 Chelidonias]
1224 1888 1484 1943 Nephelida.

85 1967 143 1972 —
159 1942 271 1984 Ibid.
296 1943 618 1984 Atheniensium
649 1959 739 1984 cum
773 1945 950 1999 regibus
972 1945 1224 1998 Persarum]
1255 1945 1487 1986 Athenien-

85 2000 206 2042 sium.
220 2024 277 2029 —
292 2000 405 2041 Ibid.
423 2006 663 2055 superaret.
707 2002 757 2042 Si
778 2003 929 2055 eosine
949 2017 1028 2042 non
1051 2002 1286 2043 contineret
1307 2003 1487 2043 classem

86 2058 321 2113 copiasque
341 2056 461 2111 suas]
492 2057 531 2098 si
552 2072 601 2098 eo
630 2073 711 2099 non
739 2059 971 2100 contineret
993 2060 1144 2114 copias
1164 2075 1280 2100 suas.
1298 2084 1354 2088 —
1372 2059 1484 2101 Ibid.

79 2115 391 2168 pertimescere
440 2115 665 2155 adventum
714 2115 852 2170 regis]
910 2117 1134 2157 adrentum
1178 2118 1487 2171 pertimescere

86 2172 217 2228 regis.
232 2196 289 2201 —-
304 2172 415 2213 Ibid.
440 2172 552 2213 nihil
569 2178 643 2212 aut
663 2173 720 2213 iis
742 2168 816 2214 ant
836 2173 988 2228 sociis]
1018 2174 1130 2214 nihil
1151 2174 1219 2214 his
1247 2180 1321 2214 aut
1342 2175 1483 2215 sociis.

85 2229 272 2270 —lbid.
307 2229 491 2282 Rhodii]
531 2230 934 2271 Rhodiis—Ibid.
973 2232 1206 2272 omiserunt
1242 2230 1482 2286 consilium]

86 2286 212 2333 omni,
243 2292 338 2327 erat
369 2286 802 2342 consilium.—Cap.
833 2289 902 2328 531.
937 2289 993 2329 ab
1030 2288 1204 2342 Thebis]
1246 2288 1487 2329 Thebis.—

88 2341 197 2384 Ibid.
240 2344 371 2385 comis
409 2344 538 2384 amori
575 2359 628 2384 ac
669 2345 832 2394 liberis,
875 2360 980 2400 quos
1019 2346 1272 2401 superstites
1314 2345 1483 2400 habuit]

88 2414 264 2442 uxorem
305 2415 359 2441 ac
398 2401 558 2441 liberos
595 2408 780 2455 quatuor
818 2403 1074 2457 superstites
1113 2403 1278 2444 habuit.
1295 2426 1354 2432 --
1372 2402 1483 2445 Ibid.

87 2457 158 2499 hic
189 2457 343 2512 statas]
379 2458 417 2498 is
448 2464 597 2498 statas.
617 2484 672 2489 —
690 2458 802 2500 Ibid.
831 2459 1052 2514 Culcham]
1091 2459 1483 2502 Colca1n.—Ibid.

91 2514 273 2569 Colcha]
320 2516 466 2556 Colca.
481 2539 539 2545 —-
556 2514 666 2556 Ibid.
709 2516 979 2570 Carmonem]
1028 2518 1280 2558 Cardoncm.
1300 2541 1355 2548 —
1373 2516 1482 2558 Ibid.

87 2571 130 2612 in
169 2573 385 2614 maritima
426 2587 504 2614 ora
547 2573 809 2623 Malacinos,
851 2576 1191 2630 heremumque,
1228 2574 1485 2615 Baeturiam

88 2643 261 2678 omnem,
283 2636 324 2671 et
347 2645 458 2685 quac
481 2631 661 2671 nondum
683 2632 847 2672 animos
872 2631 1143 2685 nudaverint]
1167 2637 1208 2672 et
1230 2632 1485 2672 maritimam

88 2700 206 2726 oram
246 2701 417 2733 omnem.
456 2702 568 2742 quae
607 2689 786 2729 nondum
827 2688 992 2729 animos
1032 2690 1284 2730 malai-erat.
1299 2688 1482 2729 -1bi‹l.

87 2744 430 2798 consurrectum]
467 2752 848 2786 consurrecturam.
868 2769 921 2776 —
939 2746 1046 2801 Cap.
1077 2749 1146 2787 92.
1183 2747 1228 2787 (J.
1254 2743 1484 2801 Asi-anius]

94 2799 143 2839 (Ι.
170 2798 394 2842 Urwnius.
412 2826 466 2832 —
488 2801 596 2842 Ibid.
625 2802 761 2848 Quum
789 2803 840 2848 Q.
864 2802 1105 2856 Minucius]
1143 2804 1364 2857 Quumque
1396 2802 1485 2842 Mi-

89 2855 452 2899 nucium—Ibid.
495 2865 534 2899 ct
581 2859 629 2899 C.
664 2860 908 2913 Cornelius]
956 2858 1394 2900 ('orn‹,’lius.—-lbid.
1435 2858 1482 2897 ('.
