1888 3194
387 177 469 216 284
643 173 794 216 ΤΙΤΙ
835 173 1014 216 LIVII
1057 172 1520 216 FRAGMENTA.

818 383 839 404 ³¹⁶
862 384 939 425 Ex
962 385 1035 425 lib.
1061 383 1335 425 CXXXIII.

444 493 590 534 Livius
622 494 760 543 refert,
789 493 1069 550 Cleopatram,
1096 509 1227 549 quum
1260 492 1312 534 ab
1334 493 1531 548 Augusto
1561 500 1684 548 capta
1713 492 1779 533 in·-

384 550 627 607 dulgentius
659 551 712 591 de
746 551 952 591 industria
984 559 1242 600 tractaretur,
1276 550 1415 591 dicere
1450 550 1639 591 solitam:
1678 551 1779 591 Non

384 609 693 664 triumplzabor.
721 609 1035 649 commentator
1061 609 1242 663 Cruqm'z‘
1271 610 1332 649 acl
1350 608 1513 649 Horat.
1538 608 1619 649 Od.
1643 608 1682 648 I.
1706 608 1776 649 37.

384 668 451 706 30.

852 892 930 932 Ex
953 892 1026 933 lib.
1050 892 1230 932 CXXX
1241 892 1313 932 VI.

444 1000 609 1042 Eodem
642 1016 753 1042 anno
785 1001 907 1042 ludos
937 1001 1168 1043 saeculares
1200 1003 1354 1043 Caesar
1383 1001 1547 1058 ingenti
1579 1009 1781 1058 apparatu

385 1059 510 1108 fecit3
559 1074 664 1115 quos
704 1059 934 1101 centesimo
970 1074 1140 1115 quoque
1181 1074 1292 1100 anno
1334 1059 1388 1115 (is
1428 1074 1541 1100 enim
1578 1059 1781 1100 terminus

386 1116 561 1170 saeculi)
593 1116 685 1157 fieri
718 1131 817 1157 mos.
887 1118 1104 1158 Censorz'n.
1131 1118 1182 1158 cle
1203 1118 1367 1159 DieN
1364 1124 1424 1159 α.ί
1451 1133 1547 1173 cap.
1575 1118 1641 1160 17.
1709 1117 1779 1172 Cf.

386 1175 650 1216 Freinshem.
670 1175 887 1229 Supplem.
907 1190 1004 1230 cap.
1022 1177 1090 1214 46.

445 1400 524 1441 Vir
554 1400 714 1456 ingenii
748 1400 889 1455 magni
923 1399 1066 1455 magis,
1090 1415 1217 1455 quam
1249 1400 1361 1441 boni.
1425 1401 1588 1443 Seneca
1621 1403 1673 1444 cle
1702 1403 1780 1444 Ira

413 1490 665 1563 'Profiteon
683 1514 824 1554 mirari
841 1529 920 1563 me,
940 1513 990 1554 Γ.
1007 1513 1192 1563 Livium,
1211 1522 1425 1555 auctorem
1446 1513 1780 1565 celeberrimum,

386 1573 431 1613 in
454 1571 736 1612 Historiarum
757 1586 938 1620 suarum,
961 1585 1065 1626 quas
1092 1570 1244 1627 repetit
1271 1571 1323 1613 ab
1344 1571 1504 1628 origine
1527 1571 1654 1622 urbis,
1676 1587 1782 1628 quo-

386 1629 484 1670 dam
504 1628 716 1669 volumine
748 1628 806 1668 sic
835 1643 1055 1669 exorsum:
1108 1627 1215 1669 Satis
1247 1628 1331 1669 iam
1361 1629 1439 1670 sibi
1469 1628 1624 1685 gloriae
1652 1644 1781 1686 quae-

387 1686 527 1735 situm,
549 1694 592 1727 et
611 1685 796 1741 potuisse
817 1701 859 1726 se
881 1685 1085 1735 desinere,
1108 1686 1152 1726 ni
1174 1686 1337 1727 animus
1358 1686 1523 1742 inquies
1542 1695 1782 1743 pasceretur

388 1758 527 1800 opere.
591 1744 798 1784 Plinius
784 1759 828 1784 m
850 1744 1051 1798 Pr.aegfat
1075 1745 1148 1785 lib.
1171 1744 1210 1786 Ι.
1232 1744 1354 1785 stt.
1376 1745 1485 1786 nat

445 1801 496 1841 T.
517 1800 663 1841 Livius
684 1815 731 1841 ac
754 1799 901 1865 Nepos
924 1799 1145 1842 Cornelius
1165 1800 1399 1841 latitudinis
1420 1800 1534 1857 (freti
1558 1799 1781 1856 Gaditani)

388 1858 664 1907 tradiderunt,
687 1857 759 1898 ubi
791 1858 941 1906 minus,
964 1866 1125 1913 septem
1156 1857 1286 1898 millia
1314 1873 1539 1914 passuum3
1578 1858 1651 1899 ubi
1680 1873 1780 1899 vero

385 1915 627 1971 plurimum,
669 1914 818 1955 decem
858 1915 999 1956 millia.
1063 1916 1232 1956 Plinius
1264 1916 1309 1956 in
1341 1916 1544 1971 Praefat.
1579 1916 1652 1958 lzb.
1682 1916 1779 1957 III.

386 1973 508 2013 Hist.
527 1974 635 2013 Nat.

445 2028 676 2084 Completis
697 2027 948 2069 consulibus.
1012 2030 1130 2069 Sere.
1152 2030 1212 2069 ad
1239 2029 1393 2084 Virgil.
1420 2029 1583 2084 Georg.
1602 2029 1696 2070 III.
1720 2030 1754 2070 l.

447 2085 588 2127 Verba
607 2093 717 2135 sunt,
735 2094 782 2126 ut
802 2085 1004 2126 habemus
1025 2085 1070 2125 in
1086 2084 1222 2135 Livio,
1240 2085 1502 2140 imperatoris
1524 2085 1779 2142 transfugam

386 2142 628 2198 recipientis
660 2142 703 2182 in
740 2142 893 2183 fidem:
944 2142 1150 2198 Quisquis
1180 2158 1238 2193 es,
1265 2149 1410 2184 noster
1435 2144 1534 2185 eris.
1568 2143 1688 2185 Serv.
1720 2145 1782 2185 ad

398 2201 549 2256 Virgil.
569 2201 676 2241 Aen.
701 2201 768 2241 II.
791 2204 885 2241 148.

445 2256 746 2312 Imperatorem
779 2272 846 2298 me
883 2265 1015 2298 mater
1053 2271 1158 2306 mea,
1198 2271 1283 2297 non
1319 2255 1564 2298 bellatorem
1600 2257 1775 2314 peperit.

387 2315 490 2355 Iloc
512 2315 731 2368 Scipionzs
753 2316 909 2355 dietum
930 2330 986 2355 ea:
1002 2315 1129 2355 Livio
1151 2315 1309 2369 afferre
1333 2315 1499 2355 videtur
1524 2315 1779 2357 Gallielmus

389 2372 789 2412 sslalmeshuriensis
809 2372 915 2413 Rer,
931 2372 1061 2427 Angl.
1082 2373 1154 2412 leb.
1172 2372 1237 2412 II.
1255 2387 1304 2426 p.
1327 2373 1419 2412 162.

447 2428 529 2468 Dic
561 2428 676 2477 mihi,
699 2443 831 2483 quum
858 2443 981 2483 saepe
1011 2443 1186 2469 numero
1212 2428 1256 2468 in
1280 2427 1482 2469 Romanis
1509 2427 1690 2469 historiis
1717 2427 1778 2469 le-

387 2493 521 2540 gatur,
552 2484 674 2526 Livio
702 2495 883 2534 auctore,
913 2485 1151 2541 saepissime
1186 2485 1231 2525 in
1263 2485 1340 2526 hac
1375 2486 1475 2526 urbe
1508 2493 1653 2526 exorta
1683 2499 1778 2541 pes-

390 2540 552 2581 tilentia
584 2542 748 2582 infinita
783 2542 1000 2583 hominum
1029 2542 1158 2583 millia
1185 2542 1424 2597 deperiisse,
1454 2551 1580 2598 atque
1613 2557 1664 2583 eo
1695 2541 1776 2583 fre-

387 2606 567 2653 quenter
583 2607 768 2648 ventum,
788 2608 833 2640 ut
849 2600 919 2640 vix
936 2609 1055 2649 esset,
1071 2599 1184 2640 unde
1201 2598 1281 2639 illis
1298 2599 1504 2640 bellicosis
1520 2599 1777 2663 temporibus

388 2655 596 2695 exercitus
624 2656 827 2709 potuisset
854 2657 1015 2706 ascribi,
1038 2657 1108 2697 illo
1138 2665 1323 2710 tempore
1346 2655 1426 2696 deo
1456 2665 1528 2697 tuo
1550 2655 1776 2696 Februario

388 2711 559 2752 minime
601 2711 829 2753 litabatur?
896 2715 968 2754 An
1009 2714 1135 2754 etiam
1176 2712 1313 2752 cultus
1353 2711 1421 2752 hic
1458 2712 1630 2752 omnino
1667 2711 1776 2752 nihil

387 2768 614 2824 proderat?
675 2767 753 2808 Illo
790 2777 975 2824 tempore
1012 2768 1262 2824 Lupercalia
1301 2784 1385 2809 non
1426 2768 1776 2810 celebrabantur?

387 2825 481 2866 Nec
509 2825 619 2866 enim
649 2824 836 2866 dicturus
863 2842 918 2874 cs,
942 2826 1044 2866 hacc
1072 2841 1187 2866 sacra
1214 2825 1350 2866 adhuc
1380 2825 1451 2866 illo
1474 2836 1660 2881 tempore
1689 2841 1774 2879 non

385 2883 583 2938 coepisse,
607 2897 713 2938 quac
742 2895 839 2923 amc
867 2883 1095 2924 Romulum
1127 2884 1177 2924 ab
1203 2882 1398 2924 Evandro
1427 2883 1468 2923 in
1494 2882 1657 2925 Italiam
1680 2898 1774 2939 per-
