1888 3194
374 178 1064 220 MANUSCRIPTORUM
1112 176 1302 222 LIVII.
1450 186 1534 225 425

142 267 302 318 maiori,
337 276 500 310 vetusto
535 267 632 308 satis
668 266 907 308 charactere
938 276 1144 316 exaratus,
1171 267 1246 308 sed
1271 268 1344 323 qui
1374 270 1534 311 ratione

140 323 340 366 bonitatis
367 323 568 366 Leidensi
599 324 726 379 priori
759 323 883 380 longe
915 323 1040 365 cedit.
1105 323 1236 365 Hunc
1267 324 1365 365 olim
1395 324 1535 367 Iustus

141 379 310 437 Lipsius
329 381 560 437 possedisse
579 381 766 421 videtur:
799 390 945 436 postea
960 381 1014 422 ad
1035 381 1190 422 Illustr.
1222 381 1534 423 Zulichemium

140 438 344 493 pervenit.
409 437 544 478 Cuius
573 437 762 494 supellex
791 438 957 479 libraria
984 453 1116 494 quum
1145 439 1339 480 auctione
1368 439 1537 494 publica

140 494 453 544 distraheretur,
476 510 573 536 eum
595 510 689 535 cum
719 495 911 551 plurimis
938 495 1029 536 aliis
1050 495 1189 545 Mstis,
1211 495 1417 552 imprimis
1437 511 1536 537 vero

140 566 235 592 cum
269 551 401 593 tribus
435 552 576 608 spissis
610 551 893 608 Epistularum
925 552 1221 608 Lipsianorum
1252 552 1537 594 voluminibus

139 617 284 664 postea
315 624 339 651 a
369 624 412 650 se
443 609 580 658 editis,
607 609 886 651 bibliothecae
910 609 1106 660 Batavae,
1130 625 1238 666 quae
1267 610 1426 651 Leidae
1460 619 1535 660 est,

138 665 294 707 coe’mit
327 665 640 708 Celeberrimus
672 666 954 709 Burmannus.
1021 667 1120 716 Quo
1150 667 1418 724 suffragante,
1446 667 1537 709 eius

139 723 385 764 excutiendi
414 723 654 765 facultatem
689 740 890 780 perquam
931 725 1134 766 benevole
1176 725 1280 765 mihi
1320 739 1537 766 concesse-

138 790 238 821 runt
275 780 545 822 Illustrissimi
585 781 812 823 Curatores
848 792 890 824 et
928 782 1189 838 Amplissimi
1227 782 1340 824 urbis
1376 782 1536 824 Leidac

142 837 363 880 Consules.

200 895 281 937 IX.
315 895 560 937 L11>smxsxs
592 906 653 937 est
687 896 821 937 codex
856 897 1211 947 membranaceus,
1245 897 1317 953 qui
1351 905 1538 938 servatur

141 951 308 1008 Lipsiae
343 953 385 993 in
421 953 673 995 bibliotheca
706 953 936 1003 Senatoria,
963 953 1121 1009 legibili
1155 955 1251 995 satis
1285 969 1424 1003 manu,
1451 955 1536 996 sive

139 1008 322 1064 eleganti
344 1010 461 1051 litera
481 1020 686 1060 exaratus,
709 1011 783 1052 scd
809 1010 949 1066 paullo
974 1011 1194 1060 recentior,
1217 1010 1282 1052 vel
1304 1027 1389 1053 non
1412 1011 1537 1052 nimis

139 1067 352 1122 antiquus,
390 1068 610 1108 continens
647 1083 804 1116 omnes,
842 1077 1007 1123 praeter
1041 1069 1230 1124 quinque
1274 1069 1534 1124 posteriores,

138 1122 277 1172 libros,
296 1124 652 1179 quemadmodum
673 1125 820 1165 Livius
841 1126 918 1165 sub
939 1125 1069 1165 initiis
1090 1126 1188 1166 artis
1211 1126 1536 1182 typographicae

139 1180 209 1221 edi
233 1180 403 1230 solebat,
438 1181 482 1221 id
513 1190 588 1230 est,
615 1181 910 1222 deficientibus
942 1182 1069 1222 etiam
1100 1181 1206 1223 libro
1240 1184 1463 1224 XXXIII.
1494 1192 1538 1224 et

139 1236 287 1278 ultima
314 1248 430 1294 parte
459 1237 552 1279 libri
578 1239 676 1280 XL.
701 1254 725 1279 a
746 1239 893 1294 capitis
918 1239 1021 1280 ΧΗ.
1047 1240 1078 1292 ξ.
1107 1242 1170 1280 16.
1195 1239 1331 1280 verbis
1352 1241 1537 1295 impone-

139 1302 279 1337 rer-ent
298 1297 587 1337 Macedoniae
605 1312 761 1352 regem,
781 1306 825 1336 ut
847 1296 1049 1337 Goetzius
1066 1305 1242 1338 testatur
1262 1297 1305 1337 in
1324 1296 1534 1353 Descript.

141 1350 342 1393 Biblioth.
375 1352 580 1408 Lipsiens.
615 1353 857 1394 Senatoriac
891 1369 932 1409 p.
963 1356 1029 1396 27.
1062 1354 1233 1410 iusuper
1262 1354 1435 1404 addens,
1468 1369 1539 1395 co-

139 1408 277 1450 dicem
303 1409 417 1450 huuc
443 1411 596 1466 primas
623 1410 761 1451 literas
788 1426 889 1451 auro
917 1426 964 1452 ac
987 1411 1144 1466 figuris,
1169 1427 1242 1468 pro
1271 1411 1430 1461 aetatis,
1454 1426 1539 1468 qua

140 1466 301 1508 effictae
342 1476 453 1516 sunt,
491 1467 675 1517 modulo,
710 1467 890 1524 fulgidas
930 1469 1164 1510 ostendere.
1229 1468 1314 1510 Hie
1354 1469 1535 1525 primum

141 1523 245 1564 mihi
278 1524 462 1565 innotuit
495 1540 548 1565 cx
580 1527 658 1567 τοῦ
689 1525 932 1581 μακαρίτου
964 1526 1099 1568 Cortii
1128 1526 1272 1576 literis,
1307 1527 1379 1582 qui
1413 1526 1538 1567 simul

141 1596 184 1622 se
206 1596 374 1622 omnem
397 1581 578 1637 lapidem
604 1592 814 1623 moturum
837 1583 1039 1638 promisit,
1063 1593 1108 1624 ut
1130 1584 1220 1625 eius
1241 1592 1440 1639 excerpta
1470 1599 1539 1624 ac-

141 1639 337 1695 ciperem.
403 1638 510 1679 Rem
549 1640 674 1680 ctiam
711 1640 963 1695 perfecisset,
1000 1641 1079 1681 nisi
1117 1641 1259 1682 invida
1295 1655 1404 1682 mors
1440 1656 1537 1682 eum

141 1711 226 1737 non
255 1696 356 1737 mihi
384 1696 528 1751 niagiS‚
551 1713 676 1752 quam
712 1697 903 1738 universo
935 1698 1022 1739 orbi
1050 1697 1214 1739 literato
1243 1698 1462 1739 immature
1495 1698 1539 1739 in

143 1753 233 1809 ipso
259 1754 405 1794 aetatis
427 1754 526 1795 flore
556 1755 860 1810 praeripuisset.
926 1755 977 1796 Ei
999 1755 1200 1796 defuneto
1229 1770 1326 1796 mox
1358 1755 1538 1811 benigne

142 1811 338 1852 successit
372 1810 450 1851 Vir
485 1811 752 1852 Clarissimus
786 1812 957 1853 Paullus
994 1812 1148 1853 Daniel
1186 1812 1430 1868 Longolius,
1465 1813 1538 1868 qui

143 1868 278 1923 primo
327 1869 541 1924 specimen
593 1869 796 1917 submisit,
847 1870 957 1910 uude
1001 1870 1145 1919 didici,
1191 1870 1378 1911 codicem
1426 1870 1539 1910 huuc

144 1925 369 1965 maximam
392 1935 551 1981 partem
576 1927 800 1966 convenire
826 1927 1043 1967 (iebliardi
1066 1927 1258 1968 Palatino
1281 1928 1439 1983 primo;
1469 1928 1538 1968 cui

142 1992 184 2023 ct
209 1981 462 2024 Gebhardus
484 1993 526 2023 et
552 1983 579 2023 Ι.
609 1983 670 2023 Fr.
695 1983 935 2024 Gronovius
962 1983 1074 2025 haud
1097 1994 1346 2040 postremam
1370 1984 1539 2025 laudem

144 2039 390 2081 tribuerunt.
455 2040 526 2080 Ad
564 2040 656 2080 libri
700 2040 827 2096 igitur
867 2040 1134 2082 collationem
1176 2057 1264 2083 sese
1301 2042 1538 2097 accingens,

142 2106 341 2153 quattuor
386 2097 571 2153 priorum
620 2097 819 2138 librorum
867 2107 1067 2154 excerpta
1111 2099 1315 2139 submisit.
1378 2098 1539 2140 Verum

142 2169 273 2210 quum
298 2154 471 2195 ulterius
493 2170 665 2210 pergere
688 2165 922 2204 conaretur,
946 2156 1154 2211 qrmcdam
1182 2156 1390 2212 insperata
1412 2156 1540 2197 iuter-

142 2226 307 2261 venere,
330 2228 437 2267 quae
463 2214 706 2261 effecerunt,
733 2222 778 2253 ut
806 2213 1029 2254 subsistere
1059 2223 1227 2255 coactus
1248 2213 1374 2255 fidem
1398 2213 1539 2254 datam

143 2268 317 2310 liberare
340 2284 424 2309 non
447 2270 642 2325 potuerit.
710 2270 854 2317 Quum
886 2270 1013 2326 igitur
1041 2286 1115 2326 per
1136 2286 1233 2312 eum
1257 2286 1341 2311 non
1365 2271 1540 2320 steterit,

142 2342 228 2382 quo
263 2326 401 2366 miuus
435 2327 586 2381 integri
621 2327 777 2368 codicis
808 2327 1016 2368 variantes
1048 2328 1249 2369 lectiones
1280 2328 1432 2369 habere
1467 2343 1540 2384 po·

144 2383 307 2433 tuerim,
337 2399 470 2439 acque
506 2399 571 2425 me
606 2384 681 2440 ipsi
717 2385 961 2426 obstrictum
996 2401 1190 2441 agnosco,
1223 2401 1269 2427 ac
1303 2385 1336 2426 si
1368 2401 1454 2426 rem
1487 2400 1539 2426 cx

142 2450 239 2482 voto
260 2441 520 2482 confecisset.

204 2499 258 2539 X.
294 2498 584 2539 Low-:numm
621 2498 792 2539 Pium-s
827 2509 886 2540 est
927 2499 1060 2540 codex
1103 2500 1329 2541 admodum
1373 2501 1539 2556 spissus,

142 2555 297 2596 formae
333 2556 513 2605 maioris,
538 2572 621 2596 nou
656 2566 816 2597 tautum
851 2557 1042 2612 primam,
1065 2557 1138 2598 sed
1172 2558 1342 2614 iusuper
1375 2558 1538 2598 tertiam

143 2627 190 2653 ac
223 2623 413 2669 quartam
447 2613 626 2654 decadas
664 2613 861 2654 librorum
902 2614 1011 2655 Livii
1047 2615 1281 2664 continens,
1316 2615 1540 2656 deficiente

145 2678 285 2710 tamen
308 2670 411 2712 libro
437 2671 660 2712 XXXlll.
686 2681 728 2712 et
751 2671 896 2712 ultima
918 2681 1034 2727 parte
1057 2671 1149 2713 libri
1176 2673 1273 2713 Xl..
1298 2672 1475 2727 scriptus
1498 2672 1538 2711 iu

144 2740 398 2822 pergameno
441 2728 676 2783 pu1·issimo‚
714 2728 901 2784 ‹pialibet
939 2729 1028 2770 eius
1065 2730 1217 2785 pagiua
1254 2730 1294 2770 iu
1333 2729 1436 2770 duas
1471 2745 1540 2769 eo-

163 2797 309 2823 umnas
344 2784 488 2833 divisa,
527 2794 568 2825 ct
605 2800 688 2825 nou
728 2795 888 2826 tautum
929 2787 969 2826 iu
1012 2787 1225 2842 superiore
1267 2797 1309 2827 ct
1346 2785 1539 2826 inferiore

145 2839 348 2895 cuiusque
381 2850 510 2896 parte,
535 2857 677 2882 verum
711 2843 835 2883 ctiam
869 2843 908 2883 in
942 2843 1177 2892 interstitio,
1203 2844 1310 2883 iuter
1337 2843 1441 2883 duas
1470 2857 1540 2896 pa-

146 2896 335 2946 ginarum
358 2897 573 2938 columnas
596 2899 747 2947 medio,
767 2900 938 2954 picturis
959 2909 1171 2941 exornata.
1241 2900 1366 2940 Ηυιιιι
1390 2899 1538 2939 librum
