<?xml version="1.0" encoding="UTF-8"?>
<!DOCTYPE html PUBLIC "-//W3C//DTD XHTML 1.0 Transitional//EN"
    "http://www.w3.org/TR/xhtml1/DTD/xhtml1-transitional.dtd">
<html xmlns="http://www.w3.org/1999/xhtml" xml:lang="en" lang="en">
 <head>
  <title>
</title>
<meta http-equiv="Content-Type" content="text/html;charset=utf-8" />
  <meta name='ocr-system' content='tesseract 3.04.00' />
  <meta name='ocr-capabilities' content='ocr_page ocr_carea ocr_par ocr_line ocrx_word'/>
</head>
<body>
  <div class='ocr_page' id='page_1' title='image "./historiarumli04livyuoft/historiarumli04livyuoft_0154.png"; bbox 0 0 1888 3194; ppageno 0'>
   <div class='ocr_carea' id='block_1_1' title="bbox 155 295 353 370">
    <p class='ocr_par' dir='ltr' id='par_1_1' title="bbox 155 295 353 370">
     <span class='ocr_line' id='line_1_1' title="bbox 156 295 350 335; baseline 0 -8"><span class='ocrx_word' id='word_1_1' title='bbox 156 295 201 327; x_wconf 94' lang='lat' dir='ltr'><strong>U.</strong></span> <span class='ocrx_word' id='word_1_2' title='bbox 218 295 256 327; x_wconf 89' lang='lat' dir='ltr'><strong>C.</strong></span> <span class='ocrx_word' id='word_1_3' title='bbox 279 295 350 335; x_wconf 81' lang='lat'><strong>584.</strong></span> 
     </span>
     <span class='ocr_line' id='line_1_2' title="bbox 155 337 353 370; baseline 0.005 -1"><span class='ocrx_word' id='word_1_4' title='bbox 155 338 196 369; x_wconf 91' lang='lat' dir='ltr'><strong>A.</strong></span> <span class='ocrx_word' id='word_1_5' title='bbox 220 338 259 370; x_wconf 86' lang='lat' dir='ltr'><strong>C.</strong></span> <span class='ocrx_word' id='word_1_6' title='bbox 284 337 353 370; x_wconf 89' lang='lat'>168.</span> 
     </span>
    </p>
   </div>
   <div class='ocr_carea' id='block_1_2' title="bbox 221 1823 287 1861">
    <p class='ocr_par' dir='ltr' id='par_1_2' title="bbox 221 1823 287 1861">
     <span class='ocr_line' id='line_1_3' title="bbox 221 1823 287 1861; baseline 0.015 -1"><span class='ocrx_word' id='word_1_7' title='bbox 221 1823 287 1861; x_wconf 84' lang='lat'><strong>25.</strong></span> 
     </span>
    </p>
   </div>
   <div class='ocr_carea' id='block_1_3' title="bbox 154 1877 340 2078">
    <p class='ocr_par' dir='ltr' id='par_1_3' title="bbox 154 1877 340 2078">
     <span class='ocr_line' id='line_1_4' title="bbox 158 1877 316 1913; baseline 0.013 -6"><span class='ocrx_word' id='word_1_8' title='bbox 158 1877 249 1913; x_wconf 81' lang='lat' dir='ltr'><strong>Quid</strong></span> <span class='ocrx_word' id='word_1_9' title='bbox 265 1888 316 1908; x_wconf 85' lang='lat' dir='ltr'><strong>ac-</strong></span> 
     </span>
     <span class='ocr_line' id='line_1_5' title="bbox 156 1920 337 1950; baseline 0 0"><span class='ocrx_word' id='word_1_10' title='bbox 156 1924 225 1950; x_wconf 90' lang='lat' dir='ltr'><strong>tum</strong></span> <span class='ocrx_word' id='word_1_11' title='bbox 242 1920 337 1950; x_wconf 86' lang='lat' dir='ltr'><strong>fuerit</strong></span> 
     </span>
     <span class='ocr_line' id='line_1_6' title="bbox 154 1962 330 1993; baseline 0.006 -1"><span class='ocrx_word' id='word_1_12' title='bbox 154 1962 238 1992; x_wconf 89' lang='lat' dir='ltr'><strong>inter</strong></span> <span class='ocrx_word' id='word_1_13' title='bbox 255 1963 330 1993; x_wconf 90' lang='lat' dir='ltr'><strong>Per-</strong></span> 
     </span>
     <span class='ocr_line' id='line_1_7' title="bbox 157 2005 340 2035; baseline 0.011 -2"><span class='ocrx_word' id='word_1_14' title='bbox 157 2014 212 2034; x_wconf 87' lang='lat' dir='ltr'><strong>sea</strong></span> <span class='ocrx_word' id='word_1_15' title='bbox 227 2008 259 2034; x_wconf 87' lang='lat' dir='ltr'><strong>et</strong></span> <span class='ocrx_word' id='word_1_16' title='bbox 275 2005 340 2035; x_wconf 84' lang='lat' dir='ltr'><strong>Eu-</strong></span> 
     </span>
     <span class='ocr_line' id='line_1_8' title="bbox 156 2056 295 2078; baseline 0.014 -2"><span class='ocrx_word' id='word_1_17' title='bbox 156 2056 295 2078; x_wconf 88' lang='lat' dir='ltr'><strong>menem.</strong></span> 
     </span>
    </p>
   </div>
   <div class='ocr_carea' id='block_1_4' title="bbox 363 204 1244 250">
    <p class='ocr_par' dir='ltr' id='par_1_4' title="bbox 363 204 1244 250">
     <span class='ocr_line' id='line_1_9' title="bbox 363 204 1244 250; baseline -0.002 -1"><span class='ocrx_word' id='word_1_18' title='bbox 363 211 443 250; x_wconf 82' lang='lat'><strong>142</strong></span> <span class='ocrx_word' id='word_1_19' title='bbox 874 205 1024 248; x_wconf 92' lang='grc' dir='ltr'><strong>ΤΙΤΙ</strong></span> <span class='ocrx_word' id='word_1_20' title='bbox 1067 204 1244 248; x_wconf 89' lang='lat' dir='ltr'>LIVII</span> 
     </span>
    </p>
   </div>
   <div class='ocr_carea' id='block_1_5' title="bbox 365 294 1790 2287">
    <p class='ocr_par' dir='ltr' id='par_1_5' title="bbox 365 294 1790 2287">
     <span class='ocr_line' id='line_1_10' title="bbox 365 294 1754 353; baseline -0.002 -15"><span class='ocrx_word' id='word_1_21' title='bbox 365 302 377 321; x_wconf 86' lang='lat'>‘</span> <span class='ocrx_word' id='word_1_22' title='bbox 392 297 458 347; x_wconf 88' lang='lat' dir='ltr'><strong>sit,</strong></span> <span class='ocrx_word' id='word_1_23' title='bbox 480 311 627 353; x_wconf 89' lang='lat' dir='ltr'><strong>regum</strong></span> <span class='ocrx_word' id='word_1_24' title='bbox 647 296 805 338; x_wconf 89' lang='lat' dir='ltr'><strong>viribus</strong></span> <span class='ocrx_word' id='word_1_25' title='bbox 824 311 944 352; x_wconf 87' lang='lat' dir='ltr'><strong>reges</strong></span> <span class='ocrx_word' id='word_1_26' title='bbox 963 311 1217 352; x_wconf 85' lang='lat' dir='ltr'><strong>oppugnare.</strong></span> <span class='ocrx_word' id='word_1_27' title='bbox 1281 294 1428 336; x_wconf 92' lang='lat' dir='ltr'><strong>Attalo</strong></span> <span class='ocrx_word' id='word_1_28' title='bbox 1455 294 1658 343; x_wconf 86' lang='lat' dir='ltr'><strong>adiutore,</strong></span> <span class='ocrx_word' id='word_1_29' title='bbox 1679 308 1754 350; x_wconf 89' lang='lat' dir='ltr'><strong>pa-</strong></span> 
     </span>
     <span class='ocr_line' id='line_1_11' title="bbox 367 351 1754 409; baseline -0.003 -14"><span class='ocrx_word' id='word_1_30' title='bbox 367 359 379 378; x_wconf 85' lang='lat'><em>‘</em></span> <span class='ocrx_word' id='word_1_31' title='bbox 395 363 501 396; x_wconf 91' lang='lat' dir='ltr'><strong>trem</strong></span> <span class='ocrx_word' id='word_1_32' title='bbox 521 369 644 395; x_wconf 88' lang='lat' dir='ltr'><strong>suum</strong></span> <span class='ocrx_word' id='word_1_33' title='bbox 665 369 931 409; x_wconf 89' lang='lat' dir='ltr'><strong>oppressum:</strong></span> <span class='ocrx_word' id='word_1_34' title='bbox 962 353 1156 395; x_wconf 84' lang='lat' dir='ltr'><strong>Eumene</strong></span> <span class='ocrx_word' id='word_1_35' title='bbox 1177 352 1416 402; x_wconf 89' lang='lat' dir='ltr'><strong>adiuvante,</strong></span> <span class='ocrx_word' id='word_1_36' title='bbox 1434 360 1476 393; x_wconf 91' lang='lat' dir='ltr'><strong>et</strong></span> <span class='ocrx_word' id='word_1_37' title='bbox 1496 351 1678 407; x_wconf 90' lang='lat' dir='ltr'><strong>quadam</strong></span> <span class='ocrx_word' id='word_1_38' title='bbox 1699 365 1754 392; x_wconf 84' lang='lat' dir='ltr'><strong>ex</strong></span> 
     </span>
     <span class='ocr_line' id='line_1_12' title="bbox 367 409 1751 467; baseline -0.003 -15"><span class='ocrx_word' id='word_1_39' title='bbox 367 417 510 467; x_wconf 87' lang='lat' dir='ltr'><strong>‘parte</strong></span> <span class='ocrx_word' id='word_1_40' title='bbox 538 411 663 452; x_wconf 91' lang='lat' dir='ltr'><strong>etiam</strong></span> <span class='ocrx_word' id='word_1_41' title='bbox 684 411 884 466; x_wconf 91' lang='lat' dir='ltr'><strong>Philippo</strong></span> <span class='ocrx_word' id='word_1_42' title='bbox 904 419 1021 466; x_wconf 89' lang='lat' dir='ltr'><strong>patre</strong></span> <span class='ocrx_word' id='word_1_43' title='bbox 1049 425 1137 459; x_wconf 85' lang='lat' dir='ltr'><strong>suo,</strong></span> <span class='ocrx_word' id='word_1_44' title='bbox 1162 409 1424 450; x_wconf 84' lang='lat' dir='ltr'>Antiochum</span> <span class='ocrx_word' id='word_1_45' title='bbox 1449 416 1751 464; x_wconf 88' lang='lat' dir='ltr'><strong>oppugnatum.</strong></span> 
     </span>
     <span class='ocr_line' id='line_1_13' title="bbox 367 463 1755 509; baseline -0.003 0"><span class='ocrx_word' id='word_1_46' title='bbox 367 474 379 493; x_wconf 79' lang='lat'><strong><em>⁶</em></strong></span> <span class='ocrx_word' id='word_1_47' title='bbox 395 468 447 509; x_wconf 83' lang='lat' dir='ltr'><strong>In</strong></span> <span class='ocrx_word' id='word_1_48' title='bbox 463 483 505 509; x_wconf 89' lang='lat' dir='ltr'><strong>se</strong></span> <span class='ocrx_word' id='word_1_49' title='bbox 523 482 636 509; x_wconf 91' lang='lat' dir='ltr'><strong>nunc</strong></span> <span class='ocrx_word' id='word_1_50' title='bbox 653 476 696 508; x_wconf 91' lang='lat' dir='ltr'><strong>et</strong></span> <span class='ocrx_word' id='word_1_51' title='bbox 708 467 945 508; x_wconf 86' lang='lat' dir='ltr'><strong>Eumenem</strong></span> <span class='ocrx_word' id='word_1_52' title='bbox 962 476 1004 508; x_wconf 91' lang='lat' dir='ltr'><strong>et</strong></span> <span class='ocrx_word' id='word_1_53' title='bbox 1020 466 1210 507; x_wconf 86' lang='lat' dir='ltr'><strong>Prusiam</strong></span> <span class='ocrx_word' id='word_1_54' title='bbox 1227 474 1406 507; x_wconf 90' lang='lat' dir='ltr'><strong>armatos</strong></span> <span class='ocrx_word' id='word_1_55' title='bbox 1426 480 1526 507; x_wconf 86' lang='lat' dir='ltr'><strong>esse.</strong></span> <span class='ocrx_word' id='word_1_56' title='bbox 1592 464 1636 506; x_wconf 88' lang='lat' dir='ltr'><strong>Si</strong></span> <span class='ocrx_word' id='word_1_57' title='bbox 1657 463 1755 505; x_wconf 89' lang='lat' dir='ltr'><strong>Ma-</strong></span> 
     </span>
     <span class='ocr_line' id='line_1_14' title="bbox 367 522 1752 580; baseline -0.003 -14"><span class='ocrx_word' id='word_1_58' title='bbox 367 531 379 549; x_wconf 86' lang='lat'>‘</span> <span class='ocrx_word' id='word_1_59' title='bbox 394 525 594 566; x_wconf 88' lang='lat' dir='ltr'><strong>cedoniae</strong></span> <span class='ocrx_word' id='word_1_60' title='bbox 623 539 801 580; x_wconf 87' lang='lat' dir='ltr'><strong>regnum</strong></span> <span class='ocrx_word' id='word_1_61' title='bbox 828 524 1038 565; x_wconf 88' lang='lat' dir='ltr'><strong>sublatum</strong></span> <span class='ocrx_word' id='word_1_62' title='bbox 1061 523 1180 572; x_wconf 86' lang='lat' dir='ltr'><strong>foret,</strong></span> <span class='ocrx_word' id='word_1_63' title='bbox 1202 523 1436 578; x_wconf 82' lang='lat' dir='ltr'><strong>proximam</strong></span> <span class='ocrx_word' id='word_1_64' title='bbox 1458 522 1603 563; x_wconf 85' lang='lat' dir='ltr'><strong>Asiam</strong></span> <span class='ocrx_word' id='word_1_65' title='bbox 1636 535 1752 570; x_wconf 83' lang='lat' dir='ltr'><strong>esse3</strong></span> 
     </span>
     <span class='ocr_line' id='line_1_15' title="bbox 367 578 1754 638; baseline -0.003 -16"><span class='ocrx_word' id='word_1_66' title='bbox 367 588 520 638; x_wconf 90' lang='lat' dir='ltr'><strong>‘quam</strong></span> <span class='ocrx_word' id='word_1_67' title='bbox 548 582 631 622; x_wconf 90' lang='lat' dir='ltr'><strong>iam</strong></span> <span class='ocrx_word' id='word_1_68' title='bbox 662 596 715 622; x_wconf 85' lang='lat' dir='ltr'><strong>ex</strong></span> <span class='ocrx_word' id='word_1_69' title='bbox 744 590 875 636; x_wconf 87' lang='lat' dir='ltr'><strong>parte,</strong></span> <span class='ocrx_word' id='word_1_70' title='bbox 897 581 974 621; x_wconf 90' lang='lat' dir='ltr'><strong>sub</strong></span> <span class='ocrx_word' id='word_1_71' title='bbox 1005 580 1142 635; x_wconf 90' lang='lat' dir='ltr'><strong>specie</strong></span> <span class='ocrx_word' id='word_1_72' title='bbox 1170 579 1479 620; x_wconf 84' lang='lat' dir='ltr'><strong>liberandarum</strong></span> <span class='ocrx_word' id='word_1_73' title='bbox 1509 578 1754 627; x_wconf 85' lang='lat' dir='ltr'><strong>civitatium,</strong></span> 
     </span>
     <span class='ocr_line' id='line_1_16' title="bbox 367 634 1756 692; baseline -0.003 -13"><span class='ocrx_word' id='word_1_74' title='bbox 367 644 513 679; x_wconf 87' lang='lat' dir='ltr'><strong>‘suam</strong></span> <span class='ocrx_word' id='word_1_75' title='bbox 547 638 748 679; x_wconf 86' lang='lat' dir='ltr'><strong>fecerint:</strong></span> <span class='ocrx_word' id='word_1_76' title='bbox 793 637 948 677; x_wconf 90' lang='lat' dir='ltr'><strong>deinde</strong></span> <span class='ocrx_word' id='word_1_77' title='bbox 987 636 1161 692; x_wconf 85' lang='lat' dir='ltr'><strong>Syriam.</strong></span> <span class='ocrx_word' id='word_1_78' title='bbox 1224 636 1314 676; x_wconf 90' lang='lat' dir='ltr'><strong>Iam</strong></span> <span class='ocrx_word' id='word_1_79' title='bbox 1346 635 1537 677; x_wconf 85' lang='lat' dir='ltr'><strong>Prusiam</strong></span> <span class='ocrx_word' id='word_1_80' title='bbox 1572 634 1756 676; x_wconf 89' lang='lat' dir='ltr'><strong>Eumeni</strong></span> 
     </span>
     <span class='ocr_line' id='line_1_17' title="bbox 368 691 1756 750; baseline -0.003 -14"><span class='ocrx_word' id='word_1_81' title='bbox 368 696 553 736; x_wconf 89' lang='lat' dir='ltr'><strong>‘honore</strong></span> <span class='ocrx_word' id='word_1_82' title='bbox 584 694 794 750; x_wconf 87' lang='lat' dir='ltr'><strong>praeferri,</strong></span> <span class='ocrx_word' id='word_1_83' title='bbox 816 694 899 734; x_wconf 90' lang='lat' dir='ltr'><strong>iam</strong></span> <span class='ocrx_word' id='word_1_84' title='bbox 922 692 1184 734; x_wconf 86' lang='lat' dir='ltr'><strong>Antiochum</strong></span> <span class='ocrx_word' id='word_1_85' title='bbox 1212 692 1412 733; x_wconf 85' lang='lat' dir='ltr'><strong>victorem</strong></span> <span class='ocrx_word' id='word_1_86' title='bbox 1443 692 1628 747; x_wconf 89' lang='lat' dir='ltr'><strong>praemio</strong></span> <span class='ocrx_word' id='word_1_87' title='bbox 1656 691 1756 733; x_wconf 90' lang='lat' dir='ltr'><strong>belli</strong></span> 
     </span>
     <span class='ocr_line' id='line_1_18' title="bbox 367 749 1754 807; baseline -0.003 -14"><span class='ocrx_word' id='word_1_88' title='bbox 367 758 379 776; x_wconf 90' lang='lat'>‘</span> <span class='ocrx_word' id='word_1_89' title='bbox 395 753 446 793; x_wconf 88' lang='lat' dir='ltr'><strong>ab</strong></span> <span class='ocrx_word' id='word_1_90' title='bbox 470 753 668 807; x_wconf 88' lang='lat' dir='ltr'><strong>Aegypto</strong></span> <span class='ocrx_word' id='word_1_91' title='bbox 689 751 830 791; x_wconf 89' lang='lat' dir='ltr'><strong>arceri.</strong></span> <span class='ocrx_word' id='word_1_92' title='bbox 894 749 1013 790; x_wconf 90' lang='lat' dir='ltr'><strong>Haec</strong></span> <span class='ocrx_word' id='word_1_93' title='bbox 1034 749 1287 804; x_wconf 80' lang='lat' dir='ltr'><strong>cogitantem</strong></span> <span class='ocrx_word' id='word_1_94' title='bbox 1313 749 1550 803; x_wconf 89' lang='lat' dir='ltr'><strong>providere’</strong></span> <span class='ocrx_word' id='word_1_95' title='bbox 1570 749 1754 797; x_wconf 88' lang='lat' dir='ltr'><strong>iubebat,</strong></span> 
     </span>
     <span class='ocr_line' id='line_1_19' title="bbox 368 805 1754 863; baseline -0.004 -13"><span class='ocrx_word' id='word_1_96' title='bbox 368 815 381 833; x_wconf 87' lang='lat'>‘</span> <span class='ocrx_word' id='word_1_97' title='bbox 396 817 442 850; x_wconf 92' lang='lat' dir='ltr'><strong>ut</strong></span> <span class='ocrx_word' id='word_1_98' title='bbox 463 817 535 849; x_wconf 84' lang='lat' dir='ltr'><strong>aut</strong></span> <span class='ocrx_word' id='word_1_99' title='bbox 559 809 612 848; x_wconf 90' lang='lat' dir='ltr'><strong>ad</strong></span> <span class='ocrx_word' id='word_1_100' title='bbox 636 822 782 863; x_wconf 87' lang='lat' dir='ltr'><strong>pacem</strong></span> <span class='ocrx_word' id='word_1_101' title='bbox 810 821 951 847; x_wconf 89' lang='lat' dir='ltr'><strong>secum</strong></span> <span class='ocrx_word' id='word_1_102' title='bbox 972 805 1207 847; x_wconf 88' lang='lat' dir='ltr'><strong>faciendam</strong></span> <span class='ocrx_word' id='word_1_103' title='bbox 1235 805 1504 861; x_wconf 89' lang='lat' dir='ltr'><strong>compelleret</strong></span> <span class='ocrx_word' id='word_1_104' title='bbox 1526 805 1754 854; x_wconf 84' lang='lat' dir='ltr'><strong>Romanos,</strong></span> 
     </span>
     <span class='ocr_line' id='line_1_20' title="bbox 369 861 1757 920; baseline -0.003 -14"><span class='ocrx_word' id='word_1_105' title='bbox 369 871 468 906; x_wconf 89' lang='lat' dir='ltr'><strong>‘aut</strong></span> <span class='ocrx_word' id='word_1_106' title='bbox 507 872 818 920; x_wconf 88' lang='lat' dir='ltr'><strong>perseverantes</strong></span> <span class='ocrx_word' id='word_1_107' title='bbox 858 863 903 903; x_wconf 92' lang='lat' dir='ltr'><strong>in</strong></span> <span class='ocrx_word' id='word_1_108' title='bbox 947 862 1057 903; x_wconf 91' lang='lat' dir='ltr'><strong>bello</strong></span> <span class='ocrx_word' id='word_1_109' title='bbox 1104 862 1259 903; x_wconf 85' lang='lat' dir='ltr'><strong>iniusto</strong></span> <span class='ocrx_word' id='word_1_110' title='bbox 1299 877 1543 903; x_wconf 89' lang='lat' dir='ltr'><strong>communes</strong></span> <span class='ocrx_word' id='word_1_111' title='bbox 1583 861 1757 903; x_wconf 89' lang='lat' dir='ltr'><strong>duceret</strong></span> 
     </span>
     <span class='ocr_line' id='line_1_21' title="bbox 367 918 1758 976; baseline -0.002 -14"><span class='ocrx_word' id='word_1_112' title='bbox 367 929 380 946; x_wconf 88' lang='lat'>‘</span> <span class='ocrx_word' id='word_1_113' title='bbox 395 922 584 963; x_wconf 90' lang='lat' dir='ltr'><strong>omnium</strong></span> <span class='ocrx_word' id='word_1_114' title='bbox 609 935 756 976; x_wconf 90' lang='lat' dir='ltr'><strong>regum</strong></span> <span class='ocrx_word' id='word_1_115' title='bbox 780 920 946 961; x_wconf 62' lang='lat' dir='ltr'><strong>hostes?</strong></span> <span class='ocrx_word' id='word_1_116' title='bbox 1005 919 1078 960; x_wconf 93' lang='lat' dir='ltr'><strong>Ad</strong></span> <span class='ocrx_word' id='word_1_117' title='bbox 1100 919 1361 960; x_wconf 85' lang='lat' dir='ltr'><strong>Antiochum</strong></span> <span class='ocrx_word' id='word_1_118' title='bbox 1390 927 1533 975; x_wconf 88' lang='lat' dir='ltr'><strong>aperta</strong></span> <span class='ocrx_word' id='word_1_119' title='bbox 1559 918 1758 960; x_wconf 86' lang='lat' dir='ltr'><strong>mandata</strong></span> 
     </span>
     <span class='ocr_line' id='line_1_22' title="bbox 366 975 1757 1033; baseline -0.003 -13"><span class='ocrx_word' id='word_1_120' title='bbox 366 987 498 1028; x_wconf 86' lang='lat' dir='ltr'><strong>erant,</strong></span> <span class='ocrx_word' id='word_1_121' title='bbox 516 978 569 1019; x_wconf 90' lang='lat' dir='ltr'><strong>ad</strong></span> <span class='ocrx_word' id='word_1_122' title='bbox 588 977 825 1018; x_wconf 86' lang='lat' dir='ltr'><strong>Eumenem</strong></span> <span class='ocrx_word' id='word_1_123' title='bbox 845 992 921 1033; x_wconf 88' lang='lat' dir='ltr'><strong>per</strong></span> <span class='ocrx_word' id='word_1_124' title='bbox 940 976 1122 1032; x_wconf 87' lang='lat' dir='ltr'><strong>speciem</strong></span> <span class='ocrx_word' id='word_1_125' title='bbox 1140 976 1397 1032; x_wconf 90' lang='lat' dir='ltr'><strong>captivorum</strong></span> <span class='ocrx_word' id='word_1_126' title='bbox 1414 975 1757 1017; x_wconf 90' lang='lat' dir='ltr'><strong>redimendorum</strong></span> 
     </span>
     <span class='ocr_line' id='line_1_23' title="bbox 366 1032 1755 1091; baseline -0.003 -14"><span class='ocrx_word' id='word_1_127' title='bbox 366 1036 513 1077; x_wconf 90' lang='lat' dir='ltr'><strong>missus</strong></span> <span class='ocrx_word' id='word_1_128' title='bbox 533 1035 695 1091; x_wconf 87' lang='lat' dir='ltr'><strong>legatus</strong></span> <span class='ocrx_word' id='word_1_129' title='bbox 716 1043 829 1075; x_wconf 87' lang='lat' dir='ltr'><strong>erat:</strong></span> <span class='ocrx_word' id='word_1_130' title='bbox 862 1049 1008 1075; x_wconf 85' lang='lat' dir='ltr'><strong>verum</strong></span> <span class='ocrx_word' id='word_1_131' title='bbox 1035 1033 1261 1074; x_wconf 86' lang='lat' dir='ltr'><strong>occultiora</strong></span> <span class='ocrx_word' id='word_1_132' title='bbox 1280 1032 1487 1088; x_wconf 86' lang='lat' dir='ltr'><strong>quaedam</strong></span> <span class='ocrx_word' id='word_1_133' title='bbox 1512 1033 1755 1089; x_wconf 82' lang='lat' dir='ltr'><strong>agebantur,</strong></span> 
     </span>
     <span class='ocr_line' id='line_1_24' title="bbox 366 1090 1757 1148; baseline -0.003 -14"><span class='ocrx_word' id='word_1_134' title='bbox 366 1108 474 1148; x_wconf 91' lang='lat' dir='ltr'><strong>quae</strong></span> <span class='ocrx_word' id='word_1_135' title='bbox 496 1093 540 1133; x_wconf 93' lang='lat' dir='ltr'><strong>in</strong></span> <span class='ocrx_word' id='word_1_136' title='bbox 561 1092 797 1148; x_wconf 85' lang='lat' dir='ltr'><strong>praesentia</strong></span> <span class='ocrx_word' id='word_1_137' title='bbox 817 1091 997 1132; x_wconf 90' lang='lat' dir='ltr'><strong>invisum</strong></span> <span class='ocrx_word' id='word_1_138' title='bbox 1019 1090 1191 1146; x_wconf 90' lang='lat' dir='ltr'><strong>quidem</strong></span> <span class='ocrx_word' id='word_1_139' title='bbox 1221 1100 1264 1131; x_wconf 88' lang='lat' dir='ltr'><strong>et</strong></span> <span class='ocrx_word' id='word_1_140' title='bbox 1290 1098 1529 1146; x_wconf 89' lang='lat' dir='ltr'><strong>suspectum</strong></span> <span class='ocrx_word' id='word_1_141' title='bbox 1554 1090 1757 1131; x_wconf 88' lang='lat' dir='ltr'><strong>Romanis</strong></span> 
     </span>
     <span class='ocr_line' id='line_1_25' title="bbox 368 1147 1790 1204; baseline -0.004 -13"><span class='ocrx_word' id='word_1_142' title='bbox 368 1150 605 1191; x_wconf 89' lang='lat' dir='ltr'><strong>Eumenem</strong></span> <span class='ocrx_word' id='word_1_143' title='bbox 635 1148 747 1189; x_wconf 86' lang='lat' dir='ltr'><strong>falsis</strong></span> <span class='ocrx_word' id='word_1_144' title='bbox 776 1148 1033 1204; x_wconf 88' lang='lat' dir='ltr'><strong>gravioribus</strong></span> <span class='ocrx_word' id='word_1_145' title='bbox 1050 1148 1071 1168; x_wconf 34' lang='grc' dir='ltr'><em>ᾖ</em></span> <span class='ocrx_word' id='word_1_146' title='bbox 1089 1147 1123 1188; x_wconf 52' lang='lat'><strong>³²³.</strong></span> <span class='ocrx_word' id='word_1_147' title='bbox 1185 1147 1382 1188; x_wconf 87' lang='lat' dir='ltr'><strong>Proditor</strong></span> <span class='ocrx_word' id='word_1_148' title='bbox 1408 1147 1522 1188; x_wconf 91' lang='lat' dir='ltr'><strong>enim</strong></span> <span class='ocrx_word' id='word_1_149' title='bbox 1550 1162 1597 1187; x_wconf 89' lang='lat' dir='ltr'><strong>ac</strong></span> <span class='ocrx_word' id='word_1_150' title='bbox 1624 1153 1790 1203; x_wconf 89' lang='lat' dir='ltr'><strong>prope6</strong></span> 
     </span>
     <span class='ocr_line' id='line_1_26' title="bbox 365 1203 1757 1259; baseline -0.002 -12"><span class='ocrx_word' id='word_1_151' title='bbox 365 1207 496 1247; x_wconf 89' lang='lat' dir='ltr'><strong>hostis</strong></span> <span class='ocrx_word' id='word_1_152' title='bbox 516 1206 696 1255; x_wconf 89' lang='lat' dir='ltr'><strong>habitus,</strong></span> <span class='ocrx_word' id='word_1_153' title='bbox 719 1205 821 1246; x_wconf 92' lang='lat' dir='ltr'><strong>dum</strong></span> <span class='ocrx_word' id='word_1_154' title='bbox 849 1206 959 1246; x_wconf 91' lang='lat' dir='ltr'><strong>inter</strong></span> <span class='ocrx_word' id='word_1_155' title='bbox 983 1220 1025 1245; x_wconf 89' lang='lat' dir='ltr'><strong>se</strong></span> <span class='ocrx_word' id='word_1_156' title='bbox 1046 1204 1131 1245; x_wconf 91' lang='lat' dir='ltr'><strong>duo</strong></span> <span class='ocrx_word' id='word_1_157' title='bbox 1159 1218 1277 1259; x_wconf 89' lang='lat' dir='ltr'><strong>reges</strong></span> <span class='ocrx_word' id='word_1_158' title='bbox 1304 1211 1519 1259; x_wconf 83' lang='lat' dir='ltr'><strong>captantes</strong></span> <span class='ocrx_word' id='word_1_159' title='bbox 1538 1203 1684 1244; x_wconf 87' lang='lat' dir='ltr'><strong>fraude</strong></span> <span class='ocrx_word' id='word_1_160' title='bbox 1713 1211 1757 1244; x_wconf 90' lang='lat' dir='ltr'><strong>et</strong></span> 
     </span>
     <span class='ocr_line' id='line_1_27' title="bbox 366 1260 1757 1318; baseline -0.003 -14"><span class='ocrx_word' id='word_1_161' title='bbox 366 1263 539 1304; x_wconf 86' lang='lat' dir='ltr'><strong>avaritia</strong></span> <span class='ocrx_word' id='word_1_162' title='bbox 566 1271 738 1304; x_wconf 90' lang='lat' dir='ltr'><strong>certant.</strong></span> <span class='ocrx_word' id='word_1_163' title='bbox 804 1262 947 1318; x_wconf 87' lang='lat' dir='ltr'><strong>Cydas</strong></span> <span class='ocrx_word' id='word_1_164' title='bbox 975 1270 1063 1302; x_wconf 89' lang='lat' dir='ltr'><strong>erat</strong></span> <span class='ocrx_word' id='word_1_165' title='bbox 1086 1260 1314 1310; x_wconf 87' lang='lat' dir='ltr'><strong>Cretensis,</strong></span> <span class='ocrx_word' id='word_1_166' title='bbox 1336 1276 1389 1301; x_wconf 85' lang='lat' dir='ltr'><strong>ex</strong></span> <span class='ocrx_word' id='word_1_167' title='bbox 1418 1260 1577 1301; x_wconf 88' lang='lat' dir='ltr'><strong>intimis</strong></span> <span class='ocrx_word' id='word_1_168' title='bbox 1599 1260 1757 1301; x_wconf 91' lang='lat' dir='ltr'><strong>Eume-</strong></span> 
     </span>
     <span class='ocr_line' id='line_1_28' title="bbox 365 1317 1757 1375; baseline -0.003 -14"><span class='ocrx_word' id='word_1_169' title='bbox 365 1320 457 1362; x_wconf 89' lang='lat' dir='ltr'><strong>nis:</strong></span> <span class='ocrx_word' id='word_1_170' title='bbox 491 1320 560 1360; x_wconf 90' lang='lat' dir='ltr'><strong>hic</strong></span> <span class='ocrx_word' id='word_1_171' title='bbox 587 1319 702 1375; x_wconf 86' lang='lat' dir='ltr'><strong>prius</strong></span> <span class='ocrx_word' id='word_1_172' title='bbox 731 1318 784 1360; x_wconf 92' lang='lat' dir='ltr'><strong>ad</strong></span> <span class='ocrx_word' id='word_1_173' title='bbox 807 1318 1098 1374; x_wconf 91' lang='lat' dir='ltr'><strong>Amphipolim</strong></span> <span class='ocrx_word' id='word_1_174' title='bbox 1126 1332 1221 1358; x_wconf 91' lang='lat' dir='ltr'><strong>cum</strong></span> <span class='ocrx_word' id='word_1_175' title='bbox 1247 1317 1448 1358; x_wconf 87' lang='lat' dir='ltr'><strong>Chimaro</strong></span> <span class='ocrx_word' id='word_1_176' title='bbox 1469 1317 1654 1373; x_wconf 89' lang='lat' dir='ltr'><strong>quodam</strong></span> <span class='ocrx_word' id='word_1_177' title='bbox 1680 1332 1757 1373; x_wconf 89' lang='lat' dir='ltr'><strong>po-</strong></span> 
     </span>
     <span class='ocr_line' id='line_1_29' title="bbox 365 1374 1757 1433; baseline -0.001 -16"><span class='ocrx_word' id='word_1_178' title='bbox 365 1377 502 1433; x_wconf 90' lang='lat' dir='ltr'><strong>pulari</strong></span> <span class='ocrx_word' id='word_1_179' title='bbox 532 1392 619 1425; x_wconf 90' lang='lat' dir='ltr'><strong>suo,</strong></span> <span class='ocrx_word' id='word_1_180' title='bbox 642 1375 847 1417; x_wconf 87' lang='lat' dir='ltr'><strong>militante</strong></span> <span class='ocrx_word' id='word_1_181' title='bbox 879 1375 992 1431; x_wconf 90' lang='lat' dir='ltr'><strong>apud</strong></span> <span class='ocrx_word' id='word_1_182' title='bbox 1019 1375 1186 1423; x_wconf 87' lang='lat' dir='ltr'><strong>Persea,</strong></span> <span class='ocrx_word' id='word_1_183' title='bbox 1212 1374 1310 1415; x_wconf 88' lang='lat' dir='ltr'><strong>inde</strong></span> <span class='ocrx_word' id='word_1_184' title='bbox 1340 1382 1486 1429; x_wconf 88' lang='lat' dir='ltr'><strong>postea</strong></span> <span class='ocrx_word' id='word_1_185' title='bbox 1516 1374 1570 1415; x_wconf 90' lang='lat' dir='ltr'><strong>ad</strong></span> <span class='ocrx_word' id='word_1_186' title='bbox 1597 1374 1757 1416; x_wconf 90' lang='lat' dir='ltr'><strong>Deme-</strong></span> 
     </span>
     <span class='ocr_line' id='line_1_30' title="bbox 366 1431 1757 1487; baseline -0.001 -13"><span class='ocrx_word' id='word_1_187' title='bbox 366 1434 557 1483; x_wconf 88' lang='lat' dir='ltr'><strong>triadem,</strong></span> <span class='ocrx_word' id='word_1_188' title='bbox 599 1432 729 1474; x_wconf 88' lang='lat' dir='ltr'><strong>semel</strong></span> <span class='ocrx_word' id='word_1_189' title='bbox 777 1448 873 1474; x_wconf 89' lang='lat' dir='ltr'><strong>cum</strong></span> <span class='ocrx_word' id='word_1_190' title='bbox 924 1431 1168 1472; x_wconf 87' lang='lat' dir='ltr'><strong>Menecrate</strong></span> <span class='ocrx_word' id='word_1_191' title='bbox 1219 1431 1416 1487; x_wconf 89' lang='lat' dir='ltr'><strong>quodam,</strong></span> <span class='ocrx_word' id='word_1_192' title='bbox 1457 1431 1609 1472; x_wconf 91' lang='lat' dir='ltr'><strong>iterum</strong></span> <span class='ocrx_word' id='word_1_193' title='bbox 1659 1446 1757 1473; x_wconf 91' lang='lat' dir='ltr'><strong>cum</strong></span> 
     </span>
     <span class='ocr_line' id='line_1_31' title="bbox 367 1488 1758 1545; baseline -0.001 -14"><span class='ocrx_word' id='word_1_194' title='bbox 367 1490 638 1539; x_wconf 87' lang='lat' dir='ltr'><strong>Antimacho,</strong></span> <span class='ocrx_word' id='word_1_195' title='bbox 660 1490 785 1545; x_wconf 89' lang='lat' dir='ltr'><strong>regiis</strong></span> <span class='ocrx_word' id='word_1_196' title='bbox 806 1489 996 1538; x_wconf 89' lang='lat' dir='ltr'><strong>ducibus,</strong></span> <span class='ocrx_word' id='word_1_197' title='bbox 1018 1489 1094 1529; x_wconf 92' lang='lat' dir='ltr'><strong>sub</strong></span> <span class='ocrx_word' id='word_1_198' title='bbox 1116 1488 1214 1544; x_wconf 88' lang='lat' dir='ltr'><strong>ipsis</strong></span> <span class='ocrx_word' id='word_1_199' title='bbox 1243 1488 1461 1529; x_wconf 86' lang='lat' dir='ltr'><strong>moenibus</strong></span> <span class='ocrx_word' id='word_1_200' title='bbox 1487 1488 1602 1529; x_wconf 91' lang='lat' dir='ltr'><strong>urbis</strong></span> <span class='ocrx_word' id='word_1_201' title='bbox 1629 1488 1758 1530; x_wconf 92' lang='lat' dir='ltr'><strong>collo-</strong></span> 
     </span>
     <span class='ocr_line' id='line_1_32' title="bbox 366 1545 1789 1602; baseline 0 -14"><span class='ocrx_word' id='word_1_202' title='bbox 366 1556 487 1588; x_wconf 89' lang='lat' dir='ltr'><strong>cutus</strong></span> <span class='ocrx_word' id='word_1_203' title='bbox 526 1547 672 1588; x_wconf 76' lang='lat' dir='ltr'><strong>fuerat.</strong></span> <span class='ocrx_word' id='word_1_204' title='bbox 736 1546 972 1602; x_wconf 88' lang='lat' dir='ltr'><strong>Herophon</strong></span> <span class='ocrx_word' id='word_1_205' title='bbox 1013 1560 1195 1600; x_wconf 91' lang='lat' dir='ltr'><strong>quoque,</strong></span> <span class='ocrx_word' id='word_1_206' title='bbox 1237 1545 1311 1600; x_wconf 87' lang='lat' dir='ltr'><strong>qui</strong></span> <span class='ocrx_word' id='word_1_207' title='bbox 1357 1553 1445 1585; x_wconf 93' lang='lat' dir='ltr'><strong>tum</strong></span> <span class='ocrx_word' id='word_1_208' title='bbox 1489 1545 1638 1586; x_wconf 88' lang='lat' dir='ltr'><strong>missus</strong></span> <span class='ocrx_word' id='word_1_209' title='bbox 1679 1553 1753 1596; x_wconf 83' lang='lat' dir='ltr'><strong>est,</strong></span> <span class='ocrx_word' id='word_1_210' title='bbox 1771 1555 1789 1589; x_wconf 85' lang='lat'><strong>7</strong></span> 
     </span>
     <span class='ocr_line' id='line_1_33' title="bbox 365 1602 1756 1658; baseline -0.001 -13"><span class='ocrx_word' id='word_1_211' title='bbox 365 1604 528 1645; x_wconf 88' lang='lat' dir='ltr'><strong>duabus</strong></span> <span class='ocrx_word' id='word_1_212' title='bbox 577 1604 631 1645; x_wconf 91' lang='lat' dir='ltr'><strong>ad</strong></span> <span class='ocrx_word' id='word_1_213' title='bbox 681 1603 865 1644; x_wconf 87' lang='lat' dir='ltr'><strong>eundem</strong></span> <span class='ocrx_word' id='word_1_214' title='bbox 912 1602 1150 1643; x_wconf 90' lang='lat' dir='ltr'><strong>Eumenem</strong></span> <span class='ocrx_word' id='word_1_215' title='bbox 1199 1602 1282 1642; x_wconf 83' lang='lat' dir='ltr'><strong>iam</strong></span> <span class='ocrx_word' id='word_1_216' title='bbox 1332 1611 1427 1643; x_wconf 89' lang='lat' dir='ltr'><strong>ante</strong></span> <span class='ocrx_word' id='word_1_217' title='bbox 1477 1602 1756 1658; x_wconf 81' lang='lat' dir='ltr'><strong>legationibus</strong></span> 
     </span>
     <span class='ocr_line' id='line_1_34' title="bbox 365 1658 1788 1715; baseline 0 -13"><span class='ocrx_word' id='word_1_218' title='bbox 365 1661 533 1702; x_wconf 85' lang='lat' dir='ltr'><strong>functus</strong></span> <span class='ocrx_word' id='word_1_219' title='bbox 554 1669 653 1702; x_wconf 89' lang='lat' dir='ltr'><strong>erat.</strong></span> <span class='ocrx_word' id='word_1_220' title='bbox 720 1660 840 1708; x_wconf 84' lang='lat' dir='ltr'><strong>Quae</strong></span> <span class='ocrx_word' id='word_1_221' title='bbox 858 1659 1067 1715; x_wconf 90' lang='lat' dir='ltr'><strong>colloquia</strong></span> <span class='ocrx_word' id='word_1_222' title='bbox 1087 1658 1250 1700; x_wconf 88' lang='lat' dir='ltr'><strong>occulta</strong></span> <span class='ocrx_word' id='word_1_223' title='bbox 1270 1667 1313 1700; x_wconf 90' lang='lat' dir='ltr'><strong>et</strong></span> <span class='ocrx_word' id='word_1_224' title='bbox 1332 1658 1561 1715; x_wconf 79' lang='lat' dir='ltr'><strong>legationes</strong></span> <span class='ocrx_word' id='word_1_225' title='bbox 1581 1660 1788 1702; x_wconf 88' lang='lat' dir='ltr'><strong>infames8</strong></span> 
     </span>
     <span class='ocr_line' id='line_1_35' title="bbox 365 1716 1756 1774; baseline 0 -15"><span class='ocrx_word' id='word_1_226' title='bbox 365 1718 539 1774; x_wconf 90' lang='lat' dir='ltr'><strong>quidem</strong></span> <span class='ocrx_word' id='word_1_227' title='bbox 570 1726 714 1759; x_wconf 85' lang='lat' dir='ltr'><strong>erant:</strong></span> <span class='ocrx_word' id='word_1_228' title='bbox 748 1717 834 1767; x_wconf 90' lang='lat' dir='ltr'><strong>sed,</strong></span> <span class='ocrx_word' id='word_1_229' title='bbox 861 1717 965 1773; x_wconf 89' lang='lat' dir='ltr'><strong>quid</strong></span> <span class='ocrx_word' id='word_1_230' title='bbox 995 1725 1135 1757; x_wconf 89' lang='lat' dir='ltr'><strong>actum</strong></span> <span class='ocrx_word' id='word_1_231' title='bbox 1166 1723 1286 1766; x_wconf 86' lang='lat' dir='ltr'><strong>esset,</strong></span> <span class='ocrx_word' id='word_1_232' title='bbox 1313 1716 1467 1772; x_wconf 87' lang='lat' dir='ltr'><strong>quidve</strong></span> <span class='ocrx_word' id='word_1_233' title='bbox 1497 1717 1610 1758; x_wconf 89' lang='lat' dir='ltr'><strong>inter</strong></span> <span class='ocrx_word' id='word_1_234' title='bbox 1637 1732 1756 1774; x_wconf 83' lang='lat' dir='ltr'><strong>reges</strong></span> 
     </span>
     <span class='ocr_line' id='line_1_36' title="bbox 367 1773 1753 1830; baseline 0 -14"><span class='ocrx_word' id='word_1_235' title='bbox 367 1775 643 1825; x_wconf 83' lang='lat' dir='ltr'><strong>convenisset,</strong></span> <span class='ocrx_word' id='word_1_236' title='bbox 687 1774 967 1830; x_wconf 82' lang='lat' dir='ltr'><strong>ignorabatur.</strong></span> <span class='ocrx_word' id='word_1_237' title='bbox 1043 1773 1130 1814; x_wconf 86' lang='lat' dir='ltr'><strong>Res</strong></span> <span class='ocrx_word' id='word_1_238' title='bbox 1175 1782 1317 1814; x_wconf 89' lang='lat' dir='ltr'><strong>autem</strong></span> <span class='ocrx_word' id='word_1_239' title='bbox 1362 1773 1421 1814; x_wconf 90' lang='lat' dir='ltr'><strong>ita</strong></span> <span class='ocrx_word' id='word_1_240' title='bbox 1461 1788 1550 1816; x_wconf 90' lang='lat' dir='ltr'><strong>sese</strong></span> <span class='ocrx_word' id='word_1_241' title='bbox 1595 1774 1753 1816; x_wconf 89' lang='lat' dir='ltr'><strong>habuit.</strong></span> 
     </span>
     <span class='ocr_line' id='line_1_37' title="bbox 368 1821 1788 1887; baseline 0 -14"><span class='ocrx_word' id='word_1_242' title='bbox 368 1832 581 1873; x_wconf 89' lang='lat' dir='ltr'><strong>Eumenes</strong></span> <span class='ocrx_word' id='word_1_243' title='bbox 614 1847 752 1887; x_wconf 89' lang='lat' dir='ltr'><strong>neque</strong></span> <span class='ocrx_word' id='word_1_244' title='bbox 785 1831 886 1872; x_wconf 83' lang='lat' dir='ltr'><strong>favit</strong></span> <span class='ocrx_word' id='word_1_245' title='bbox 920 1830 1116 1872; x_wconf 83' lang='lat' dir='ltr'><strong>victoriae</strong></span> <span class='ocrx_word' id='word_1_246' title='bbox 1152 1830 1307 1880; x_wconf 86' lang='lat' dir='ltr'><strong>Persei,</strong></span> <span class='ocrx_word' id='word_1_247' title='bbox 1341 1845 1479 1887; x_wconf 90' lang='lat' dir='ltr'><strong>neque</strong></span> <span class='ocrx_word' id='word_1_248' title='bbox 1512 1830 1622 1873; x_wconf 92' lang='lat' dir='ltr'><strong>bello</strong></span> <span class='ocrx_word' id='word_1_249' title='bbox 1657 1821 1788 1885; x_wconf 56' lang='lat' dir='ltr'><strong>eum?</strong></span> 
     </span>
     <span class='ocr_line' id='line_1_38' title="bbox 366 1887 1756 1943; baseline 0 -13"><span class='ocrx_word' id='word_1_250' title='bbox 366 1889 564 1930; x_wconf 83' lang='lat' dir='ltr'><strong>invadere</strong></span> <span class='ocrx_word' id='word_1_251' title='bbox 593 1889 733 1930; x_wconf 88' lang='lat' dir='ltr'><strong>animo</strong></span> <span class='ocrx_word' id='word_1_252' title='bbox 761 1888 932 1929; x_wconf 86' lang='lat' dir='ltr'><strong>habuit:</strong></span> <span class='ocrx_word' id='word_1_253' title='bbox 966 1902 1053 1927; x_wconf 89' lang='lat' dir='ltr'><strong>non</strong></span> <span class='ocrx_word' id='word_1_254' title='bbox 1080 1895 1166 1928; x_wconf 88' lang='lat' dir='ltr'><strong>tam</strong></span> <span class='ocrx_word' id='word_1_255' title='bbox 1191 1887 1291 1942; x_wconf 90' lang='lat' dir='ltr'><strong>quia</strong></span> <span class='ocrx_word' id='word_1_256' title='bbox 1316 1896 1514 1943; x_wconf 87' lang='lat' dir='ltr'><strong>paternae</strong></span> <span class='ocrx_word' id='word_1_257' title='bbox 1545 1888 1655 1930; x_wconf 89' lang='lat' dir='ltr'><strong>inter</strong></span> <span class='ocrx_word' id='word_1_258' title='bbox 1684 1903 1756 1930; x_wconf 92' lang='lat' dir='ltr'><strong>eos</strong></span> 
     </span>
     <span class='ocr_line' id='line_1_39' title="bbox 367 1943 1787 2000; baseline -0.001 -14"><span class='ocrx_word' id='word_1_259' title='bbox 367 1946 609 1987; x_wconf 90' lang='lat' dir='ltr'><strong>inimicitiae</strong></span> <span class='ocrx_word' id='word_1_260' title='bbox 646 1954 776 1994; x_wconf 89' lang='lat' dir='ltr'><strong>erant,</strong></span> <span class='ocrx_word' id='word_1_261' title='bbox 811 1959 936 2000; x_wconf 87' lang='lat' dir='ltr'><strong>quam</strong></span> <span class='ocrx_word' id='word_1_262' title='bbox 969 1944 1154 1999; x_wconf 84' lang='lat' dir='ltr'><strong>ipsorum</strong></span> <span class='ocrx_word' id='word_1_263' title='bbox 1186 1943 1293 1984; x_wconf 89' lang='lat' dir='ltr'><strong>odiis</strong></span> <span class='ocrx_word' id='word_1_264' title='bbox 1324 1944 1435 1985; x_wconf 90' lang='lat' dir='ltr'><strong>inter</strong></span> <span class='ocrx_word' id='word_1_265' title='bbox 1465 1960 1508 1985; x_wconf 91' lang='lat' dir='ltr'><strong>se</strong></span> <span class='ocrx_word' id='word_1_266' title='bbox 1542 1960 1787 1987; x_wconf 82' lang='lat' dir='ltr'><strong>accensae.2</strong></span> 
     </span>
     <span class='ocr_line' id='line_1_40' title="bbox 368 2000 1756 2057; baseline 0.001 -14"><span class='ocrx_word' id='word_1_267' title='bbox 368 2002 471 2043; x_wconf 91' lang='lat' dir='ltr'><strong>Non</strong></span> <span class='ocrx_word' id='word_1_268' title='bbox 503 2017 552 2043; x_wconf 90' lang='lat' dir='ltr'><strong>ea</strong></span> <span class='ocrx_word' id='word_1_269' title='bbox 583 2016 728 2057; x_wconf 88' lang='lat' dir='ltr'><strong>regum</strong></span> <span class='ocrx_word' id='word_1_270' title='bbox 760 2000 995 2049; x_wconf 88' lang='lat' dir='ltr'><strong>aemulatio,</strong></span> <span class='ocrx_word' id='word_1_271' title='bbox 1026 2008 1074 2041; x_wconf 88' lang='lat' dir='ltr'><strong>ut</strong></span> <span class='ocrx_word' id='word_1_272' title='bbox 1103 2015 1238 2055; x_wconf 87' lang='lat' dir='ltr'><strong>aequo</strong></span> <span class='ocrx_word' id='word_1_273' title='bbox 1271 2001 1411 2041; x_wconf 90' lang='lat' dir='ltr'><strong>animo</strong></span> <span class='ocrx_word' id='word_1_274' title='bbox 1439 2001 1592 2043; x_wconf 92' lang='lat' dir='ltr'><strong>Persea</strong></span> <span class='ocrx_word' id='word_1_275' title='bbox 1621 2010 1756 2044; x_wconf 88' lang='lat' dir='ltr'><strong>tantas</strong></span> 
     </span>
     <span class='ocr_line' id='line_1_41' title="bbox 366 2056 1756 2115; baseline 0.001 -16"><span class='ocrx_word' id='word_1_276' title='bbox 366 2059 495 2115; x_wconf 86' lang='lat' dir='ltr'><strong>apisci</strong></span> <span class='ocrx_word' id='word_1_277' title='bbox 535 2073 647 2114; x_wconf 90' lang='lat' dir='ltr'><strong>opes,</strong></span> <span class='ocrx_word' id='word_1_278' title='bbox 685 2067 927 2113; x_wconf 87' lang='lat' dir='ltr'><strong>tantamque</strong></span> <span class='ocrx_word' id='word_1_279' title='bbox 967 2056 1155 2112; x_wconf 81' lang='lat' dir='ltr'><strong>gloriam,</strong></span> <span class='ocrx_word' id='word_1_280' title='bbox 1192 2066 1350 2112; x_wconf 90' lang='lat' dir='ltr'><strong>quanta</strong></span> <span class='ocrx_word' id='word_1_281' title='bbox 1391 2058 1596 2100; x_wconf 85' lang='lat' dir='ltr'><strong>Romanis</strong></span> <span class='ocrx_word' id='word_1_282' title='bbox 1635 2059 1756 2101; x_wconf 88' lang='lat' dir='ltr'><strong>victis</strong></span> 
     </span>
     <span class='ocr_line' id='line_1_42' title="bbox 367 2113 1753 2166; baseline 0.001 -10"><span class='ocrx_word' id='word_1_283' title='bbox 367 2131 464 2156; x_wconf 92' lang='lat' dir='ltr'><strong>eum</strong></span> <span class='ocrx_word' id='word_1_284' title='bbox 482 2116 688 2164; x_wconf 87' lang='lat' dir='ltr'><strong>manebat,</strong></span> <span class='ocrx_word' id='word_1_285' title='bbox 708 2114 920 2155; x_wconf 90' lang='lat' dir='ltr'><strong>Eumenes</strong></span> <span class='ocrx_word' id='word_1_286' title='bbox 936 2115 1096 2154; x_wconf 86' lang='lat' dir='ltr'><strong>visurus</strong></span> <span class='ocrx_word' id='word_1_287' title='bbox 1115 2113 1252 2155; x_wconf 88' lang='lat' dir='ltr'><strong>fuerit.</strong></span> <span class='ocrx_word' id='word_1_288' title='bbox 1300 2113 1514 2156; x_wconf 86' lang='lat' dir='ltr'><strong>Cernebat</strong></span> <span class='ocrx_word' id='word_1_289' title='bbox 1529 2124 1572 2156; x_wconf 90' lang='lat' dir='ltr'><strong>et</strong></span> <span class='ocrx_word' id='word_1_290' title='bbox 1587 2115 1753 2166; x_wconf 88' lang='lat' dir='ltr'><strong>Persea,</strong></span> 
     </span>
     <span class='ocr_line' id='line_1_43' title="bbox 366 2171 1755 2227; baseline 0.002 -15"><span class='ocrx_word' id='word_1_291' title='bbox 366 2173 447 2213; x_wconf 89' lang='lat' dir='ltr'><strong>iam</strong></span> <span class='ocrx_word' id='word_1_292' title='bbox 470 2172 569 2213; x_wconf 91' lang='lat' dir='ltr'><strong>inde</strong></span> <span class='ocrx_word' id='word_1_293' title='bbox 591 2172 642 2213; x_wconf 89' lang='lat' dir='ltr'><strong>ab</strong></span> <span class='ocrx_word' id='word_1_294' title='bbox 664 2172 784 2212; x_wconf 83' lang='lat' dir='ltr'><strong>initio</strong></span> <span class='ocrx_word' id='word_1_295' title='bbox 804 2171 916 2220; x_wconf 89' lang='lat' dir='ltr'><strong>belli,</strong></span> <span class='ocrx_word' id='word_1_296' title='bbox 939 2171 1054 2212; x_wconf 86' lang='lat' dir='ltr'><strong>omni</strong></span> <span class='ocrx_word' id='word_1_297' title='bbox 1076 2171 1202 2212; x_wconf 90' lang='lat' dir='ltr'><strong>modo</strong></span> <span class='ocrx_word' id='word_1_298' title='bbox 1223 2186 1340 2227; x_wconf 87' lang='lat' dir='ltr'><strong>spem</strong></span> <span class='ocrx_word' id='word_1_299' title='bbox 1361 2172 1474 2227; x_wconf 88' lang='lat' dir='ltr'><strong>pacis</strong></span> <span class='ocrx_word' id='word_1_300' title='bbox 1496 2180 1690 2224; x_wconf 87' lang='lat' dir='ltr'><strong>tentasse,</strong></span> <span class='ocrx_word' id='word_1_301' title='bbox 1711 2182 1755 2215; x_wconf 89' lang='lat' dir='ltr'><strong>et</strong></span> 
     </span>
     <span class='ocr_line' id='line_1_44' title="bbox 365 2227 1754 2287; baseline 0.001 -17"><span class='ocrx_word' id='word_1_302' title='bbox 365 2229 408 2269; x_wconf 92' lang='lat' dir='ltr'><strong>in</strong></span> <span class='ocrx_word' id='word_1_303' title='bbox 430 2229 519 2270; x_wconf 87' lang='lat' dir='ltr'><strong>dies</strong></span> <span class='ocrx_word' id='word_1_304' title='bbox 540 2229 684 2284; x_wconf 88' lang='lat' dir='ltr'><strong>magis,</strong></span> <span class='ocrx_word' id='word_1_305' title='bbox 702 2244 785 2284; x_wconf 89' lang='lat' dir='ltr'><strong>quo</strong></span> <span class='ocrx_word' id='word_1_306' title='bbox 806 2228 995 2284; x_wconf 88' lang='lat' dir='ltr'><strong>proprior</strong></span> <span class='ocrx_word' id='word_1_307' title='bbox 1015 2227 1307 2269; x_wconf 88' lang='lat' dir='ltr'><strong>admoveretur</strong></span> <span class='ocrx_word' id='word_1_308' title='bbox 1327 2237 1470 2279; x_wconf 89' lang='lat' dir='ltr'><strong>terror,</strong></span> <span class='ocrx_word' id='word_1_309' title='bbox 1487 2229 1594 2270; x_wconf 89' lang='lat' dir='ltr'><strong>nihil</strong></span> <span class='ocrx_word' id='word_1_310' title='bbox 1613 2245 1754 2287; x_wconf 89' lang='lat' dir='ltr'><strong>neque</strong></span> 
     </span>
    </p>
   </div>
   <div class='ocr_carea' id='block_1_6' title="bbox 362 2345 1039 2973">
    <p class='ocr_par' dir='ltr' id='par_1_6' title="bbox 367 2345 1039 2469">
     <span class='ocr_line' id='line_1_45' title="bbox 410 2345 1039 2385; baseline -0.002 -9"><span class='ocrx_word' id='word_1_311' title='bbox 410 2345 430 2376; x_wconf 85' lang='lat'><strong>6</strong></span> <span class='ocrx_word' id='word_1_312' title='bbox 452 2347 558 2376; x_wconf 76' lang='lat' dir='ltr'><strong>Falsis</strong></span> <span class='ocrx_word' id='word_1_313' title='bbox 591 2346 794 2385; x_wconf 73' lang='lat' dir='ltr'><strong>yravioribus</strong></span> <span class='ocrx_word' id='word_1_314' title='bbox 819 2345 836 2361; x_wconf 64' lang='lat'><strong>&#39;⁶</strong></span> <span class='ocrx_word' id='word_1_315' title='bbox 861 2345 895 2384; x_wconf 57' lang='grc' dir='ltr'><strong>ἦε]</strong></span> <span class='ocrx_word' id='word_1_316' title='bbox 932 2345 1039 2375; x_wconf 85' lang='lat' dir='ltr'><strong>Voces</strong></span> 
     </span>
     <span class='ocr_line' id='line_1_46' title="bbox 367 2388 1039 2424; baseline -0.001 -6"><span class='ocrx_word' id='word_1_317' title='bbox 367 2389 556 2418; x_wconf 72' lang='lat' dir='ltr'><strong>criminibus</strong></span> <span class='ocrx_word' id='word_1_318' title='bbox 592 2392 781 2424; x_wconf 76' lang='lat' dir='ltr'><strong>onerarunt,</strong></span> <span class='ocrx_word' id='word_1_319' title='bbox 819 2391 875 2417; x_wconf 89' lang='lat' dir='ltr'><strong>aut</strong></span> <span class='ocrx_word' id='word_1_320' title='bbox 919 2388 1039 2418; x_wconf 85' lang='lat' dir='ltr'><strong>similes</strong></span> 
     </span>
     <span class='ocr_line' id='line_1_47' title="bbox 367 2430 1032 2469; baseline 0 -10"><span class='ocrx_word' id='word_1_321' title='bbox 367 2431 522 2469; x_wconf 81' lang='lat' dir='ltr'><strong>quasdam</strong></span> <span class='ocrx_word' id='word_1_322' title='bbox 539 2430 736 2460; x_wconf 83' lang='lat' dir='ltr'><strong>intercidisse</strong></span> <span class='ocrx_word' id='word_1_323' title='bbox 753 2433 860 2460; x_wconf 88' lang='lat' dir='ltr'><strong>censet</strong></span> <span class='ocrx_word' id='word_1_324' title='bbox 876 2430 1032 2469; x_wconf 83' lang='lat' dir='ltr'><strong>Sigonius.</strong></span> 
     </span>
    </p>

    <p class='ocr_par' dir='ltr' id='par_1_7' title="bbox 367 2472 1035 2723">
     <span class='ocr_line' id='line_1_48' title="bbox 412 2472 1035 2512; baseline -0.002 -10"><span class='ocrx_word' id='word_1_325' title='bbox 412 2479 428 2510; x_wconf 87' lang='grc'><strong>7</strong></span> <span class='ocrx_word' id='word_1_326' title='bbox 444 2474 637 2512; x_wconf 81' lang='lat' dir='ltr'><strong>Herophon]</strong></span> <span class='ocrx_word' id='word_1_327' title='bbox 664 2473 716 2503; x_wconf 93' lang='lat' dir='ltr'><strong>De</strong></span> <span class='ocrx_word' id='word_1_328' title='bbox 732 2472 793 2502; x_wconf 91' lang='lat' dir='ltr'><strong>hoc</strong></span> <span class='ocrx_word' id='word_1_329' title='bbox 808 2472 938 2502; x_wconf 88' lang='lat' dir='ltr'><strong>nomine</strong></span> <span class='ocrx_word' id='word_1_330' title='bbox 954 2473 1035 2502; x_wconf 90' lang='lat' dir='ltr'><strong>mul-</strong></span> 
     </span>
     <span class='ocr_line' id='line_1_49' title="bbox 367 2515 1035 2554; baseline 0 -10"><span class='ocrx_word' id='word_1_331' title='bbox 367 2518 438 2544; x_wconf 85' lang='lat' dir='ltr'><strong>tum</strong></span> <span class='ocrx_word' id='word_1_332' title='bbox 463 2515 653 2553; x_wconf 82' lang='lat' dir='ltr'><strong>disputatur.</strong></span> <span class='ocrx_word' id='word_1_333' title='bbox 700 2515 808 2554; x_wconf 86' lang='lat' dir='ltr'><strong>Vulgo</strong></span> <span class='ocrx_word' id='word_1_334' title='bbox 832 2516 965 2553; x_wconf 80' lang='lat' dir='ltr'><strong>Eropon</strong></span> <span class='ocrx_word' id='word_1_335' title='bbox 992 2515 1035 2544; x_wconf 89' lang='lat' dir='ltr'><strong>le-</strong></span> 
     </span>
     <span class='ocr_line' id='line_1_50' title="bbox 367 2557 1034 2596; baseline 0 -10"><span class='ocrx_word' id='word_1_336' title='bbox 367 2557 462 2596; x_wconf 81' lang='lat' dir='ltr'><strong>gitur,</strong></span> <span class='ocrx_word' id='word_1_337' title='bbox 488 2558 542 2587; x_wconf 84' lang='lat' dir='ltr'><strong>sed</strong></span> <span class='ocrx_word' id='word_1_338' title='bbox 570 2558 719 2596; x_wconf 70' lang='lat' dir='ltr'><strong>Cryphon</strong></span> <span class='ocrx_word' id='word_1_339' title='bbox 746 2557 967 2595; x_wconf 87' lang='lat' dir='ltr'><strong>reponendum</strong></span> <span class='ocrx_word' id='word_1_340' title='bbox 995 2567 1034 2586; x_wconf 83' lang='lat' dir='ltr'><strong>ex</strong></span> 
     </span>
     <span class='ocr_line' id='line_1_51' title="bbox 369 2598 1033 2638; baseline 0 -10"><span class='ocrx_word' id='word_1_341' title='bbox 369 2599 484 2638; x_wconf 81' lang='lat' dir='ltr'><strong>Polyb.</strong></span> <span class='ocrx_word' id='word_1_342' title='bbox 507 2599 582 2638; x_wconf 84' lang='lat' dir='ltr'><strong>Leg.</strong></span> <span class='ocrx_word' id='word_1_343' title='bbox 605 2600 654 2638; x_wconf 80' lang='lat'><strong>85.</strong></span> <span class='ocrx_word' id='word_1_344' title='bbox 678 2599 818 2629; x_wconf 77' lang='lat' dir='ltr'><strong>Gronov.</strong></span> <span class='ocrx_word' id='word_1_345' title='bbox 840 2603 871 2628; x_wconf 92' lang='lat' dir='ltr'><strong>et</strong></span> <span class='ocrx_word' id='word_1_346' title='bbox 894 2598 1033 2629; x_wconf 80' lang='lat' dir='ltr'><strong>Crevier.</strong></span> 
     </span>
     <span class='ocr_line' id='line_1_52' title="bbox 368 2641 1034 2680; baseline 0 -10"><span class='ocrx_word' id='word_1_347' title='bbox 368 2645 508 2671; x_wconf 85' lang='lat' dir='ltr'><strong>censent.</strong></span> <span class='ocrx_word' id='word_1_348' title='bbox 563 2641 731 2671; x_wconf 84' lang='lat' dir='ltr'><strong>Bekkerus</strong></span> <span class='ocrx_word' id='word_1_349' title='bbox 764 2641 953 2680; x_wconf 77' lang='lat' dir='ltr'><strong>Hierophon</strong></span> <span class='ocrx_word' id='word_1_350' title='bbox 989 2651 1034 2671; x_wconf 88' lang='lat' dir='ltr'><strong>re-</strong></span> 
     </span>
     <span class='ocr_line' id='line_1_53' title="bbox 367 2684 464 2723; baseline 0 -10"><span class='ocrx_word' id='word_1_351' title='bbox 367 2684 464 2723; x_wconf 83' lang='lat' dir='ltr'><strong>cepit.</strong></span> 
     </span>
    </p>

    <p class='ocr_par' dir='ltr' id='par_1_8' title="bbox 364 2724 1034 2882">
     <span class='ocr_line' id='line_1_54' title="bbox 409 2724 1034 2764; baseline -0.002 -9"><span class='ocrx_word' id='word_1_352' title='bbox 409 2726 427 2755; x_wconf 88' lang='grc'>8</span> <span class='ocrx_word' id='word_1_353' title='bbox 451 2727 596 2764; x_wconf 81' lang='lat' dir='ltr'><strong>Infames</strong></span> <span class='ocrx_word' id='word_1_354' title='bbox 627 2749 633 2756; x_wconf 97' lang='lat'><strong>.</strong></span> <span class='ocrx_word' id='word_1_355' title='bbox 651 2748 658 2755; x_wconf 99' lang='lat'><strong>.</strong></span> <span class='ocrx_word' id='word_1_356' title='bbox 677 2748 684 2755; x_wconf 93' lang='lat'><strong>.</strong></span> <span class='ocrx_word' id='word_1_357' title='bbox 715 2726 825 2762; x_wconf 78' lang='lat' dir='ltr'><strong>erant]</strong></span> <span class='ocrx_word' id='word_1_358' title='bbox 875 2724 1034 2755; x_wconf 83' lang='lat' dir='ltr'><strong>Infamiae</strong></span> 
     </span>
     <span class='ocr_line' id='line_1_55' title="bbox 367 2767 1033 2806; baseline -0.002 -9"><span class='ocrx_word' id='word_1_359' title='bbox 367 2767 507 2798; x_wconf 85' lang='lat' dir='ltr'><strong>Eumeni</strong></span> <span class='ocrx_word' id='word_1_360' title='bbox 530 2768 618 2806; x_wconf 83' lang='lat' dir='ltr'><strong>apud</strong></span> <span class='ocrx_word' id='word_1_361' title='bbox 641 2768 808 2797; x_wconf 85' lang='lat' dir='ltr'><strong>Romanos</strong></span> <span class='ocrx_word' id='word_1_362' title='bbox 831 2770 946 2803; x_wconf 79' lang='lat' dir='ltr'><strong>erant3</strong></span> <span class='ocrx_word' id='word_1_363' title='bbox 968 2777 1033 2796; x_wconf 88' lang='lat' dir='ltr'><strong>sus-</strong></span> 
     </span>
     <span class='ocr_line' id='line_1_56' title="bbox 365 2808 1033 2849; baseline 0.001 -12"><span class='ocrx_word' id='word_1_364' title='bbox 365 2813 496 2848; x_wconf 88' lang='lat' dir='ltr'><strong>pectum</strong></span> <span class='ocrx_word' id='word_1_365' title='bbox 521 2808 710 2849; x_wconf 85' lang='lat' dir='ltr'><strong>proditionis</strong></span> <span class='ocrx_word' id='word_1_366' title='bbox 735 2809 916 2838; x_wconf 86' lang='lat' dir='ltr'><strong>Eumenem</strong></span> <span class='ocrx_word' id='word_1_367' title='bbox 940 2808 1033 2838; x_wconf 84' lang='lat' dir='ltr'><strong>facic-</strong></span> 
     </span>
     <span class='ocr_line' id='line_1_57' title="bbox 364 2852 582 2882; baseline 0.005 -1"><span class='ocrx_word' id='word_1_368' title='bbox 364 2852 451 2882; x_wconf 82' lang='lat' dir='ltr'><strong>bant.</strong></span> <span class='ocrx_word' id='word_1_369' title='bbox 476 2852 582 2882; x_wconf 69' lang='lat' dir='ltr'><strong>(3an.</strong></span> 
     </span>
    </p>

    <p class='ocr_par' dir='ltr' id='par_1_9' title="bbox 362 2892 1032 2973">
     <span class='ocr_line' id='line_1_58' title="bbox 406 2892 1032 2934; baseline -0.003 -10"><span class='ocrx_word' id='word_1_370' title='bbox 406 2904 425 2934; x_wconf 93' lang='lat'>9</span> <span class='ocrx_word' id='word_1_371' title='bbox 448 2896 610 2924; x_wconf 80' lang='lat' dir='ltr'><strong>Eumenes</strong></span> <span class='ocrx_word' id='word_1_372' title='bbox 638 2903 740 2932; x_wconf 78' lang='lat' dir='ltr'><strong>neque</strong></span> <span class='ocrx_word' id='word_1_373' title='bbox 767 2893 873 2930; x_wconf 77' lang='lat' dir='ltr'><strong>favit]</strong></span> <span class='ocrx_word' id='word_1_374' title='bbox 915 2892 1032 2922; x_wconf 83' lang='lat' dir='ltr'><strong>Totam</strong></span> 
     </span>
     <span class='ocr_line' id='line_1_59' title="bbox 362 2934 1031 2973; baseline -0.001 -7"><span class='ocrx_word' id='word_1_375' title='bbox 362 2936 445 2967; x_wconf 86' lang='lat' dir='ltr'><strong>hanc</strong></span> <span class='ocrx_word' id='word_1_376' title='bbox 489 2935 706 2967; x_wconf 83' lang='lat' dir='ltr'><strong>narrationem</strong></span> <span class='ocrx_word' id='word_1_377' title='bbox 745 2944 762 2965; x_wconf 93' lang='lat' dir='ltr'><strong>e</strong></span> <span class='ocrx_word' id='word_1_378' title='bbox 801 2934 938 2973; x_wconf 89' lang='lat' dir='ltr'><strong>Polybio</strong></span> <span class='ocrx_word' id='word_1_379' title='bbox 979 2935 1031 2965; x_wconf 86' lang='lat' dir='ltr'><strong>dc-</strong></span> 
     </span>
    </p>
   </div>
   <div class='ocr_carea' id='block_1_7' title="bbox 1077 2345 1753 2933">
    <p class='ocr_par' dir='ltr' id='par_1_10' title="bbox 1082 2345 1753 2428">
     <span class='ocr_line' id='line_1_60' title="bbox 1082 2345 1753 2385; baseline 0.004 -10"><span class='ocrx_word' id='word_1_380' title='bbox 1082 2349 1266 2385; x_wconf 87' lang='lat' dir='ltr'><strong>promptam</strong></span> <span class='ocrx_word' id='word_1_381' title='bbox 1319 2356 1388 2376; x_wconf 86' lang='lat' dir='ltr'><strong>esse</strong></span> <span class='ocrx_word' id='word_1_382' title='bbox 1439 2345 1669 2377; x_wconf 81' lang='lat' dir='ltr'><strong>animadvertit</strong></span> <span class='ocrx_word' id='word_1_383' title='bbox 1711 2347 1753 2379; x_wconf 90' lang='lat' dir='ltr'><strong>A.</strong></span> 
     </span>
     <span class='ocr_line' id='line_1_61' title="bbox 1083 2388 1727 2428; baseline 0.005 -10"><span class='ocrx_word' id='word_1_384' title='bbox 1083 2388 1191 2418; x_wconf 86' lang='lat' dir='ltr'><strong>Maius</strong></span> <span class='ocrx_word' id='word_1_385' title='bbox 1206 2389 1247 2418; x_wconf 88' lang='lat' dir='ltr'><strong>ad</strong></span> <span class='ocrx_word' id='word_1_386' title='bbox 1265 2388 1346 2419; x_wconf 91' lang='lat' dir='ltr'><strong>Exc.</strong></span> <span class='ocrx_word' id='word_1_387' title='bbox 1364 2388 1441 2419; x_wconf 82' lang='lat' dir='ltr'><strong>Vat.</strong></span> <span class='ocrx_word' id='word_1_388' title='bbox 1459 2389 1575 2428; x_wconf 88' lang='lat' dir='ltr'><strong>Polyb.</strong></span> <span class='ocrx_word' id='word_1_389' title='bbox 1591 2389 1680 2420; x_wconf 85' lang='lat' dir='ltr'><strong>xxix.</strong></span> <span class='ocrx_word' id='word_1_390' title='bbox 1697 2398 1727 2428; x_wconf 83' lang='lat'><strong>3.</strong></span> 
     </span>
    </p>

    <p class='ocr_par' dir='ltr' id='par_1_11' title="bbox 1080 2431 1753 2713">
     <span class='ocr_line' id='line_1_62' title="bbox 1128 2431 1753 2470; baseline 0.005 -10"><span class='ocrx_word' id='word_1_391' title='bbox 1128 2440 1140 2460; x_wconf 86' lang='lat'>1</span> <span class='ocrx_word' id='word_1_392' title='bbox 1166 2432 1281 2470; x_wconf 81' lang='lat' dir='ltr'><strong>Neque</strong></span> <span class='ocrx_word' id='word_1_393' title='bbox 1297 2431 1375 2461; x_wconf 83' lang='lat' dir='ltr'><strong>bello</strong></span> <span class='ocrx_word' id='word_1_394' title='bbox 1389 2441 1461 2462; x_wconf 84' lang='lat' dir='ltr'><strong>eum</strong></span> <span class='ocrx_word' id='word_1_395' title='bbox 1476 2432 1630 2462; x_wconf 78' lang='lat' dir='ltr'><strong>invadere</strong></span> <span class='ocrx_word' id='word_1_396' title='bbox 1646 2433 1753 2463; x_wconf 81' lang='lat' dir='ltr'><strong>animo</strong></span> 
     </span>
     <span class='ocr_line' id='line_1_63' title="bbox 1080 2473 1752 2512; baseline 0.004 -10"><span class='ocrx_word' id='word_1_397' title='bbox 1080 2473 1209 2510; x_wconf 76' lang='lat' dir='ltr'><strong>habuit]</strong></span> <span class='ocrx_word' id='word_1_398' title='bbox 1232 2473 1379 2512; x_wconf 85' lang='lat' dir='ltr'><strong>Sigonius</strong></span> <span class='ocrx_word' id='word_1_399' title='bbox 1390 2477 1575 2512; x_wconf 82' lang='lat' dir='ltr'><strong>reposuerat</strong></span> <span class='ocrx_word' id='word_1_400' title='bbox 1586 2475 1623 2504; x_wconf 80' lang='lat' dir='ltr'><strong>in</strong></span> <span class='ocrx_word' id='word_1_401' title='bbox 1633 2475 1752 2506; x_wconf 82' lang='lat' dir='ltr'><strong>animo.</strong></span> 
     </span>
     <span class='ocr_line' id='line_1_64' title="bbox 1081 2514 1752 2555; baseline 0.001 -10"><span class='ocrx_word' id='word_1_402' title='bbox 1081 2514 1144 2545; x_wconf 85' lang='lat' dir='ltr'><strong>Sed</strong></span> <span class='ocrx_word' id='word_1_403' title='bbox 1166 2514 1247 2544; x_wconf 89' lang='lat' dir='ltr'><strong>nihil</strong></span> <span class='ocrx_word' id='word_1_404' title='bbox 1270 2518 1318 2544; x_wconf 89' lang='lat' dir='ltr'><strong>est</strong></span> <span class='ocrx_word' id='word_1_405' title='bbox 1341 2515 1578 2555; x_wconf 77' lang='lat' dir='ltr'><strong>praepositione</strong></span> <span class='ocrx_word' id='word_1_406' title='bbox 1600 2525 1693 2555; x_wconf 86' lang='lat' dir='ltr'><strong>opus,</strong></span> <span class='ocrx_word' id='word_1_407' title='bbox 1715 2519 1752 2546; x_wconf 89' lang='lat' dir='ltr'><strong>ut</strong></span> 
     </span>
     <span class='ocr_line' id='line_1_65' title="bbox 1080 2556 1752 2589; baseline 0.004 -4"><span class='ocrx_word' id='word_1_408' title='bbox 1080 2557 1226 2586; x_wconf 83' lang='lat' dir='ltr'><strong>observat</strong></span> <span class='ocrx_word' id='word_1_409' title='bbox 1252 2556 1444 2588; x_wconf 87' lang='lat' dir='ltr'><strong>Gronovius.</strong></span> <span class='ocrx_word' id='word_1_410' title='bbox 1490 2557 1543 2588; x_wconf 90' lang='lat' dir='ltr'><strong>Sic</strong></span> <span class='ocrx_word' id='word_1_411' title='bbox 1564 2558 1688 2588; x_wconf 88' lang='lat' dir='ltr'><strong>Auctor</strong></span> <span class='ocrx_word' id='word_1_412' title='bbox 1710 2558 1752 2589; x_wconf 91' lang='lat' dir='ltr'><strong>de</strong></span> 
     </span>
     <span class='ocr_line' id='line_1_66' title="bbox 1080 2598 1750 2639; baseline 0.006 -12"><span class='ocrx_word' id='word_1_413' title='bbox 1080 2598 1175 2628; x_wconf 88' lang='lat' dir='ltr'><strong>Bello</strong></span> <span class='ocrx_word' id='word_1_414' title='bbox 1200 2598 1295 2637; x_wconf 84' lang='lat' dir='ltr'><strong>Hisp.</strong></span> <span class='ocrx_word' id='word_1_415' title='bbox 1319 2598 1352 2628; x_wconf 89' lang='lat' dir='ltr'><strong>in</strong></span> <span class='ocrx_word' id='word_1_416' title='bbox 1378 2599 1479 2629; x_wconf 86' lang='lat' dir='ltr'><strong>literis</strong></span> <span class='ocrx_word' id='word_1_417' title='bbox 1505 2599 1675 2639; x_wconf 85' lang='lat' dir='ltr'><strong>Pompeii:</strong></span> <span class='ocrx_word' id='word_1_418' title='bbox 1703 2611 1750 2632; x_wconf 82' lang='lat' dir='ltr'><strong>co-</strong></span> 
     </span>
     <span class='ocr_line' id='line_1_67' title="bbox 1080 2641 1749 2674; baseline 0.006 -4"><span class='ocrx_word' id='word_1_419' title='bbox 1080 2641 1184 2671; x_wconf 79' lang='lat' dir='ltr'><strong>hortes</strong></span> <span class='ocrx_word' id='word_1_420' title='bbox 1213 2642 1320 2670; x_wconf 79' lang='lat' dir='ltr'><strong>animo</strong></span> <span class='ocrx_word' id='word_1_421' title='bbox 1345 2641 1443 2672; x_wconf 78' lang='lat' dir='ltr'><strong>habeo</strong></span> <span class='ocrx_word' id='word_1_422' title='bbox 1469 2642 1513 2672; x_wconf 86' lang='lat' dir='ltr'><strong>ad</strong></span> <span class='ocrx_word' id='word_1_423' title='bbox 1536 2652 1590 2673; x_wconf 81' lang='lat' dir='ltr'><strong>vos</strong></span> <span class='ocrx_word' id='word_1_424' title='bbox 1615 2643 1749 2674; x_wconf 70' lang='lat' dir='ltr'><strong>mittere.</strong></span> 
     </span>
     <span class='ocr_line' id='line_1_68' title="bbox 1080 2682 1185 2713; baseline -0.019 0"><span class='ocrx_word' id='word_1_425' title='bbox 1080 2682 1185 2713; x_wconf 82' lang='lat' dir='ltr'><strong>CREv.</strong></span> 
     </span>
    </p>

    <p class='ocr_par' dir='ltr' id='par_1_12' title="bbox 1077 2725 1748 2933">
     <span class='ocr_line' id='line_1_69' title="bbox 1123 2725 1748 2763; baseline 0.005 -9"><span class='ocrx_word' id='word_1_426' title='bbox 1123 2734 1139 2754; x_wconf 85' lang='lat'><strong>2</strong></span> <span class='ocrx_word' id='word_1_427' title='bbox 1162 2726 1255 2755; x_wconf 82' lang='lat' dir='ltr'><strong>Inter</strong></span> <span class='ocrx_word' id='word_1_428' title='bbox 1277 2735 1310 2755; x_wconf 83' lang='lat' dir='ltr'><strong>se</strong></span> <span class='ocrx_word' id='word_1_429' title='bbox 1332 2725 1500 2763; x_wconf 76' lang='lat' dir='ltr'><strong>accmzsae]</strong></span> <span class='ocrx_word' id='word_1_430' title='bbox 1533 2725 1679 2756; x_wconf 81' lang='lat' dir='ltr'><strong>Accensa</strong></span> <span class='ocrx_word' id='word_1_431' title='bbox 1701 2725 1748 2757; x_wconf 92' lang='lat' dir='ltr'><strong>in-</strong></span> 
     </span>
     <span class='ocr_line' id='line_1_70' title="bbox 1077 2766 1748 2806; baseline 0.004 -10"><span class='ocrx_word' id='word_1_432' title='bbox 1077 2766 1303 2806; x_wconf 83' lang='lat' dir='ltr'><strong>terpunctione</strong></span> <span class='ocrx_word' id='word_1_433' title='bbox 1314 2767 1452 2804; x_wconf 85' lang='lat' dir='ltr'><strong>sublata,</strong></span> <span class='ocrx_word' id='word_1_434' title='bbox 1463 2770 1594 2798; x_wconf 83' lang='lat' dir='ltr'><strong>auctore</strong></span> <span class='ocrx_word' id='word_1_435' title='bbox 1607 2767 1748 2800; x_wconf 82' lang='lat' dir='ltr'><strong>Heusin-</strong></span> 
     </span>
     <span class='ocr_line' id='line_1_71' title="bbox 1078 2808 1748 2848; baseline 0.006 -10"><span class='ocrx_word' id='word_1_436' title='bbox 1078 2819 1165 2848; x_wconf 80' lang='lat' dir='ltr'><strong>gero,</strong></span> <span class='ocrx_word' id='word_1_437' title='bbox 1181 2808 1322 2847; x_wconf 85' lang='lat' dir='ltr'><strong>reposuit</strong></span> <span class='ocrx_word' id='word_1_438' title='bbox 1340 2808 1480 2840; x_wconf 89' lang='lat' dir='ltr'><strong>Bekker.</strong></span> <span class='ocrx_word' id='word_1_439' title='bbox 1502 2808 1548 2839; x_wconf 77' lang='lat' dir='ltr'><strong>ita</strong></span> <span class='ocrx_word' id='word_1_440' title='bbox 1567 2813 1604 2839; x_wconf 87' lang='lat' dir='ltr'><strong>ut</strong></span> <span class='ocrx_word' id='word_1_441' title='bbox 1622 2820 1681 2840; x_wconf 88' lang='lat' dir='ltr'><strong>vox</strong></span> <span class='ocrx_word' id='word_1_442' title='bbox 1696 2821 1748 2842; x_wconf 83' lang='lat' dir='ltr'><strong>ac-</strong></span> 
     </span>
     <span class='ocr_line' id='line_1_72' title="bbox 1078 2853 1747 2890; baseline 0.004 -9"><span class='ocrx_word' id='word_1_443' title='bbox 1078 2862 1173 2882; x_wconf 82' lang='lat' dir='ltr'><strong>censa</strong></span> <span class='ocrx_word' id='word_1_444' title='bbox 1200 2861 1273 2881; x_wconf 89' lang='lat' dir='ltr'><strong>cum</strong></span> <span class='ocrx_word' id='word_1_445' title='bbox 1300 2854 1454 2890; x_wconf 83' lang='lat' dir='ltr'><strong>sequente</strong></span> <span class='ocrx_word' id='word_1_446' title='bbox 1477 2853 1649 2884; x_wconf 80' lang='lat' dir='ltr'><strong>aemulatio</strong></span> <span class='ocrx_word' id='word_1_447' title='bbox 1673 2863 1747 2884; x_wconf 90' lang='lat' dir='ltr'><strong>con-</strong></span> 
     </span>
     <span class='ocr_line' id='line_1_73' title="bbox 1077 2896 1180 2933; baseline -0.01 -10"><span class='ocrx_word' id='word_1_448' title='bbox 1077 2896 1180 2933; x_wconf 85' lang='lat' dir='ltr'><strong>gruat.</strong></span> 
     </span>
    </p>
   </div>
  </div>
 </body>
</html>
