<?xml version="1.0" encoding="UTF-8"?>
<!DOCTYPE html PUBLIC "-//W3C//DTD XHTML 1.0 Transitional//EN"
    "http://www.w3.org/TR/xhtml1/DTD/xhtml1-transitional.dtd">
<html xmlns="http://www.w3.org/1999/xhtml" xml:lang="en" lang="en">
 <head>
  <title>
</title>
<meta http-equiv="Content-Type" content="text/html;charset=utf-8" />
  <meta name='ocr-system' content='tesseract 3.04.00' />
  <meta name='ocr-capabilities' content='ocr_page ocr_carea ocr_par ocr_line ocrx_word'/>
</head>
<body>
  <div class='ocr_page' id='page_1' title='image "./historiarumli04livyuoft/historiarumli04livyuoft_0394.png"; bbox 0 0 1888 3194; ppageno 0'>
   <div class='ocr_carea' id='block_1_1' title="bbox 360 183 1263 227">
    <p class='ocr_par' dir='ltr' id='par_1_1' title="bbox 360 183 1263 227">
     <span class='ocr_line' id='line_1_1' title="bbox 360 183 1263 227; baseline 0.007 -5"><span class='ocrx_word' id='word_1_1' title='bbox 360 184 442 223; x_wconf 88' lang='grc'><em>386</em></span> <span class='ocrx_word' id='word_1_2' title='bbox 848 183 1263 227; x_wconf 86' lang='lat' dir='ltr'><strong>PRAEFATIO</strong></span> 
     </span>
    </p>
   </div>
   <div class='ocr_carea' id='block_1_2' title="bbox 345 287 1758 2921">
    <p class='ocr_par' dir='ltr' id='par_1_2' title="bbox 345 287 1758 2921">
     <span class='ocr_line' id='line_1_2' title="bbox 359 287 1755 347; baseline 0.001 -18"><span class='ocrx_word' id='word_1_3' title='bbox 359 287 404 329; x_wconf 90' lang='lat' dir='ltr'><em>id</em></span> <span class='ocrx_word' id='word_1_4' title='bbox 435 302 569 344; x_wconf 84' lang='lat' dir='ltr'><strong>genus</strong></span> <span class='ocrx_word' id='word_1_5' title='bbox 601 288 856 340; x_wconf 87' lang='lat' dir='ltr'><em>omittamus,</em></span> <span class='ocrx_word' id='word_1_6' title='bbox 890 291 1073 347; x_wconf 88' lang='lat' dir='ltr'><em>potiores</em></span> <span class='ocrx_word' id='word_1_7' title='bbox 1106 300 1271 333; x_wconf 83' lang='lat' dir='ltr'><strong>tantum</strong></span> <span class='ocrx_word' id='word_1_8' title='bbox 1303 305 1357 332; x_wconf 85' lang='lat' dir='ltr'><em>ex</em></span> <span class='ocrx_word' id='word_1_9' title='bbox 1390 289 1541 331; x_wconf 88' lang='lat' dir='ltr'><em>eodem</em></span> <span class='ocrx_word' id='word_1_10' title='bbox 1573 289 1755 330; x_wconf 86' lang='lat' dir='ltr'>maxime</span> 
     </span>
     <span class='ocr_line' id='line_1_3' title="bbox 359 355 1758 413; baseline 0.001 -17"><span class='ocrx_word' id='word_1_11' title='bbox 359 355 466 397; x_wconf 88' lang='lat' dir='ltr'><strong>libro</strong></span> <span class='ocrx_word' id='word_1_12' title='bbox 487 356 756 413; x_wconf 83' lang='lat' dir='ltr'><em>depromptas</em></span> <span class='ocrx_word' id='word_1_13' title='bbox 782 373 1126 400; x_wconf 85' lang='lat' dir='ltr'>commemorasse</span> <span class='ocrx_word' id='word_1_14' title='bbox 1154 359 1325 400; x_wconf 85' lang='lat' dir='ltr'><strong>iuvabit.</strong></span> <span class='ocrx_word' id='word_1_15' title='bbox 1388 358 1440 399; x_wconf 81' lang='lat' dir='ltr'><em>In</em></span> <span class='ocrx_word' id='word_1_16' title='bbox 1462 357 1606 399; x_wconf 87' lang='lat' dir='ltr'><em>codice</em></span> <span class='ocrx_word' id='word_1_17' title='bbox 1629 356 1758 398; x_wconf 87' lang='lat' dir='ltr'>Bam-</span> 
     </span>
     <span class='ocr_line' id='line_1_4' title="bbox 358 424 1757 481; baseline 0.001 -16"><span class='ocrx_word' id='word_1_18' title='bbox 358 424 552 481; x_wconf 83' lang='lat' dir='ltr'><em>bergensi</em></span> <span class='ocrx_word' id='word_1_19' title='bbox 573 425 712 481; x_wconf 84' lang='lat' dir='ltr'><em>igitur,</em></span> <span class='ocrx_word' id='word_1_20' title='bbox 735 425 870 467; x_wconf 83' lang='lat' dir='ltr'><strong>iurato</strong></span> <span class='ocrx_word' id='word_1_21' title='bbox 895 427 999 467; x_wconf 87' lang='lat' dir='ltr'><em>mihi</em></span> <span class='ocrx_word' id='word_1_22' title='bbox 1024 427 1162 476; x_wconf 80' lang='lat' dir='ltr'><em>crede,</em></span> <span class='ocrx_word' id='word_1_23' title='bbox 1185 427 1279 468; x_wconf 96' lang='lat' dir='ltr'><strong>Lib.</strong></span> <span class='ocrx_word' id='word_1_24' title='bbox 1306 427 1481 468; x_wconf 86' lang='lat' dir='ltr'>XXXI.</span> <span class='ocrx_word' id='word_1_25' title='bbox 1506 429 1573 467; x_wconf 91' lang='lat'><em>31.</em></span> <span class='ocrx_word' id='word_1_26' title='bbox 1596 427 1757 466; x_wconf 82' lang='lat' dir='ltr'><em>Eadem</em></span> 
     </span>
     <span class='ocr_line' id='line_1_5' title="bbox 359 493 1753 549; baseline 0.001 -17"><span class='ocrx_word' id='word_1_27' title='bbox 359 493 456 533; x_wconf 76' lang='lat' dir='ltr'><em>haec</em></span> <span class='ocrx_word' id='word_1_28' title='bbox 490 493 609 534; x_wconf 74' lang='lat' dir='ltr'><em>Chios</em></span> <span class='ocrx_word' id='word_1_29' title='bbox 639 508 715 548; x_wconf 91' lang='lat' dir='ltr'><em>pro</em></span> <span class='ocrx_word' id='word_1_30' title='bbox 742 494 901 534; x_wconf 79' lang='lat' dir='ltr'><em>Eadem</em></span> <span class='ocrx_word' id='word_1_31' title='bbox 934 495 1053 535; x_wconf 78' lang='lat' dir='ltr'><em>Chios</em></span> <span class='ocrx_word' id='word_1_32' title='bbox 1085 494 1170 534; x_wconf 88' lang='lat' dir='ltr'><em>sive</em></span> <span class='ocrx_word' id='word_1_33' title='bbox 1203 494 1344 549; x_wconf 87' lang='lat' dir='ltr'><em>potius</em></span> <span class='ocrx_word' id='word_1_34' title='bbox 1372 494 1531 542; x_wconf 74' lang='lat' dir='ltr'><em>Cianos,</em></span> <span class='ocrx_word' id='word_1_35' title='bbox 1567 508 1655 549; x_wconf 83' lang='lat' dir='ltr'><strong>cap.</strong></span> <span class='ocrx_word' id='word_1_36' title='bbox 1684 496 1753 534; x_wconf 85' lang='lat'><em>40.</em></span> 
     </span>
     <span class='ocr_line' id='line_1_6' title="bbox 359 561 1757 616; baseline 0.001 -16"><span class='ocrx_word' id='word_1_37' title='bbox 359 563 399 601; x_wconf 80' lang='lat' dir='ltr'><em>in</em></span> <span class='ocrx_word' id='word_1_38' title='bbox 422 562 507 601; x_wconf 82' lang='lat' dir='ltr'><em>loca</em></span> <span class='ocrx_word' id='word_1_39' title='bbox 526 568 681 615; x_wconf 79' lang='lat' dir='ltr'><em>pacata</em></span> <span class='ocrx_word' id='word_1_40' title='bbox 710 576 785 616; x_wconf 90' lang='lat' dir='ltr'><em>pro</em></span> <span class='ocrx_word' id='word_1_41' title='bbox 816 564 857 602; x_wconf 78' lang='lat' dir='ltr'><em>in</em></span> <span class='ocrx_word' id='word_1_42' title='bbox 889 563 974 602; x_wconf 80' lang='lat' dir='ltr'><em>loca</em></span> <span class='ocrx_word' id='word_1_43' title='bbox 1005 565 1085 602; x_wconf 79' lang='lat' dir='ltr'><em>iam</em></span> <span class='ocrx_word' id='word_1_44' title='bbox 1107 570 1274 616; x_wconf 80' lang='lat' dir='ltr'><em>pacata,</em></span> <span class='ocrx_word' id='word_1_45' title='bbox 1298 562 1366 602; x_wconf 85' lang='lat' dir='ltr'><em>cui</em></span> <span class='ocrx_word' id='word_1_46' title='bbox 1391 562 1497 602; x_wconf 86' lang='lat' dir='ltr'><strong>illud</strong></span> <span class='ocrx_word' id='word_1_47' title='bbox 1518 562 1601 602; x_wconf 84' lang='lat' dir='ltr'><em>iam</em></span> <span class='ocrx_word' id='word_1_48' title='bbox 1626 561 1757 602; x_wconf 88' lang='lat' dir='ltr'><em>Gele-</em></span> 
     </span>
     <span class='ocr_line' id='line_1_7' title="bbox 359 628 1755 685; baseline 0.001 -17"><span class='ocrx_word' id='word_1_49' title='bbox 359 628 454 669; x_wconf 88' lang='lat' dir='ltr'><strong>nius</strong></span> <span class='ocrx_word' id='word_1_50' title='bbox 485 628 711 677; x_wconf 79' lang='lat' dir='ltr'>substituit,</span> <span class='ocrx_word' id='word_1_51' title='bbox 741 628 834 669; x_wconf 86' lang='lat' dir='ltr'><strong>Lib.</strong></span> <span class='ocrx_word' id='word_1_52' title='bbox 868 629 1068 670; x_wconf 81' lang='lat' dir='ltr'>XXXII.</span> <span class='ocrx_word' id='word_1_53' title='bbox 1095 631 1132 671; x_wconf 91' lang='lat'><em>7.</em></span> <span class='ocrx_word' id='word_1_54' title='bbox 1161 631 1377 670; x_wconf 73' lang='lat' dir='ltr'><em>Insubrum</em></span> <span class='ocrx_word' id='word_1_55' title='bbox 1407 645 1482 685; x_wconf 89' lang='lat' dir='ltr'><em>pro</em></span> <span class='ocrx_word' id='word_1_56' title='bbox 1511 631 1755 679; x_wconf 72' lang='lat' dir='ltr'><em>Insubrium,</em></span> 
     </span>
     <span class='ocr_line' id='line_1_8' title="bbox 360 698 1754 753; baseline 0.001 -15"><span class='ocrx_word' id='word_1_57' title='bbox 360 713 447 753; x_wconf 85' lang='lat' dir='ltr'><strong>cap.</strong></span> <span class='ocrx_word' id='word_1_58' title='bbox 481 701 517 738; x_wconf 95' lang='lat'><em>9.</em></span> <span class='ocrx_word' id='word_1_59' title='bbox 549 699 686 737; x_wconf 87' lang='lat' dir='ltr'><em>emisso</em></span> <span class='ocrx_word' id='word_1_60' title='bbox 716 713 735 737; x_wconf 89' lang='lat' dir='ltr'><em>e</em></span> <span class='ocrx_word' id='word_1_61' title='bbox 766 698 948 736; x_wconf 75' lang='lat' dir='ltr'><em>manibus</em></span> <span class='ocrx_word' id='word_1_62' title='bbox 978 698 1084 737; x_wconf 73' lang='lat' dir='ltr'><em>hoste</em></span> <span class='ocrx_word' id='word_1_63' title='bbox 1116 713 1192 752; x_wconf 87' lang='lat' dir='ltr'><em>pro</em></span> <span class='ocrx_word' id='word_1_64' title='bbox 1226 701 1342 738; x_wconf 87' lang='lat' dir='ltr'><em>misso</em></span> <span class='ocrx_word' id='word_1_65' title='bbox 1374 714 1393 738; x_wconf 89' lang='lat' dir='ltr'><em>e</em></span> <span class='ocrx_word' id='word_1_66' title='bbox 1425 700 1607 739; x_wconf 78' lang='lat' dir='ltr'><em>manibus</em></span> <span class='ocrx_word' id='word_1_67' title='bbox 1637 701 1754 748; x_wconf 76' lang='lat' dir='ltr'><em>hoste,</em></span> 
     </span>
     <span class='ocr_line' id='line_1_9' title="bbox 359 766 1758 821; baseline 0.001 -16"><span class='ocrx_word' id='word_1_68' title='bbox 359 780 447 820; x_wconf 86' lang='lat' dir='ltr'><strong>cap.</strong></span> <span class='ocrx_word' id='word_1_69' title='bbox 483 768 545 804; x_wconf 89' lang='lat'><em>13.</em></span> <span class='ocrx_word' id='word_1_70' title='bbox 579 767 715 817; x_wconf 67' lang='lat' dir='ltr'><em>inqens</em></span> <span class='ocrx_word' id='word_1_71' title='bbox 745 766 819 803; x_wconf 86' lang='lat' dir='ltr'><em>iter</em></span> <span class='ocrx_word' id='word_1_72' title='bbox 849 766 1013 818; x_wconf 63' lang='lat' dir='ltr'><em>cymini,</em></span> <span class='ocrx_word' id='word_1_73' title='bbox 1045 766 1114 804; x_wconf 80' lang='lat' dir='ltr'><em>sed</em></span> <span class='ocrx_word' id='word_1_74' title='bbox 1142 772 1266 805; x_wconf 75' lang='lat' dir='ltr'><em>metus</em></span> <span class='ocrx_word' id='word_1_75' title='bbox 1298 767 1475 819; x_wconf 39' lang='lat' dir='ltr'><em>zer-oebat,</em></span> <span class='ocrx_word' id='word_1_76' title='bbox 1510 780 1585 820; x_wconf 92' lang='lat' dir='ltr'><em>pro</em></span> <span class='ocrx_word' id='word_1_77' title='bbox 1621 769 1758 821; x_wconf 71' lang='lat' dir='ltr'><em>inqens</em></span> 
     </span>
     <span class='ocr_line' id='line_1_10' title="bbox 360 832 1757 889; baseline 0.002 -17"><span class='ocrx_word' id='word_1_78' title='bbox 360 834 435 872; x_wconf 84' lang='lat' dir='ltr'><em>iter</em></span> <span class='ocrx_word' id='word_1_79' title='bbox 459 834 644 887; x_wconf 72' lang='lat' dir='ltr'><em>ayminis,</em></span> <span class='ocrx_word' id='word_1_80' title='bbox 666 833 735 871; x_wconf 84' lang='lat' dir='ltr'><em>sed</em></span> <span class='ocrx_word' id='word_1_81' title='bbox 760 839 884 871; x_wconf 76' lang='lat' dir='ltr'><em>metus</em></span> <span class='ocrx_word' id='word_1_82' title='bbox 916 834 1122 886; x_wconf 66' lang='lat' dir='ltr'><em>icrquebat,</em></span> <span class='ocrx_word' id='word_1_83' title='bbox 1150 832 1266 888; x_wconf 90' lang='lat' dir='ltr'><em>quod</em></span> <span class='ocrx_word' id='word_1_84' title='bbox 1288 832 1661 874; x_wconf 82' lang='lat' dir='ltr'><em>Drakenborehius</em></span> <span class='ocrx_word' id='word_1_85' title='bbox 1680 849 1757 889; x_wconf 90' lang='lat' dir='ltr'><em>pro</em></span> 
     </span>
     <span class='ocr_line' id='line_1_11' title="bbox 360 900 1756 955; baseline 0.002 -16"><span class='ocrx_word' id='word_1_86' title='bbox 360 902 511 954; x_wconf 64' lang='lat' dir='ltr'><em>inqenti</em></span> <span class='ocrx_word' id='word_1_87' title='bbox 539 902 677 940; x_wconf 76' lang='lat' dir='ltr'><em>itinere</em></span> <span class='ocrx_word' id='word_1_88' title='bbox 709 902 893 954; x_wconf 69' lang='lat' dir='ltr'><em>ayminiS,</em></span> <span class='ocrx_word' id='word_1_89' title='bbox 923 907 961 940; x_wconf 84' lang='lat' dir='ltr'><em>et</em></span> <span class='ocrx_word' id='word_1_90' title='bbox 989 907 1114 941; x_wconf 73' lang='lat' dir='ltr'><em>metus</em></span> <span class='ocrx_word' id='word_1_91' title='bbox 1145 902 1311 955; x_wconf 67' lang='lat' dir='ltr'><em>wyebat</em></span> <span class='ocrx_word' id='word_1_92' title='bbox 1349 900 1554 941; x_wconf 83' lang='lat' dir='ltr'><em>Gronovii</em></span> <span class='ocrx_word' id='word_1_93' title='bbox 1591 901 1756 943; x_wconf 88' lang='lat' dir='ltr'><em>coniec-</em></span> 
     </span>
     <span class='ocr_line' id='line_1_12' title="bbox 361 957 1758 1024; baseline 0.001 -16"><span class='ocrx_word' id='word_1_94' title='bbox 361 977 494 1008; x_wconf 82' lang='lat' dir='ltr'>turam</span> <span class='ocrx_word' id='word_1_95' title='bbox 529 978 696 1008; x_wconf 91' lang='lat' dir='ltr'><em>secutus</em></span> <span class='ocrx_word' id='word_1_96' title='bbox 728 968 899 1023; x_wconf 86' lang='lat' dir='ltr'><em>recepit,</em></span> <span class='ocrx_word' id='word_1_97' title='bbox 934 967 1034 1009; x_wconf 87' lang='lat' dir='ltr'><strong>ibid.</strong></span> <span class='ocrx_word' id='word_1_98' title='bbox 1071 976 1117 1009; x_wconf 80' lang='lat' dir='ltr'><em>ut</em></span> <span class='ocrx_word' id='word_1_99' title='bbox 1150 971 1191 1009; x_wconf 78' lang='lat' dir='ltr'><em>in</em></span> <span class='ocrx_word' id='word_1_100' title='bbox 1232 957 1483 1009; x_wconf 73' lang='lat' dir='ltr'><em>Thessaliam</em></span> <span class='ocrx_word' id='word_1_101' title='bbox 1517 984 1659 1024; x_wconf 66' lang='lat' dir='ltr'><em>cymen</em></span> <span class='ocrx_word' id='word_1_102' title='bbox 1691 971 1758 1010; x_wconf 88' lang='lat' dir='ltr'><em>de-</em></span> 
     </span>
     <span class='ocr_line' id='line_1_13' title="bbox 360 1035 1758 1092; baseline 0.001 -16"><span class='ocrx_word' id='word_1_103' title='bbox 360 1039 530 1077; x_wconf 76' lang='lat' dir='ltr'><em>mitteret</em></span> <span class='ocrx_word' id='word_1_104' title='bbox 551 1050 626 1092; x_wconf 91' lang='lat' dir='ltr'><em>pro</em></span> <span class='ocrx_word' id='word_1_105' title='bbox 651 1051 765 1076; x_wconf 73' lang='lat' dir='ltr'><em>suum</em></span> <span class='ocrx_word' id='word_1_106' title='bbox 787 1035 854 1076; x_wconf 84' lang='lat' dir='ltr'><em>vel</em></span> <span class='ocrx_word' id='word_1_107' title='bbox 875 1037 1059 1085; x_wconf 74' lang='lat' dir='ltr'><em>subitum,</em></span> <span class='ocrx_word' id='word_1_108' title='bbox 1084 1035 1199 1091; x_wconf 87' lang='lat' dir='ltr'><strong>quod</strong></span> <span class='ocrx_word' id='word_1_109' title='bbox 1221 1035 1439 1076; x_wconf 87' lang='lat' dir='ltr'><em>Bekkerus</em></span> <span class='ocrx_word' id='word_1_110' title='bbox 1461 1051 1513 1077; x_wconf 86' lang='lat' dir='ltr'><em>ex</em></span> <span class='ocrx_word' id='word_1_111' title='bbox 1534 1036 1758 1078; x_wconf 88' lang='lat' dir='ltr'><strong>vanissima</strong></span> 
     </span>
     <span class='ocr_line' id='line_1_14' title="bbox 359 1103 1758 1160; baseline 0.001 -17"><span class='ocrx_word' id='word_1_112' title='bbox 359 1103 539 1144; x_wconf 81' lang='lat' dir='ltr'><em>Walehii</em></span> <span class='ocrx_word' id='word_1_113' title='bbox 579 1103 820 1144; x_wconf 83' lang='lat' dir='ltr'><em>coniectura</em></span> <span class='ocrx_word' id='word_1_114' title='bbox 860 1103 920 1143; x_wconf 81' lang='lat' dir='ltr'><strong>illi</strong></span> <span class='ocrx_word' id='word_1_115' title='bbox 961 1104 1188 1153; x_wconf 85' lang='lat' dir='ltr'><strong>substituit,</strong></span> <span class='ocrx_word' id='word_1_116' title='bbox 1231 1106 1272 1145; x_wconf 81' lang='lat' dir='ltr'><em>in</em></span> <span class='ocrx_word' id='word_1_117' title='bbox 1322 1106 1574 1145; x_wconf 73' lang='lat' dir='ltr'><em>Thessaliam</em></span> <span class='ocrx_word' id='word_1_118' title='bbox 1615 1120 1758 1160; x_wconf 65' lang='lat' dir='ltr'><em>aqmen</em></span> 
     </span>
     <span class='ocr_line' id='line_1_15' title="bbox 359 1172 1758 1228; baseline 0 -15"><span class='ocrx_word' id='word_1_119' title='bbox 359 1174 570 1221; x_wconf 78' lang='lat' dir='ltr'><em>demittere,</em></span> <span class='ocrx_word' id='word_1_120' title='bbox 607 1187 694 1227; x_wconf 80' lang='lat' dir='ltr'><strong>cap.</strong></span> <span class='ocrx_word' id='word_1_121' title='bbox 732 1175 796 1212; x_wconf 84' lang='lat'><strong>18.</strong></span> <span class='ocrx_word' id='word_1_122' title='bbox 832 1173 970 1212; x_wconf 75' lang='lat' dir='ltr'><em>aberat</em></span> <span class='ocrx_word' id='word_1_123' title='bbox 1004 1187 1080 1227; x_wconf 86' lang='lat' dir='ltr'><em>pro</em></span> <span class='ocrx_word' id='word_1_124' title='bbox 1116 1174 1280 1212; x_wconf 71' lang='lat' dir='ltr'><em>abibant</em></span> <span class='ocrx_word' id='word_1_125' title='bbox 1314 1181 1357 1213; x_wconf 86' lang='lat' dir='ltr'><em>et</em></span> <span class='ocrx_word' id='word_1_126' title='bbox 1392 1172 1532 1228; x_wconf 84' lang='lat' dir='ltr'><em>paullo</em></span> <span class='ocrx_word' id='word_1_127' title='bbox 1569 1183 1674 1228; x_wconf 86' lang='lat' dir='ltr'><em>post,</em></span> <span class='ocrx_word' id='word_1_128' title='bbox 1711 1172 1758 1213; x_wconf 90' lang='lat' dir='ltr'><em>id</em></span> 
     </span>
     <span class='ocr_line' id='line_1_16' title="bbox 360 1239 1753 1297; baseline 0 -16"><span class='ocrx_word' id='word_1_129' title='bbox 360 1240 475 1297; x_wconf 88' lang='lat' dir='ltr'><em>quod</em></span> <span class='ocrx_word' id='word_1_130' title='bbox 500 1239 720 1281; x_wconf 86' lang='lat' dir='ltr'><em>Goellerus</em></span> <span class='ocrx_word' id='word_1_131' title='bbox 741 1248 852 1280; x_wconf 86' lang='lat' dir='ltr'><em>recte</em></span> <span class='ocrx_word' id='word_1_132' title='bbox 875 1240 1104 1289; x_wconf 81' lang='lat' dir='ltr'><em>annotavit,</em></span> <span class='ocrx_word' id='word_1_133' title='bbox 1128 1241 1296 1280; x_wconf 73' lang='lat' dir='ltr'><em>habebat</em></span> <span class='ocrx_word' id='word_1_134' title='bbox 1322 1255 1397 1296; x_wconf 86' lang='lat' dir='ltr'><em>pro</em></span> <span class='ocrx_word' id='word_1_135' title='bbox 1427 1241 1636 1290; x_wconf 74' lang='lat' dir='ltr'><em>habebant,</em></span> <span class='ocrx_word' id='word_1_136' title='bbox 1659 1239 1753 1281; x_wconf 90' lang='lat' dir='ltr'><strong>Lib.</strong></span> 
     </span>
     <span class='ocr_line' id='line_1_17' title="bbox 361 1309 1758 1363; baseline -0.001 -13"><span class='ocrx_word' id='word_1_137' title='bbox 361 1309 585 1350; x_wconf 79' lang='lat' dir='ltr'>XXXIII.</span> <span class='ocrx_word' id='word_1_138' title='bbox 615 1312 654 1348; x_wconf 84' lang='lat'><em>4.</em></span> <span class='ocrx_word' id='word_1_139' title='bbox 685 1310 805 1349; x_wconf 76' lang='lat' dir='ltr'><em>robur</em></span> <span class='ocrx_word' id='word_1_140' title='bbox 832 1324 942 1349; x_wconf 78' lang='lat' dir='ltr'><em>omne</em></span> <span class='ocrx_word' id='word_1_141' title='bbox 969 1311 1114 1348; x_wconf 75' lang='lat' dir='ltr'><em>virium</em></span> <span class='ocrx_word' id='word_1_142' title='bbox 1143 1311 1225 1348; x_wconf 72' lang='lat' dir='ltr'><em>eius</em></span> <span class='ocrx_word' id='word_1_143' title='bbox 1254 1311 1365 1363; x_wconf 67' lang='lat' dir='ltr'><em>requi</em></span> <span class='ocrx_word' id='word_1_144' title='bbox 1392 1323 1467 1363; x_wconf 88' lang='lat' dir='ltr'><em>pro</em></span> <span class='ocrx_word' id='word_1_145' title='bbox 1496 1309 1616 1349; x_wconf 76' lang='lat' dir='ltr'><em>robur</em></span> <span class='ocrx_word' id='word_1_146' title='bbox 1647 1324 1758 1349; x_wconf 82' lang='lat' dir='ltr'><em>omne</em></span> 
     </span>
     <span class='ocr_line' id='line_1_18' title="bbox 361 1378 1757 1431; baseline 0 -14"><span class='ocrx_word' id='word_1_147' title='bbox 361 1379 506 1417; x_wconf 78' lang='lat' dir='ltr'><em>virium</em></span> <span class='ocrx_word' id='word_1_148' title='bbox 537 1384 575 1416; x_wconf 87' lang='lat' dir='ltr'><em>et</em></span> <span class='ocrx_word' id='word_1_149' title='bbox 604 1379 728 1431; x_wconf 65' lang='lat' dir='ltr'><em>reflui,</em></span> <span class='ocrx_word' id='word_1_150' title='bbox 765 1391 854 1431; x_wconf 83' lang='lat' dir='ltr'><strong>cap.</strong></span> <span class='ocrx_word' id='word_1_151' title='bbox 889 1379 952 1417; x_wconf 89' lang='grc'><em>15.</em></span> <span class='ocrx_word' id='word_1_152' title='bbox 989 1378 1077 1416; x_wconf 79' lang='lat' dir='ltr'><em>(lein</em></span> <span class='ocrx_word' id='word_1_153' title='bbox 1109 1378 1284 1416; x_wconf 76' lang='lat' dir='ltr'><em>aliarum</em></span> <span class='ocrx_word' id='word_1_154' title='bbox 1316 1379 1494 1430; x_wconf 69' lang='lat' dir='ltr'><em>qeiztz&#39;uiri</em></span> <span class='ocrx_word' id='word_1_155' title='bbox 1527 1378 1757 1417; x_wconf 73' lang='lat' dir='ltr'><em>exercitibus</em></span> 
     </span>
     <span class='ocr_line' id='line_1_19' title="bbox 360 1443 1757 1499; baseline 0.001 -14"><span class='ocrx_word' id='word_1_156' title='bbox 360 1447 480 1486; x_wconf 73' lang='lat' dir='ltr'><em>robur</em></span> <span class='ocrx_word' id='word_1_157' title='bbox 514 1452 612 1493; x_wconf 78' lang='lat' dir='ltr'><em>erat,</em></span> <span class='ocrx_word' id='word_1_158' title='bbox 651 1443 766 1499; x_wconf 89' lang='lat' dir='ltr'><em>quod</em></span> <span class='ocrx_word' id='word_1_159' title='bbox 801 1444 859 1484; x_wconf 81' lang='lat' dir='ltr'><em>ita</em></span> <span class='ocrx_word' id='word_1_160' title='bbox 895 1444 1070 1492; x_wconf 83' lang='lat' dir='ltr'><em>restitui,</em></span> <span class='ocrx_word' id='word_1_161' title='bbox 1106 1453 1153 1484; x_wconf 90' lang='lat' dir='ltr'><em>ut</em></span> <span class='ocrx_word' id='word_1_162' title='bbox 1194 1445 1237 1483; x_wconf 79' lang='lat' dir='ltr'><em>id</em></span> <span class='ocrx_word' id='word_1_163' title='bbox 1274 1446 1316 1484; x_wconf 85' lang='lat' dir='ltr'><em>in</em></span> <span class='ocrx_word' id='word_1_164' title='bbox 1356 1445 1519 1484; x_wconf 78' lang='lat' dir='ltr'><em>illarum</em></span> <span class='ocrx_word' id='word_1_165' title='bbox 1555 1458 1631 1499; x_wconf 87' lang='lat' dir='ltr'><em>pro</em></span> <span class='ocrx_word' id='word_1_166' title='bbox 1667 1445 1757 1486; x_wconf 79' lang='lat' dir='ltr'><em>dein</em></span> 
     </span>
     <span class='ocr_line' id='line_1_20' title="bbox 359 1513 1758 1567; baseline -0.001 -14"><span class='ocrx_word' id='word_1_167' title='bbox 359 1515 535 1554; x_wconf 75' lang='lat' dir='ltr'><em>aliarum</em></span> <span class='ocrx_word' id='word_1_168' title='bbox 580 1527 841 1567; x_wconf 80' lang='lat' dir='ltr'><em>reponerem,</em></span> <span class='ocrx_word' id='word_1_169' title='bbox 884 1526 959 1566; x_wconf 86' lang='lat' dir='ltr'><em>pro</em></span> <span class='ocrx_word' id='word_1_170' title='bbox 1001 1513 1089 1552; x_wconf 80' lang='lat' dir='ltr'><em>dein</em></span> <span class='ocrx_word' id='word_1_171' title='bbox 1131 1513 1307 1552; x_wconf 76' lang='lat' dir='ltr'><em>aliarum</em></span> <span class='ocrx_word' id='word_1_172' title='bbox 1347 1514 1526 1566; x_wconf 68' lang='lat' dir='ltr'><em>yeiztium</em></span> <span class='ocrx_word' id='word_1_173' title='bbox 1566 1513 1758 1552; x_wconf 74' lang='lat' dir='ltr'><em>exercitus</em></span> 
     </span>
     <span class='ocr_line' id='line_1_21' title="bbox 359 1580 1757 1635; baseline -0.001 -14"><span class='ocrx_word' id='word_1_174' title='bbox 359 1583 480 1622; x_wconf 80' lang='lat' dir='ltr'><em>robur</em></span> <span class='ocrx_word' id='word_1_175' title='bbox 500 1587 598 1629; x_wconf 76' lang='lat' dir='ltr'><em>erat,</em></span> <span class='ocrx_word' id='word_1_176' title='bbox 626 1595 713 1635; x_wconf 80' lang='lat' dir='ltr'><strong>cap.</strong></span> <span class='ocrx_word' id='word_1_177' title='bbox 741 1581 805 1621; x_wconf 86' lang='lat'><strong>17.</strong></span> <span class='ocrx_word' id='word_1_178' title='bbox 840 1594 945 1620; x_wconf 76' lang='lat' dir='ltr'><em>nunc</em></span> <span class='ocrx_word' id='word_1_179' title='bbox 976 1581 1108 1619; x_wconf 74' lang='lat' dir='ltr'><em>insula</em></span> <span class='ocrx_word' id='word_1_180' title='bbox 1138 1586 1206 1628; x_wconf 88' lang='lat' dir='ltr'><em>est,</em></span> <span class='ocrx_word' id='word_1_181' title='bbox 1240 1580 1385 1619; x_wconf 79' lang='lat' dir='ltr'><em>vadoso</em></span> <span class='ocrx_word' id='word_1_182' title='bbox 1400 1581 1515 1633; x_wconf 86' lang='lat' dir='ltr'><em>freto</em></span> <span class='ocrx_word' id='word_1_183' title='bbox 1544 1593 1620 1634; x_wconf 91' lang='lat' dir='ltr'><em>pro</em></span> <span class='ocrx_word' id='word_1_184' title='bbox 1651 1594 1757 1621; x_wconf 80' lang='lat' dir='ltr'><em>nunc</em></span> 
     </span>
     <span class='ocr_line' id='line_1_22' title="bbox 358 1649 1758 1703; baseline -0.001 -13"><span class='ocrx_word' id='word_1_185' title='bbox 358 1650 506 1697; x_wconf 77' lang='lat' dir='ltr'><em>insula,</em></span> <span class='ocrx_word' id='word_1_186' title='bbox 553 1649 698 1688; x_wconf 77' lang='lat' dir='ltr'><em>vadoso</em></span> <span class='ocrx_word' id='word_1_187' title='bbox 735 1649 863 1700; x_wconf 81' lang='lat' dir='ltr'><em>freto,</em></span> <span class='ocrx_word' id='word_1_188' title='bbox 911 1662 998 1702; x_wconf 84' lang='lat' dir='ltr'><strong>cap.</strong></span> <span class='ocrx_word' id='word_1_189' title='bbox 1047 1650 1111 1687; x_wconf 85' lang='lat'><em>18.</em></span> <span class='ocrx_word' id='word_1_190' title='bbox 1155 1649 1259 1687; x_wconf 78' lang='lat' dir='ltr'><em>acies</em></span> <span class='ocrx_word' id='word_1_191' title='bbox 1309 1654 1478 1701; x_wconf 79' lang='lat' dir='ltr'><em>utraque</em></span> <span class='ocrx_word' id='word_1_192' title='bbox 1527 1661 1603 1703; x_wconf 86' lang='lat' dir='ltr'><em>pro</em></span> <span class='ocrx_word' id='word_1_193' title='bbox 1653 1650 1758 1688; x_wconf 77' lang='lat' dir='ltr'><em>acies</em></span> 
     </span>
     <span class='ocr_line' id='line_1_23' title="bbox 359 1716 1757 1771; baseline -0.001 -14"><span class='ocrx_word' id='word_1_194' title='bbox 359 1724 560 1771; x_wconf 75' lang='lat' dir='ltr'><em>utraeque,</em></span> <span class='ocrx_word' id='word_1_195' title='bbox 584 1731 672 1771; x_wconf 83' lang='lat' dir='ltr'><strong>cap.</strong></span> <span class='ocrx_word' id='word_1_196' title='bbox 700 1719 764 1756; x_wconf 86' lang='lat'><strong>19.</strong></span> <span class='ocrx_word' id='word_1_197' title='bbox 785 1717 897 1770; x_wconf 67' lang='lat' dir='ltr'><em>faya</em></span> <span class='ocrx_word' id='word_1_198' title='bbox 926 1718 967 1756; x_wconf 79' lang='lat' dir='ltr'><em>in</em></span> <span class='ocrx_word' id='word_1_199' title='bbox 995 1716 1170 1770; x_wconf 69' lang='lat' dir='ltr'><em>expedito</em></span> <span class='ocrx_word' id='word_1_200' title='bbox 1186 1717 1280 1768; x_wconf 82' lang='lat' dir='ltr'><em>fuit</em></span> <span class='ocrx_word' id='word_1_201' title='bbox 1305 1729 1381 1770; x_wconf 86' lang='lat' dir='ltr'><em>pro</em></span> <span class='ocrx_word' id='word_1_202' title='bbox 1398 1717 1511 1770; x_wconf 69' lang='lat' dir='ltr'><strong><em>fuya</em></strong></span> <span class='ocrx_word' id='word_1_203' title='bbox 1540 1716 1757 1769; x_wconf 72' lang='lat' dir='ltr'><em>expeditior</em></span> 
     </span>
     <span class='ocr_line' id='line_1_24' title="bbox 345 1784 1756 1840; baseline -0.001 -15"><span class='ocrx_word' id='word_1_204' title='bbox 345 1787 449 1840; x_wconf 81' lang='lat' dir='ltr'><em>fuit,</em></span> <span class='ocrx_word' id='word_1_205' title='bbox 493 1799 580 1840; x_wconf 86' lang='lat' dir='ltr'><strong>cap.</strong></span> <span class='ocrx_word' id='word_1_206' title='bbox 625 1787 692 1824; x_wconf 92' lang='lat'><em>20.</em></span> <span class='ocrx_word' id='word_1_207' title='bbox 736 1787 923 1838; x_wconf 67' lang='lat' dir='ltr'><em>conimiqi</em></span> <span class='ocrx_word' id='word_1_208' title='bbox 965 1799 1052 1824; x_wconf 79' lang='lat' dir='ltr'><em>eum</em></span> <span class='ocrx_word' id='word_1_209' title='bbox 1091 1784 1285 1838; x_wconf 72' lang='lat' dir='ltr'><em>Philippo</em></span> <span class='ocrx_word' id='word_1_210' title='bbox 1324 1798 1400 1839; x_wconf 89' lang='lat' dir='ltr'><em>pro</em></span> <span class='ocrx_word' id='word_1_211' title='bbox 1441 1785 1629 1838; x_wconf 70' lang='lat' dir='ltr'><em>c07ziun9i</em></span> <span class='ocrx_word' id='word_1_212' title='bbox 1666 1798 1756 1824; x_wconf 82' lang='lat' dir='ltr'><em>cum</em></span> 
     </span>
     <span class='ocr_line' id='line_1_25' title="bbox 357 1851 1756 1907; baseline -0.001 -14"><span class='ocrx_word' id='word_1_213' title='bbox 357 1854 561 1907; x_wconf 69' lang='lat' dir='ltr'><em>Philippo,</em></span> <span class='ocrx_word' id='word_1_214' title='bbox 598 1867 686 1907; x_wconf 82' lang='lat' dir='ltr'><strong>cap.</strong></span> <span class='ocrx_word' id='word_1_215' title='bbox 724 1855 790 1892; x_wconf 89' lang='lat'><em>21.</em></span> <span class='ocrx_word' id='word_1_216' title='bbox 826 1853 992 1892; x_wconf 78' lang='lat' dir='ltr'><em>Attalus</em></span> <span class='ocrx_word' id='word_1_217' title='bbox 1024 1866 1099 1907; x_wconf 86' lang='lat' dir='ltr'><em>pro</em></span> <span class='ocrx_word' id='word_1_218' title='bbox 1133 1859 1171 1892; x_wconf 88' lang='lat' dir='ltr'><em>et</em></span> <span class='ocrx_word' id='word_1_219' title='bbox 1198 1852 1377 1901; x_wconf 76' lang='lat' dir='ltr'><em>Attalus,</em></span> <span class='ocrx_word' id='word_1_220' title='bbox 1412 1866 1501 1907; x_wconf 87' lang='lat' dir='ltr'><strong>cap.</strong></span> <span class='ocrx_word' id='word_1_221' title='bbox 1533 1854 1600 1892; x_wconf 89' lang='lat'><em>23.</em></span> <span class='ocrx_word' id='word_1_222' title='bbox 1635 1851 1756 1892; x_wconf 83' lang='lat' dir='ltr'><em>Aeris</em></span> 
     </span>
     <span class='ocr_line' id='line_1_26' title="bbox 359 1914 1754 1977; baseline -0.002 -16"><span class='ocrx_word' id='word_1_223' title='bbox 359 1922 452 1962; x_wconf 76' lang='lat' dir='ltr'><em>tulit</em></span> <span class='ocrx_word' id='word_1_224' title='bbox 481 1936 557 1977; x_wconf 87' lang='lat' dir='ltr'><em>pro</em></span> <span class='ocrx_word' id='word_1_225' title='bbox 593 1922 708 1960; x_wconf 83' lang='lat' dir='ltr'><em>Tulit</em></span> <span class='ocrx_word' id='word_1_226' title='bbox 738 1929 781 1961; x_wconf 88' lang='lat' dir='ltr'><em>et</em></span> <span class='ocrx_word' id='word_1_227' title='bbox 812 1919 953 1975; x_wconf 83' lang='lat' dir='ltr'><em>paullo</em></span> <span class='ocrx_word' id='word_1_228' title='bbox 989 1928 1083 1975; x_wconf 89' lang='lat' dir='ltr'><em>post</em></span> <span class='ocrx_word' id='word_1_229' title='bbox 1115 1926 1153 1959; x_wconf 81' lang='lat' dir='ltr'><em>et</em></span> <span class='ocrx_word' id='word_1_230' title='bbox 1186 1914 1354 1974; x_wconf 72' lang='lat' dir='ltr'><em>arqenti,</em></span> <span class='ocrx_word' id='word_1_231' title='bbox 1389 1919 1542 1960; x_wconf 89' lang='lat' dir='ltr'><em>omisso</em></span> <span class='ocrx_word' id='word_1_232' title='bbox 1573 1920 1632 1959; x_wconf 90' lang='lat' dir='ltr'><em>D.</em></span> <span class='ocrx_word' id='word_1_233' title='bbox 1668 1918 1754 1959; x_wconf 86' lang='lat' dir='ltr'><em>sive</em></span> 
     </span>
     <span class='ocr_line' id='line_1_27' title="bbox 358 1985 1757 2044; baseline -0.002 -15"><span class='ocrx_word' id='word_1_234' title='bbox 358 1992 600 2044; x_wconf 67' lang='lat' dir='ltr'><em>quinyentOS,</em></span> <span class='ocrx_word' id='word_1_235' title='bbox 636 2003 712 2044; x_wconf 88' lang='lat' dir='ltr'><em>pro</em></span> <span class='ocrx_word' id='word_1_236' title='bbox 748 1990 979 2042; x_wconf 49' lang='grc' dir='ltr'><em>φαίη-ρωπος</em></span> <span class='ocrx_word' id='word_1_237' title='bbox 1014 1990 1130 2036; x_wconf 81' lang='lat' dir='ltr'><em>aeris,</em></span> <span class='ocrx_word' id='word_1_238' title='bbox 1168 1990 1328 2041; x_wconf 71' lang='lat' dir='ltr'><em>aryeizti</em></span> <span class='ocrx_word' id='word_1_239' title='bbox 1361 1995 1439 2028; x_wconf 89' lang='lat' dir='ltr'><em>etc.</em></span> <span class='ocrx_word' id='word_1_240' title='bbox 1478 1986 1546 2027; x_wconf 88' lang='lat' dir='ltr'><em>eui</em></span> <span class='ocrx_word' id='word_1_241' title='bbox 1582 1985 1683 2026; x_wconf 88' lang='lat' dir='ltr'><em>olim</em></span> <span class='ocrx_word' id='word_1_242' title='bbox 1719 1993 1757 2026; x_wconf 85' lang='lat' dir='ltr'><em>et</em></span> 
     </span>
     <span class='ocr_line' id='line_1_28' title="bbox 359 2052 1754 2111; baseline -0.001 -15"><span class='ocrx_word' id='word_1_243' title='bbox 359 2059 589 2111; x_wconf 67' lang='lat' dir='ltr'><em>quinqentos</em></span> <span class='ocrx_word' id='word_1_244' title='bbox 616 2057 732 2103; x_wconf 78' lang='lat' dir='ltr'><em>aeris,</em></span> <span class='ocrx_word' id='word_1_245' title='bbox 762 2057 920 2109; x_wconf 69' lang='lat' dir='ltr'><em>aryenti</em></span> <span class='ocrx_word' id='word_1_246' title='bbox 948 2062 1026 2094; x_wconf 87' lang='lat' dir='ltr'><em>etc.</em></span> <span class='ocrx_word' id='word_1_247' title='bbox 1056 2053 1364 2103; x_wconf 78' lang='lat' dir='ltr'><em>substitueram,</em></span> <span class='ocrx_word' id='word_1_248' title='bbox 1390 2053 1507 2109; x_wconf 89' lang='lat' dir='ltr'><em>quod</em></span> <span class='ocrx_word' id='word_1_249' title='bbox 1532 2052 1754 2094; x_wconf 82' lang='lat' dir='ltr'><em>Bekkerus</em></span> 
     </span>
     <span class='ocr_line' id='line_1_29' title="bbox 357 2121 1754 2178; baseline -0.002 -15"><span class='ocrx_word' id='word_1_250' title='bbox 357 2137 578 2178; x_wconf 79' lang='lat' dir='ltr'><em>perperam</em></span> <span class='ocrx_word' id='word_1_251' title='bbox 613 2122 800 2171; x_wconf 83' lang='lat' dir='ltr'><em>retinuit,</em></span> <span class='ocrx_word' id='word_1_252' title='bbox 837 2136 925 2176; x_wconf 84' lang='lat' dir='ltr'><strong>cap.</strong></span> <span class='ocrx_word' id='word_1_253' title='bbox 960 2122 1026 2162; x_wconf 88' lang='lat'><em>27.</em></span> <span class='ocrx_word' id='word_1_254' title='bbox 1071 2121 1114 2162; x_wconf 86' lang='lat' dir='ltr'><em>C.</em></span> <span class='ocrx_word' id='word_1_255' title='bbox 1143 2121 1421 2174; x_wconf 78' lang='lat' dir='ltr'><em>Sempronium</em></span> <span class='ocrx_word' id='word_1_256' title='bbox 1453 2135 1530 2176; x_wconf 89' lang='lat' dir='ltr'><em>pro</em></span> <span class='ocrx_word' id='word_1_257' title='bbox 1567 2121 1754 2176; x_wconf 83' lang='lat' dir='ltr'><em>Sempro-</em></span> 
     </span>
     <span class='ocr_line' id='line_1_30' title="bbox 358 2190 1754 2244; baseline -0.001 -13"><span class='ocrx_word' id='word_1_258' title='bbox 358 2193 482 2239; x_wconf 79' lang='lat' dir='ltr'><em>nium,</em></span> <span class='ocrx_word' id='word_1_259' title='bbox 532 2190 632 2231; x_wconf 88' lang='lat' dir='ltr'><strong>ibid.</strong></span> <span class='ocrx_word' id='word_1_260' title='bbox 676 2191 886 2230; x_wconf 79' lang='lat' dir='ltr'><em>Restitutis</em></span> <span class='ocrx_word' id='word_1_261' title='bbox 931 2191 980 2228; x_wconf 84' lang='lat' dir='ltr'><em>iis</em></span> <span class='ocrx_word' id='word_1_262' title='bbox 1028 2203 1104 2244; x_wconf 86' lang='lat' dir='ltr'><em>pro</em></span> <span class='ocrx_word' id='word_1_263' title='bbox 1144 2190 1369 2237; x_wconf 74' lang='lat' dir='ltr'><em>RestitutiS,</em></span> <span class='ocrx_word' id='word_1_264' title='bbox 1416 2203 1504 2244; x_wconf 87' lang='lat' dir='ltr'><strong>cap.</strong></span> <span class='ocrx_word' id='word_1_265' title='bbox 1548 2192 1616 2229; x_wconf 83' lang='lat'><strong>28.</strong></span> <span class='ocrx_word' id='word_1_266' title='bbox 1664 2204 1754 2230; x_wconf 82' lang='lat' dir='ltr'><em>cum</em></span> 
     </span>
     <span class='ocr_line' id='line_1_31' title="bbox 358 2256 1753 2312; baseline -0.001 -14"><span class='ocrx_word' id='word_1_267' title='bbox 358 2261 504 2298; x_wconf 77' lang='lat' dir='ltr'><em>scirent</em></span> <span class='ocrx_word' id='word_1_268' title='bbox 534 2260 613 2312; x_wconf 86' lang='lat' dir='ltr'><em>ipsi</em></span> <span class='ocrx_word' id='word_1_269' title='bbox 643 2258 754 2306; x_wconf 59' lang='lat' dir='ltr'><em>nillil,</em></span> <span class='ocrx_word' id='word_1_270' title='bbox 787 2259 967 2311; x_wconf 76' lang='lat' dir='ltr'><em>opinione</em></span> <span class='ocrx_word' id='word_1_271' title='bbox 998 2259 1172 2296; x_wconf 77' lang='lat' dir='ltr'><em>omnium</em></span> <span class='ocrx_word' id='word_1_272' title='bbox 1197 2272 1276 2311; x_wconf 86' lang='lat' dir='ltr'><em>pro</em></span> <span class='ocrx_word' id='word_1_273' title='bbox 1306 2258 1464 2305; x_wconf 79' lang='lat' dir='ltr'><em>indicio,</em></span> <span class='ocrx_word' id='word_1_274' title='bbox 1494 2256 1646 2297; x_wconf 85' lang='lat' dir='ltr'><strong>omisso</strong></span> <span class='ocrx_word' id='word_1_275' title='bbox 1677 2259 1753 2307; x_wconf 81' lang='lat' dir='ltr'><em>usi,</em></span> 
     </span>
     <span class='ocr_line' id='line_1_32' title="bbox 358 2323 1757 2380; baseline -0.001 -14"><span class='ocrx_word' id='word_1_276' title='bbox 358 2325 473 2380; x_wconf 91' lang='lat' dir='ltr'><em>quod</em></span> <span class='ocrx_word' id='word_1_277' title='bbox 504 2340 557 2365; x_wconf 83' lang='lat' dir='ltr'><em>ex</em></span> <span class='ocrx_word' id='word_1_278' title='bbox 588 2324 678 2365; x_wconf 90' lang='lat' dir='ltr'><strong>cod.</strong></span> <span class='ocrx_word' id='word_1_279' title='bbox 707 2323 824 2379; x_wconf 83' lang='lat' dir='ltr'><strong>Mog.</strong></span> <span class='ocrx_word' id='word_1_280' title='bbox 853 2323 1012 2373; x_wconf 86' lang='lat' dir='ltr'><em>addidi,</em></span> <span class='ocrx_word' id='word_1_281' title='bbox 1043 2337 1119 2379; x_wconf 89' lang='lat' dir='ltr'><em>pro</em></span> <span class='ocrx_word' id='word_1_282' title='bbox 1149 2323 1318 2379; x_wconf 84' lang='lat' dir='ltr'><strong>vulgato</strong></span> <span class='ocrx_word' id='word_1_283' title='bbox 1349 2339 1472 2379; x_wconf 80' lang='lat' dir='ltr'><em>quum</em></span> <span class='ocrx_word' id='word_1_284' title='bbox 1501 2326 1649 2365; x_wconf 80' lang='lat' dir='ltr'><em>scirent</em></span> <span class='ocrx_word' id='word_1_285' title='bbox 1676 2326 1757 2379; x_wconf 79' lang='lat' dir='ltr'><em>ipsi</em></span> 
     </span>
     <span class='ocr_line' id='line_1_33' title="bbox 358 2391 1752 2447; baseline 0.001 -14"><span class='ocrx_word' id='word_1_286' title='bbox 358 2395 576 2447; x_wconf 77' lang='lat' dir='ltr'><em>opinionem</em></span> <span class='ocrx_word' id='word_1_287' title='bbox 603 2394 788 2441; x_wconf 77' lang='lat' dir='ltr'><em>omnium,</em></span> <span class='ocrx_word' id='word_1_288' title='bbox 811 2407 857 2431; x_wconf 82' lang='lat' dir='ltr'><em>ea</em></span> <span class='ocrx_word' id='word_1_289' title='bbox 877 2407 957 2445; x_wconf 87' lang='lat' dir='ltr'><em>pro</em></span> <span class='ocrx_word' id='word_1_290' title='bbox 985 2392 1128 2431; x_wconf 78' lang='lat' dir='ltr'><em>indicio</em></span> <span class='ocrx_word' id='word_1_291' title='bbox 1157 2394 1230 2441; x_wconf 79' lang='lat' dir='ltr'><em>usi,</em></span> <span class='ocrx_word' id='word_1_292' title='bbox 1254 2391 1369 2447; x_wconf 89' lang='lat' dir='ltr'><strong>quod</strong></span> <span class='ocrx_word' id='word_1_293' title='bbox 1391 2391 1610 2433; x_wconf 88' lang='lat' dir='ltr'><em>Bekkerus</em></span> <span class='ocrx_word' id='word_1_294' title='bbox 1637 2392 1752 2434; x_wconf 88' lang='lat' dir='ltr'><em>hunc</em></span> 
     </span>
     <span class='ocr_line' id='line_1_34' title="bbox 356 2458 1750 2515; baseline -0.001 -14"><span class='ocrx_word' id='word_1_295' title='bbox 356 2460 496 2501; x_wconf 87' lang='lat' dir='ltr'><em>locum</em></span> <span class='ocrx_word' id='word_1_296' title='bbox 541 2459 692 2500; x_wconf 85' lang='lat' dir='ltr'><strong>lacuna</strong></span> <span class='ocrx_word' id='word_1_297' title='bbox 731 2458 1008 2500; x_wconf 82' lang='lat' dir='ltr'><em>deformatum</em></span> <span class='ocrx_word' id='word_1_298' title='bbox 1059 2473 1147 2500; x_wconf 83' lang='lat' dir='ltr'><em>esse</em></span> <span class='ocrx_word' id='word_1_299' title='bbox 1193 2468 1307 2500; x_wconf 82' lang='lat' dir='ltr'><strong>ratus</strong></span> <span class='ocrx_word' id='word_1_300' title='bbox 1350 2459 1409 2500; x_wconf 84' lang='lat' dir='ltr'><em>ita</em></span> <span class='ocrx_word' id='word_1_301' title='bbox 1448 2459 1648 2515; x_wconf 88' lang='lat' dir='ltr'><em>corrupit,</em></span> <span class='ocrx_word' id='word_1_302' title='bbox 1689 2467 1750 2509; x_wconf 91' lang='lat' dir='ltr'><em>ut,</em></span> 
     </span>
     <span class='ocr_line' id='line_1_35' title="bbox 357 2526 1752 2581; baseline -0.001 -12"><span class='ocrx_word' id='word_1_303' title='bbox 357 2526 559 2569; x_wconf 82' lang='lat' dir='ltr'><em>vocabulo</em></span> <span class='ocrx_word' id='word_1_304' title='bbox 592 2529 655 2567; x_wconf 76' lang='lat' dir='ltr'><em>usi</em></span> <span class='ocrx_word' id='word_1_305' title='bbox 683 2526 846 2576; x_wconf 81' lang='lat' dir='ltr'><em>omisso,</em></span> <span class='ocrx_word' id='word_1_306' title='bbox 877 2542 966 2567; x_wconf 81' lang='lat' dir='ltr'><em>cum</em></span> <span class='ocrx_word' id='word_1_307' title='bbox 996 2529 1142 2568; x_wconf 78' lang='lat' dir='ltr'><em>scirent</em></span> <span class='ocrx_word' id='word_1_308' title='bbox 1173 2530 1251 2581; x_wconf 83' lang='lat' dir='ltr'><em>ipsi</em></span> <span class='ocrx_word' id='word_1_309' title='bbox 1282 2529 1395 2576; x_wconf 75' lang='lat' dir='ltr'><em>nihil,</em></span> <span class='ocrx_word' id='word_1_310' title='bbox 1421 2529 1640 2581; x_wconf 79' lang='lat' dir='ltr'><em>opinionem</em></span> <span class='ocrx_word' id='word_1_311' title='bbox 1669 2542 1752 2568; x_wconf 88' lang='lat' dir='ltr'><em>om—</em></span> 
     </span>
     <span class='ocr_line' id='line_1_36' title="bbox 357 2593 1755 2652; baseline 0.001 -17"><span class='ocrx_word' id='word_1_312' title='bbox 357 2598 467 2636; x_wconf 78' lang='lat' dir='ltr'><em>nium</em></span> <span class='ocrx_word' id='word_1_313' title='bbox 495 2626 504 2635; x_wconf 92' lang='lat'><em>.</em></span> <span class='ocrx_word' id='word_1_314' title='bbox 528 2626 537 2635; x_wconf 90' lang='lat'><em>.</em></span> <span class='ocrx_word' id='word_1_315' title='bbox 562 2625 571 2635; x_wconf 94' lang='lat'><em>.</em></span> <span class='ocrx_word' id='word_1_316' title='bbox 596 2625 605 2634; x_wconf 96' lang='lat'><em>.</em></span> <span class='ocrx_word' id='word_1_317' title='bbox 628 2609 708 2648; x_wconf 81' lang='lat' dir='ltr'><em>pro</em></span> <span class='ocrx_word' id='word_1_318' title='bbox 739 2595 883 2634; x_wconf 78' lang='lat' dir='ltr'><em>indicio</em></span> <span class='ocrx_word' id='word_1_319' title='bbox 913 2593 1070 2652; x_wconf 81' lang='lat' dir='ltr'><em>ederet,</em></span> <span class='ocrx_word' id='word_1_320' title='bbox 1097 2594 1196 2635; x_wconf 81' lang='lat' dir='ltr'><strong>ibid.</strong></span> <span class='ocrx_word' id='word_1_321' title='bbox 1230 2610 1272 2634; x_wconf 91' lang='lat' dir='ltr'><em>eo</em></span> <span class='ocrx_word' id='word_1_322' title='bbox 1302 2597 1387 2649; x_wconf 85' lang='lat' dir='ltr'><em>ipso</em></span> <span class='ocrx_word' id='word_1_323' title='bbox 1417 2596 1555 2635; x_wconf 87' lang='lat' dir='ltr'><em>timore</em></span> <span class='ocrx_word' id='word_1_324' title='bbox 1585 2610 1667 2635; x_wconf 85' lang='lat' dir='ltr'><em>rem</em></span> <span class='ocrx_word' id='word_1_325' title='bbox 1696 2597 1755 2636; x_wconf 82' lang='lat' dir='ltr'><em>ad</em></span> 
     </span>
     <span class='ocr_line' id='line_1_37' title="bbox 356 2662 1750 2716; baseline 0 -13"><span class='ocrx_word' id='word_1_326' title='bbox 356 2664 546 2703; x_wconf 77' lang='lat' dir='ltr'><em>iudicium</em></span> <span class='ocrx_word' id='word_1_327' title='bbox 561 2664 769 2716; x_wconf 65' lang='lat' dir='ltr'><em>protraxit</em></span> <span class='ocrx_word' id='word_1_328' title='bbox 792 2676 867 2716; x_wconf 91' lang='lat' dir='ltr'><em>pro</em></span> <span class='ocrx_word' id='word_1_329' title='bbox 896 2677 937 2701; x_wconf 93' lang='lat' dir='ltr'><em>eo</em></span> <span class='ocrx_word' id='word_1_330' title='bbox 964 2664 1049 2715; x_wconf 85' lang='lat' dir='ltr'><em>ipso</em></span> <span class='ocrx_word' id='word_1_331' title='bbox 1076 2663 1214 2701; x_wconf 85' lang='lat' dir='ltr'><em>timore</em></span> <span class='ocrx_word' id='word_1_332' title='bbox 1241 2662 1297 2700; x_wconf 82' lang='lat' dir='ltr'><em>ad</em></span> <span class='ocrx_word' id='word_1_333' title='bbox 1322 2662 1512 2701; x_wconf 77' lang='lat' dir='ltr'><em>indicium</em></span> <span class='ocrx_word' id='word_1_334' title='bbox 1529 2664 1750 2716; x_wconf 73' lang='lat' dir='ltr'><em>protraxit,</em></span> 
     </span>
     <span class='ocr_line' id='line_1_38' title="bbox 355 2730 1750 2785; baseline 0 -15"><span class='ocrx_word' id='word_1_335' title='bbox 355 2744 444 2785; x_wconf 88' lang='lat' dir='ltr'><strong>cap.</strong></span> <span class='ocrx_word' id='word_1_336' title='bbox 469 2732 535 2770; x_wconf 88' lang='grc'><strong>29.</strong></span> <span class='ocrx_word' id='word_1_337' title='bbox 563 2730 830 2784; x_wconf 77' lang='lat' dir='ltr'><em>quaerendum</em></span> <span class='ocrx_word' id='word_1_338' title='bbox 857 2743 933 2784; x_wconf 87' lang='lat' dir='ltr'><em>pro</em></span> <span class='ocrx_word' id='word_1_339' title='bbox 960 2730 1214 2784; x_wconf 80' lang='lat' dir='ltr'><em>querendum,</em></span> <span class='ocrx_word' id='word_1_340' title='bbox 1242 2743 1331 2785; x_wconf 84' lang='lat' dir='ltr'><strong>cap.</strong></span> <span class='ocrx_word' id='word_1_341' title='bbox 1364 2732 1430 2769; x_wconf 89' lang='lat'><strong>31.</strong></span> <span class='ocrx_word' id='word_1_342' title='bbox 1461 2731 1671 2770; x_wconf 79' lang='lat' dir='ltr'><em>caritatem</em></span> <span class='ocrx_word' id='word_1_343' title='bbox 1700 2745 1750 2770; x_wconf 87' lang='lat' dir='ltr'><em>ac</em></span> 
     </span>
     <span class='ocr_line' id='line_1_39' title="bbox 355 2795 1749 2853; baseline 0.001 -16"><span class='ocrx_word' id='word_1_344' title='bbox 355 2799 616 2852; x_wconf 71' lang='lat' dir='ltr'><em>mayistatem,</em></span> <span class='ocrx_word' id='word_1_345' title='bbox 658 2796 773 2852; x_wconf 91' lang='lat' dir='ltr'><em>quod</em></span> <span class='ocrx_word' id='word_1_346' title='bbox 821 2795 1010 2837; x_wconf 86' lang='lat' dir='ltr'><strong>librarius</strong></span> <span class='ocrx_word' id='word_1_347' title='bbox 1060 2812 1136 2852; x_wconf 88' lang='lat' dir='ltr'><em>pro</em></span> <span class='ocrx_word' id='word_1_348' title='bbox 1187 2795 1427 2837; x_wconf 55' lang='lat' dir='ltr'><em>maiestatem</em></span> <span class='ocrx_word' id='word_1_349' title='bbox 1478 2797 1631 2853; x_wconf 87' lang='lat' dir='ltr'><em>posuit,</em></span> <span class='ocrx_word' id='word_1_350' title='bbox 1672 2812 1749 2853; x_wconf 91' lang='lat' dir='ltr'><em>pro</em></span> 
     </span>
     <span class='ocr_line' id='line_1_40' title="bbox 355 2863 1744 2921; baseline 0.001 -16"><span class='ocrx_word' id='word_1_351' title='bbox 355 2867 574 2914; x_wconf 65' lang='lat' dir='ltr'><em>caritatem,</em></span> <span class='ocrx_word' id='word_1_352' title='bbox 612 2866 866 2913; x_wconf 76' lang='lat' dir='ltr'><em>maiestatem,</em></span> <span class='ocrx_word' id='word_1_353' title='bbox 903 2863 1002 2904; x_wconf 90' lang='lat' dir='ltr'><strong>ibid.</strong></span> <span class='ocrx_word' id='word_1_354' title='bbox 1041 2866 1219 2918; x_wconf 80' lang='lat' dir='ltr'><em>accipere</em></span> <span class='ocrx_word' id='word_1_355' title='bbox 1258 2879 1334 2921; x_wconf 85' lang='lat' dir='ltr'><em>pro</em></span> <span class='ocrx_word' id='word_1_356' title='bbox 1370 2866 1512 2919; x_wconf 80' lang='lat' dir='ltr'><em>accipi,</em></span> <span class='ocrx_word' id='word_1_357' title='bbox 1549 2879 1638 2920; x_wconf 88' lang='lat' dir='ltr'><strong>cap.</strong></span> <span class='ocrx_word' id='word_1_358' title='bbox 1677 2867 1744 2906; x_wconf 89' lang='grc'><strong>32.</strong></span> 
     </span>
    </p>
   </div>
  </div>
 </body>
</html>
