1888 3194
511 228 638 270 LIB.
672 226 813 270 XLV.
861 227 1009 270 CAP.
1041 232 1110 270 42.
1431 235 1510 274 221

113 324 127 344 ‘
142 328 344 376 tanquam
379 333 434 361 ex
469 333 623 375 magna
657 319 859 376 progenie
895 318 1124 360 liberorum
1159 318 1205 359 in
1240 317 1511 375 adoptionem
1528 325 1572 357 U.
1589 325 1628 356 C.
1651 325 1724 364 585-

114 377 275 427 ‘datos,
303 375 503 419 Cornelia
534 385 578 417 et
610 375 740 417 Fabia
769 391 875 432 gens
906 376 1092 425 habent3
1126 375 1264 417 Paulli
1297 376 1342 417 in
1370 377 1510 428 domo,
1529 369 1566 398 A.
1590 367 1629 399 C.
1654 366 1723 406 ¹⁶⁷·

114 439 308 492 ‘praeter
327 448 485 483 senem,
506 448 633 475 nemo
661 441 861 490 superest.
927 432 1012 475 Sed
1040 433 1149 475 hanc
1177 433 1341 475 cladem
1361 433 1512 476 domus

115 497 261 533 ‘meae
291 500 431 532 vestra
459 490 636 532 felicitas
666 499 710 531 et
741 490 928 532 secunda
958 490 1128 532 fortuna
1161 490 1331 547 publica
1362 506 1512 534 conso-

114 554 128 574 ‘
141 548 276 590 latur)
327 547 460 598 Haec,
483 557 601 589 tanto
622 547 735 589 dicta
755 548 909 597 animo,
932 548 1065 604 magis
1085 548 1313 590 confudere
1336 549 1512 591 audien·
1587 557 1656 595 42.

112 606 220 648 tium
257 605 431 656 animos,
465 620 592 662 quam
628 606 663 646 si
703 605 994 647 miserabiliter
1025 605 1248 647 orbitatem
1288 621 1406 647 suam
1437 607 1512 648 de—

111 663 255 705 flendo
274 663 440 705 locutus
460 672 579 704 esset.

174 719 256 763 Cn.
278 720 481 763 Octavius
523 719 731 762 Kalendis
772 720 1081 763 Decembribus
1121 720 1174 761 de
1215 735 1313 776 rege
1354 721 1510 763 Perseo

112 778 304 820 navalem
326 777 589 834 triumphum
610 778 707 835 egit.
770 777 813 819 Is
840 778 1079 834 triumphus
1106 778 1196 819 sine
1222 779 1396 835 captivis
1416 779 1509 828 fuit,
1524 789 1726 829 Triumphus

114 836 205 878 sine
237 835 391 892 spoliis.
454 835 588 877 Dedit
620 836 741 877 sociis
773 835 990 876 navalibus
1022 836 1066 876 in
1099 835 1285 892 singulos
1317 836 1511 878 denarios
1524 832 1724 880 navalis-Cn.

114 901 394 950 septuagenos
448 893 630 949 quinos;
691 893 1053 949 gubernatoribus,
1105 894 1179 949 qui
1235 894 1280 934 in
1336 894 1512 936 navibus
1525 876 1665 907 Oetam.

83 950 294 1001 4fuerant,
316 950 474 1006 duplex
491 966 501 999 3
536 950 741 1007 magistris
762 950 933 992 navium
954 950 1229 1006 quadruplex.

176 1007 356 1051 Senatus
380 1007 536 1049 deinde
569 1007 736 1048 habitus
767 1019 841 1049 est.
903 1007 1050 1049 Patres
1080 1017 1348 1058 censuerunt,
1377 1018 1425 1050 ut
1455 1009 1510 1057 Q.

119 1064 290 1108 Cassius
310 1065 465 1106 Persea
494 1079 636 1121 regem
666 1080 762 1106 cum
785 1065 1033 1106 Alexandro
1061 1065 1148 1105 filio
1170 1065 1326 1106 Albam
1351 1066 1395 1106 in
1420 1081 1513 1107 cus-
1527 1079 1665 1109 Perseus

116 1122 276 1165 todiam
297 1122 497 1170 duceret3
531 1122 718 1171 comites,
740 1122 977 1178 pecuniam,
1000 1131 1235 1178 argentum,
1258 1123 1515 1165 instrumen-
1527 1122 1646 1178 Albam

116 1188 207 1222 tum
247 1178 364 1236 quod
402 1179 587 1220 haberet.
651 1178 816 1236 Bithys,
852 1179 963 1235 regis
1000 1179 1216 1220 Thracum
1256 1179 1379 1230 filius,
1417 1195 1514 1222 cum
1527 1173 1651 1194 missus,

116 1236 331 1280 obsidibus
352 1236 397 1277 in
417 1235 651 1278 custodiam
676 1235 897 1278 Carseolos
918 1244 980 1277 est
1002 1236 1162 1277 missus.
1219 1235 1397 1279 Ceteros
1418 1252 1517 1294 cap-

117 1294 235 1345 tivos,
272 1294 346 1351 qui
386 1294 432 1334 in
472 1293 686 1350 triumpho
726 1293 844 1335 ducti
885 1303 1017 1343 erant,
1053 1293 1099 1336 in
1139 1308 1348 1336 carcerem
1389 1295 1517 1336 condi

116 1351 287 1410 placuit.
349 1351 513 1393 Paucos
546 1361 642 1408 post
681 1350 784 1401 dies,
823 1366 951 1408 quam
991 1351 1095 1392 haec
1136 1360 1241 1402 acta,
1282 1351 1422 1409 legati,
1464 1353 1517 1394 ab

121 1407 261 1467 Cotye
285 1424 383 1466 rege
406 1408 620 1450 Thracum
641 1417 861 1458 venerunt,
884 1409 1110 1465 pecuniam
1138 1408 1192 1450 ad
1220 1409 1518 1451 redimendum

117 1466 254 1509 filium
275 1466 462 1523 aliosque
484 1467 650 1508 obsides
671 1475 950 1523 apportantes,
1013 1466 1083 1516 Iis,
1106 1467 1151 1507 in
1172 1476 1365 1508 senatum
1386 1467 1518 1509 intro-

87 1523 271 1574 sductis,
304 1533 348 1566 et
379 1524 424 1565 id
455 1524 594 1581 ipsum
627 1524 865 1580 argumenti
897 1523 1272 1580 praetendentibus
1304 1525 1518 1575 orationis,

119 1596 207 1623 non
227 1596 302 1623 sua
320 1581 536 1623 voluntate
561 1581 706 1638 Cotyn
723 1581 833 1623 bello
854 1581 1005 1623 iuvisse
1027 1581 1194 1631 Persea,
1217 1582 1333 1638 quod
1354 1582 1520 1624 obsides

120 1638 221 1681 dare
251 1647 421 1681 coactus
452 1647 574 1688 esset,
606 1638 920 1695 orantibusque,
953 1647 1002 1680 ut
1033 1653 1104 1680 eos
1135 1640 1283 1695 pretio,
1311 1649 1518 1696 quantum

121 1696 202 1753 ipsi
236 1696 479 1738 statuissent
509 1695 669 1745 Patres,
705 1695 858 1737 redimi
891 1705 1149 1752 paterentur,
1181 1711 1427 1753 responsum
1464 1712 1518 1738 ex

121 1754 369 1797 auctoritate
400 1762 567 1795 senatus
598 1762 685 1794 est:
726 1752 966 1810 ‘Populum
1002 1753 1245 1794 Romanum
1278 1754 1517 1796 meminisse

123 1811 374 1861 ‘amicitiae,
427 1826 505 1852 uae
537 1825 633 1852 cum
662 1810 745 1852 Cot
777 1826 813 1860 c,
843 1810 1155 1866 maioribusque
1186 1811 1288 1861 eius,
1317 1820 1360 1853 et
1389 1821 1518 1868 gente

124 1868 369 1911 ‘Thracum
452 1869 560 1910 'sset
625 1826 806 1910 ObsiJes
841 1867 960 1909 datos
999 1868 1172 1918 crimen,
1210 1883 1297 1910 non
1331 1869 1519 1911 criminis

88 1925 454 1976 6‘defensionem,
496 1940 611 1967 esse:
665 1940 797 1981 quum
839 1925 1052 1967 Thracum
1097 1926 1216 1981 genti
1256 1941 1310 1967 ne
1351 1927 1519 1983 quietus

122 1989 136 2008 ‘
183 1983 326 2026 uidem
347 1983 539 2033 Perseus,
561 1982 721 2024 nedum
746 1982 857 2024 bello
882 1982 1076 2024 Romano
1102 1993 1343 2039 occupatuS,
1366 1985 1520 2026 timen-

122 1998 232 2083 ‘dus
264 2041 402 2083 fuerit.
468 2040 685 2090 Ceterum,
722 2041 800 2081 etsi
839 2038 973 2097 Cotys
1008 2040 1152 2081 Persei
1187 2041 1363 2095 gratiam
1398 2057 1519 2098 prae-

91 2110 109 2144 7
123 2098 312 2142 ‘tulisset
342 2098 550 2140 amicitiae
571 2097 717 2155 populi
741 2097 938 2147 Romani,
961 2098 1106 2154 magis,
1131 2098 1236 2154 quid
1266 2113 1310 2140 se
1341 2098 1519 2155 dignum

89 2162 271 2207 8‘esset,
293 2171 421 2214 quam
442 2155 547 2213 quid
579 2155 729 2197 merito
760 2155 849 2196 eius
877 2155 965 2196 fieri
998 2165 1150 2212 posset,
1174 2156 1516 2198 aestimaturum:

123 2213 287 2256 ‘filium
319 2223 359 2256 at
394 2229 446 2255 ue
478 2213 644 2255 obsides
675 2214 715 2255 ei
747 2213 1029 2254 remissurum.
1094 2212 1310 2255 Beneficia
1338 2215 1522 2271 gratuita

124 2276 241 2314 ‘esse
261 2286 377 2329 popu
395 2272 404 2280 ”
430 2271 640 2313 Romani:
674 2271 857 2328 pretium
882 2285 1028 2312 corum
1055 2270 1179 2312 malle
1207 2271 1446 2329 relinquere
1475 2273 1520 2313 in

125 2329 448 2386 ‘accipientium
499 2329 661 2378 animis,
704 2344 831 2385 quam
871 2343 1068 2385 praesens
1113 2329 1310 2394 exigere)
1369 2329 1520 2386 Legati

124 2394 208 2429 tres
226 2386 446 2436 nominati,
464 2386 517 2428 Τ.
535 2386 764 2435 Quinctius
785 2386 1059 2435 Flamininus,
1081 2385 1131 2428 C.
1149 2386 1339 2428 Licinius
1362 2387 1519 2438 Nerva,

126 2443 189 2487 M.
207 2442 414 2486 Caninius
437 2443 626 2494 Rebilus,
649 2444 723 2501 qui
745 2443 910 2485 obsides
931 2444 975 2484 in
998 2443 1223 2486 Thraciam
1244 2444 1517 2486 reducerent:

124 2510 169 2544 et
187 2501 422 2544 Thracibus
443 2516 619 2544 munera
639 2502 739 2543 data
759 2501 803 2542 in
824 2500 1010 2558 singulos
1032 2501 1179 2543 binum
1200 2502 1379 2543 millium
1401 2503 1519 2544 aeris.

127 2557 290 2617 Bithys,
321 2574 418 2601 cum
452 2560 602 2601 ceteris
634 2559 849 2601 obsidibus
881 2560 933 2601 ab
969 2558 1178 2601 Carseolis
1205 2560 1437 2609 arcessitus,
1469 2560 1523 2601 ad

125 2625 287 2673 patrem
307 2632 404 2659 cum
433 2616 581 2673 legatis
609 2617 771 2659 missus.
837 2616 979 2658 Naves
1007 2617 1159 2673 regiae,
1181 2626 1328 2675 captae
1350 2617 1404 2659 de
1426 2617 1524 2659 Ma-

168 2783 189 2810 4
206 2772 376 2812 hlefi-utris
388 2774 538 2812 navium]
554 2772 695 2804 Navium
712 2783 799 2813 prue-
846 2777 942 2813 patus
956 2773 1022 2803 alio
1038 2773 1134 2805 bello.

128 2813 227 2845 fietis.
251 2815 291 2846 cs.
307 2825 392 2856 nupt.
410 2816 497 2847 xxix.
517 2815 566 2846 26.
588 2816 668 2846 xliii.
685 2817 714 2847 8.
891 2823 907 2854 7
932 2817 1019 2853 Quid
1038 2827 1070 2846 se
1089 2817 1221 2855 diganum
1239 2840 1246 2847 .
1264 2840 1271 2846 .
1289 2840 1296 2846 .
1314 2839 1322 2846 .
1339 2816 1522 2847 aestimatu-

172 2863 191 2894 5
213 2857 505 2889 praetendentibus
516 2859 688 2896 orationis]
719 2860 799 2888 Om-
845 2857 936 2898 rum]
958 2869 999 2889 sc.
1015 2859 1177 2899 Populum
1198 2859 1394 2889 Romanum.

129 2898 221 2936 lieni,
231 2903 362 2930 auctore
372 2900 547 2939 Gronovio,
560 2901 700 2941 reposuit
716 2901 799 2931 uek-
889 2902 908 2931 8
932 2903 1071 2940 Merito]
1101 2902 1163 2931 Pro
1180 2901 1248 2931 cius
1263 2901 1360 2940 culpa
1382 2905 1414 2931 ct
1438 2900 1524 2930 laesa

130 2938 196 2971 ke?-
849 2944 1072 2975 Romanorum
1089 2943 1241 2975 amicitia.
1268 2943 1377 2974 Dona.

171 2981 192 3013 6
215 2983 267 3014 Ne
288 2984 416 3023 quietum
436 2985 579 3025 quidem]
610 2984 686 3017 Non
710 2995 802 3016 occu-
