1888 3194
361 165 446 203 430
683 159 1053 201 SYLLABUS
1102 158 1438 200 CODICUM

363 251 541 308 vulgatis
569 250 814 299 contulerat,
844 259 887 291 et
912 250 956 290 in
987 249 1258 290 Hollandiam
1284 249 1419 290 redux
1452 255 1650 303 excerpta
1681 262 1757 288 sua

363 324 460 351 cum
509 307 738 357 Gronovio,
783 308 951 349 Livium
1001 322 1111 347 anuo
1155 305 1258 348 CK)
1270 304 1558 361 IQCLXIV.
1601 304 1755 345 edente

364 365 702 408 communicarat.
765 364 877 405 Vide
914 364 1097 405 Gronov.
1133 364 1186 404 ad
1226 363 1336 404 Livii
1370 363 1438 404 lib.
1477 362 1629 404 XXII.
1664 377 1752 417 cap.

365 425 443 465 VI.
469 429 501 477 ξ.
524 427 563 463 4.
628 422 907 477 Reliquorum
936 422 1136 462 librorum
1164 421 1370 461 variantes
1401 420 1600 461 lectiones
1631 433 1758 475 opera

366 480 460 521 Viri
484 479 759 521 Celeberrimi
787 488 913 534 atque
937 478 1193 519 Amicissimi
1215 477 1296 518 Iac.
1321 477 1508 533 Philippi
1531 475 1757 517 D’Orvillii

365 547 513 579 nactus
534 552 639 586 sum,
663 551 769 592 quae
791 536 945 590 insigni
972 535 1064 575 usui
1091 535 1274 584 fuerunt,
1297 544 1340 575 et
1367 535 1408 575 in
1438 533 1629 590 plurimis
1656 533 1757 574 locis

365 611 460 636 cum
484 594 672 635 omnium
695 592 1047 648 praestantissimo
1065 591 1282 631 Puteaneo
1300 592 1431 632 amice
1454 591 1755 646 conspirarunt.

365 653 517 692 Postea
542 650 849 691 illustrissimus
874 648 1073 688 Lovelius
1100 648 1253 701 integri
1280 648 1468 688 eiusdem
1499 647 1654 689 codicis
1685 662 1759 688 ex-

365 719 518 764 cerpta,
554 722 675 762 quae,
710 705 874 746 erudita
910 704 1141 745 Clarissimi
1181 704 1354 744 Salvinii
1390 720 1515 745 manu
1550 705 1670 754 facta,
1704 719 1758 745 ex

366 766 486 806 Italia
530 765 574 803 in
619 763 795 818 patriam
839 762 1091 817 deportarat,
1133 776 1218 801 una
1257 776 1354 801 cum
1395 761 1536 801 multis
1576 761 1666 802 aliis
1705 760 1760 802 ad

369 822 538 863 Livium
565 820 815 861 facientibus
842 819 1050 867 subsidiis,
1073 818 1369 873 benignissime
1392 818 1445 859 ad
1466 833 1533 858 me
1555 818 1756 859 submisit.

366 879 417 919 Id
444 879 568 933 louge
595 876 877 933 gratissimum
905 875 1069 916 accidit.
1136 875 1282 923 Quum
1311 875 1424 916 enim
1451 884 1589 916 tantae
1616 883 1761 916 aucto-

365 936 497 977 ritatis
519 944 560 976 et
581 934 681 975 fidei
703 933 837 974 codex
859 933 924 982 sit,
943 948 996 973 cx
1017 932 1176 988 duplici
1198 932 1269 973 illa
1290 932 1524 982 collatione,
1543 947 1567 973 a
1587 931 1760 973 diversis

365 994 463 1034 viris
485 992 619 1033 doctis
646 991 850 1040 instituta,
874 1006 924 1031 eo
952 990 1105 1031 certius
1126 990 1179 1030 de
1201 1005 1299 1031 vera
1326 990 1415 1031 eius
1443 990 1625 1031 lectione
1650 989 1761 1030 diiu-

366 1051 518 1099 dicare,
542 1059 596 1099 et,
621 1064 752 1105 quum
774 1063 899 1089 nemo
920 1048 1114 1089 omnibus
1135 1047 1248 1088 horis
1269 1047 1313 1087 in
1339 1048 1509 1103 negotio
1529 1046 1610 1088 hoc
1632 1046 1761 1088 taedii

365 1108 608 1165 plenissimo
636 1106 689 1147 ad
717 1106 888 1161 quaevis
919 1105 1095 1145 minima
1126 1105 1291 1146 intento
1324 1106 1464 1146 animo
1497 1119 1585 1145 esse
1616 1104 1760 1160 possit,

367 1165 571 1222 quicquid
593 1163 696 1204 alter
715 1164 820 1204 forte
842 1162 1108 1218 neglexisset,
1131 1177 1183 1202 ex
1205 1162 1335 1203 altero
1356 1161 1550 1218 supplere
1570 1161 1700 1217 potui.

425 1222 501 1263 IV.
538 1221 926 1262 GAERTNERIANUS
959 1219 1027 1259 ille
1065 1228 1139 1268 est,
1174 1219 1226 1259 de
1261 1234 1344 1275 quo
1380 1220 1461 1259 iam
1496 1234 1621 1274 supra
1652 1218 1763 1259 inter

366 1280 544 1327 codices,
582 1279 735 1334 quibus
775 1277 828 1318 ad
863 1277 1038 1332 primam
1076 1276 1277 1317 librorum
1317 1276 1476 1317 decada
1515 1291 1613 1316 usus
1653 1290 1759 1324 sum,

367 1352 482 1378 num.
520 1337 599 1377 III.
635 1336 713 1390 egi.
752 1335 795 1374 in
833 1334 910 1374 hac
947 1341 1086 1374 autem
1122 1342 1239 1389 parte
1275 1333 1524 1389 plerumque
1561 1348 1586 1373 a
1616 1332 1761 1388 primis

367 1393 622 1435 editionibus
644 1407 790 1447 parum
812 1391 994 1431 dissidet.

426 1451 478 1491 V.
514 1450 789 1491 HAFNIENSIS
839 1448 973 1488 codex
1023 1456 1086 1487 est
1137 1447 1477 1488 membranaceus
1535 1446 1580 1486 in
1629 1445 1763 1487 forma

369 1508 529 1556 maiori,
566 1506 745 1561 eleganti
791 1517 925 1545 manu·
964 1513 1060 1545 ante
1107 1519 1237 1544 annos
1284 1503 1510 1544 admodum
1554 1511 1762 1544 trecentos

369 1564 680 1621 quinquaginta
729 1562 919 1617 scriptus,
972 1561 1331 1616 quemadmodum
1384 1560 1637 1610 iudicarunt,
1688 1559 1763 1615 qui

369 1638 466 1664 eum
488 1621 697 1661 viderunt.
762 1619 903 1659 Huius
926 1618 1031 1659 Msti
1059 1618 1236 1673 primam
1265 1617 1378 1673 apud
1406 1633 1472 1658 me
1504 1617 1763 1658 mentionem

367 1680 467 1721 fecit
502 1678 590 1719 Vir.
631 1676 896 1718 Clarissimus
937 1675 1018 1716 Iac.
1058 1675 1166 1716 Phil.
1203 1675 1476 1724 D'Orvillius,
1515 1674 1672 1730 optime
1708 1678 1761 1715 de

373 1737 495 1778 Livio
521 1750 616 1776 meo
638 1735 836 1782 meritus3
871 1733 957 1788 qui,
980 1732 1170 1774 codicem
1192 1732 1310 1773 illum
1333 1733 1377 1772 in
1398 1731 1653 1773 bibliotheca
1668 1731 1763 1771 Viri

368 1792 641 1835 Illustrissimi
674 1791 875 1832 Friderici
911 1789 1191 1845 Rostgaardii,
1225 1790 1420 1830 auctione
1452 1788 1620 1845 publica
1651 1803 1763 1830 anno

369 1851 494 1892 huius
515 1849 645 1891 seculi
666 1849 868 1904 vigesimo
891 1848 1039 1903 quinto
1061 1847 1127 1888 vel
1152 1856 1272 1888 sexto
1293 1846 1577 1895 distrahenda,
1599 1855 1762 1895 notans,

370 1908 554 1950 eundem
582 1922 679 1948 suae
708 1906 986 1948 bibliothecae
1016 1919 1065 1945 eo
1094 1904 1267 1945 consilio
1295 1919 1434 1945 emere
1455 1903 1694 1952 destinarat,
1716 1910 1765 1944 ut

369 1966 473 2006 mihi
505 1965 675 2006 Livium
707 1963 872 2004 edituro
903 1961 1200 2003 commodaret.
1262 1960 1437 2010 Verum,
1461 1960 1527 2001 vel
1557 1959 1764 2001 mandatis

369 2024 499 2064 serius
523 2021 725 2062 Hafniam
753 2019 937 2076 perlatis,
960 2018 1027 2059 vel
1055 2018 1144 2058 aliis
1172 2018 1398 2058 animosius
1428 2017 1696 2066 licitantibus,
1720 2031 1764 2058 se

370 2095 442 2135 spe
478 2078 682 2120 excidisse
725 2086 869 2133 postea
910 2075 1136 2116 nunciavit.
1201 2075 1331 2115 Anno
1371 2074 1526 2115 deinde
1569 2074 1765 2130 sequenti

370 2137 573 2192 vigesimo
623 2135 800 2190 septimo
843 2133 922 2173 Vir
965 2131 1243 2173 Doctissimus
1289 2131 1524 2172 Fridericus
1571 2131 1764 2172 Lutkens

369 2194 558 2235 codicem
587 2192 700 2232 hunc
729 2206 783 2232 ex
814 2189 1067 2231 bibliotheca
1089 2189 1422 2244 Rostgaardiana
1448 2188 1493 2228 in
1513 2188 1766 2244 splendidis-

369 2251 516 2292 simam
545 2248 816 2290 Illustrissimi
845 2246 1024 2288 Comitis
1049 2245 1281 2287 Christiani
1310 2245 1604 2287 Dauneskiold
1632 2253 1766 2287 trans-

371 2308 566 2363 migrasse
589 2304 802 2353 indicavit,
825 2303 1033 2359 simulque
1057 2303 1221 2354 obtulit,
1245 2319 1286 2345 se
1309 2304 1494 2345 eundem
1516 2303 1600 2344 mei
1620 2317 1766 2344 caussa

371 2380 468 2406 cum
501 2363 625 2405 editis
660 2362 919 2403 collaturum.
986 2360 1109 2401 Licet
1145 2368 1298 2411 autern,
1334 2361 1517 2402 officium
1553 2360 1643 2401 eius
1677 2375 1766 2401 am-

370 2422 502 2463 babus
538 2420 648 2461 ulnis
683 2418 912 2474 amplexus,
946 2417 991 2458 id
1027 2417 1131 2458 mihi
1166 2419 1446 2474 gratissimum
1479 2417 1668 2458 futurum
1699 2432 1766 2458 re-

371 2479 618 2535 scripserim,
670 2476 831 2532 aliquid
881 2484 1023 2516 tamen
1077 2475 1363 2525 intervenisse,
1414 2475 1587 2516 forsitan
1637 2474 1764 2515 etiam

371 2550 617 2592 responsum
637 2535 859 2582 aberrasse,
882 2533 1080 2588 suspicor,
1103 2547 1156 2573 ne
1179 2533 1377 2588 deinceps
1401 2531 1614 2587 promissis
1641 2539 1762 2581 stare,

372 2603 415 2636 et
430 2600 647 2648 excerptas
662 2591 892 2632 lectionum
908 2590 1126 2631 varietates
1142 2591 1307 2631 mittere
1324 2589 1519 2645 potuerit.
1568 2586 1765 2630 Tandem

374 2666 471 2693 vero
492 2649 572 2690 Vir
591 2648 819 2705 plurimum
843 2647 1119 2688 Reverendus
1145 2646 1203 2688 Io.
1226 2646 1552 2702 Christophorus
1573 2645 1763 2696 Wolfius,

375 2708 448 2765 qui
484 2707 632 2749 ultimo
667 2706 830 2755 itinere,
868 2719 978 2745 anno
1017 2704 1121 2747 CIO
1134 2703 1510 2745 IDCCXXXIV.
1549 2717 1633 2744 una
1667 2717 1765 2744 cum

373 2766 497 2807 fratre
522 2762 808 2805 Celeberrimo
830 2761 889 2803 Io.
912 2761 1156 2803 Christiano
1183 2761 1226 2802 in
1250 2760 1445 2817 Belgium
1469 2760 1674 2810 instituto,
1696 2774 1764 2801 me

373 2822 545 2878 alloquii
572 2821 730 2863 honore
755 2820 951 2875 dignatus
973 2819 1144 2860 Livium
1176 2819 1285 2876 typis
1316 2817 1500 2874 imprimi
1520 2817 1694 2866 viderat,
1721 2817 1766 2858 in

373 2881 548 2936 patriam
577 2878 712 2920 redux
734 2893 758 2918 a
779 2877 883 2918 Viro
906 2876 1147 2918 Clarissimo
1168 2875 1228 2917 Io.
1250 2875 1483 2925 Grammio,
1508 2874 1766 2916 Graecarum
