1888 3194
546 197 673 238 LIB.
713 196 877 238 XLIV.
926 197 1061 238 CAP.
1100 202 1163 239 19.
1476 204 1548 242 141

216 286 291 328 Bis
311 287 355 327 in
376 285 494 327 exitu
515 286 616 326 anni
637 285 728 326 eius
748 284 979 341 lapidatum
1005 301 1094 328 esse
1123 288 1366 329 nuntiatum
1387 298 1449 330 est
1466 306 1476 339 3
1509 291 1552 331 in

129 343 354 386 1Romano
385 357 497 399 agro,
529 342 651 383 simul
684 342 728 382 in
751 342 934 384 Veienti.
998 343 1072 385 Bis
1104 344 1355 386 novendiale
1388 360 1551 388 sacrum

155 401 312 443 factum
345 409 419 441 est.
485 399 730 441 Sacerdotes
765 415 817 441 eo
852 415 965 442 anno
1006 402 1162 442 mortui
1193 411 1304 451 sunt,
1338 402 1386 443 P.
1415 403 1554 451 Quin-

155 457 294 500 ctilius
316 456 466 506 Varus,
488 457 641 498 flamen
665 456 899 506 Martialis;
933 467 977 499 et
1005 457 1066 499 M.
1089 458 1296 500 Claudius
1325 458 1554 501 Marcellus

155 514 394 556 decemvir:
427 515 472 555 in
493 514 611 555 cuius
632 513 771 556 locum
795 515 875 557 Cn.
894 515 1097 557 Octavius
1118 516 1327 558 suffectus.
1393 516 1449 558 Et
1470 518 1551 559 iam

154 571 469 628 magnificentia
498 580 711 613 crescente
743 580 935 613 notatum
967 581 1042 622 est,
1074 573 1184 614 ludis
1214 574 1469 615 circensibus
1502 574 1549 616 P.

157 628 347 671 Cornelii
373 628 582 685 Scipionis
599 628 778 670 Nasicae
800 638 843 670 et
863 629 911 671 P.
929 629 1105 671 Lentuli
1126 630 1325 672 aedilium
1343 631 1550 673 curulium

122 706 142 728 2
154 687 374 742 sexaginta
393 695 477 727 tres
495 686 727 736 Africanas,
745 695 789 728 et
805 686 1085 744 quadraginta
1105 703 1222 729 ursos
1242 697 1285 729 et
1305 688 1553 744 elephantos

121 743 312 794 3lusisse.

213 800 263 843 L.
284 801 470 843 Aemilio
491 800 654 851 Paullo,
680 800 730 843 C.
750 800 918 843 Licinio
939 802 1194 853 consulibus,
1217 802 1365 844 Idibus
1386 803 1553 845 Martiis

152 858 362 915 principio
392 859 654 915 insequentis
683 859 797 908 anni,
824 875 957 915 quum
987 860 1031 901 in
1062 861 1376 917 exspectatione
1406 861 1552 903 Patres

152 915 341 965 fuissent,
363 916 545 957 maxime
568 916 771 972 quidnam
803 916 947 958 consul
977 917 1030 959 de
1060 917 1326 968 Macedonia,
1349 919 1468 960 cuius
1498 934 1548 960 ea

152 973 370 1030 provincia
390 982 509 1023 esset,
532 974 726 1022 referret3
759 979 771 997 ‘
785 973 904 1015 Nihil
928 989 970 1016 se
993 974 1174 1025 habere,'
1194 975 1379 1025 Paullus,
1411 976 1551 1033 ‘quod

155 1036 168 1055 ‘
182 1030 368 1080 referret,
386 1045 518 1087 quum
540 1030 728 1072 nondum
751 1030 877 1087 legati
898 1032 1130 1082 redissent,'
1147 1033 1267 1073 dixit.
1316 1039 1328 1057 ‘
1347 1032 1550 1075 Ceterum

122 1087 400 1133 4‘Brundisii
435 1087 593 1144 legatos
629 1088 712 1128 iam
748 1103 851 1137 esse,
885 1089 948 1130 bis
984 1104 1037 1130 ex
1074 1104 1197 1130 cursu
1235 1089 1549 1147 Dyrrhachium

155 1145 370 1187 ‘reiectos
436 1144 632 1200 Cognitis
663 1159 775 1194 mort,
802 1160 910 1201 quae
942 1146 1058 1187 nosci
1089 1147 1203 1202 prius
1233 1147 1276 1187 in
1309 1162 1398 1188 rem
1429 1158 1550 1198 esset,

155 1202 438 1244 ‘relaturum:
483 1201 528 1243 id
560 1202 647 1244 fore
684 1202 795 1243 intra
829 1217 1060 1259 perpaucos
1093 1204 1193 1245 dies.
1259 1203 1327 1253 Et,
1360 1219 1414 1246 ne
1448 1205 1552 1261 quid

120 1259 486 1317 5‘profectionem
519 1274 636 1300 suam
671 1268 847 1309 teneret,
879 1260 1014 1316 pridie
1050 1260 1151 1302 Idus
1184 1261 1353 1317 Apriles
1387 1262 1552 1303 Latinis

154 1322 169 1342 ‘
183 1332 272 1359 esse
293 1317 564 1359 constitutam
586 1317 712 1358 diem.
778 1316 990 1359 Sacrificio
1015 1318 1093 1360 rite
1115 1318 1315 1374 perfecto,
1337 1334 1380 1360 se
1402 1328 1445 1360 et
1469 1319 1550 1361 Cn.

155 1380 169 1400 ‘
186 1374 425 1425 Octavium,
447 1374 571 1416 simul
593 1384 762 1416 senatus
782 1375 1024 1425 censuisset,
1047 1376 1234 1417 exituros
1255 1391 1344 1418 esse
1361 1392 1370 1417 :
1408 1376 1459 1418 C.
1479 1377 1554 1418 Li-

155 1437 170 1458 ‘
183 1432 296 1474 cinio
316 1432 501 1489 collegae
527 1446 602 1473 suo
623 1432 710 1474 fore
732 1447 870 1482 curae,
892 1447 935 1474 se
962 1433 1149 1484 absente,
1172 1443 1231 1484 ut,
1253 1434 1287 1475 si
1310 1449 1395 1490 qua
1417 1436 1554 1491 parari

156 1490 346 1532 ‘mittive
382 1490 436 1532 ad
471 1489 515 1531 id
551 1489 709 1531 bellum
746 1505 852 1546 opus
892 1490 957 1540 sit,
992 1500 1194 1547 parentur
1233 1491 1551 1548 mittanturque.

157 1545 354 1589 ‘Interea
392 1547 623 1604 legationes
662 1557 902 1589 exterarum
952 1549 1171 1590 nationum
1223 1548 1358 1590 audiri
1408 1551 1555 1606 posse.'

123 1603 290 1646 6Primi
314 1604 609 1655 Alexandrini,
633 1604 758 1660 legati
787 1606 838 1646 ab
860 1605 1105 1647 Ptolemaeo
1133 1615 1176 1647 et
1201 1605 1427 1662 Cleopatra
1446 1607 1556 1664 regi-

156 1662 247 1711 bus,
289 1662 422 1703 vocati
463 1671 572 1703 sunt.
637 1661 863 1712 Sordidati,
901 1663 1029 1704 barba
1068 1672 1111 1704 et
1151 1663 1303 1719 capillo
1339 1665 1554 1720 promiSSO,

156 1734 253 1762 cum
275 1720 399 1761 ramis
423 1719 539 1761 oleae
568 1719 741 1776 ingressi
770 1720 942 1769 curiam,
964 1721 1305 1776 procubuerunt:
1339 1731 1382 1762 et
1409 1722 1554 1772 oratio,

156 1792 287 1834 quam
323 1777 503 1827 habitus,
540 1777 620 1818 fuit
655 1777 942 1819 miserabilior.
1007 1777 1247 1819 Antiochus
1285 1778 1430 1835 Syriae
1466 1794 1554 1829 rex,

188 1834 231 1876 ui
267 1835 389 1876 obses
426 1834 587 1876 Romae
624 1834 771 1884 fuerat,
804 1849 879 1890 per
915 1835 1133 1876 honestam
1170 1835 1352 1891 speciem
1390 1836 1555 1878 maioris

197 1891 391 1934 tolemaei
412 1891 642 1933 reducendi
667 1891 710 1932 in
732 1906 924 1947 regnum,
947 1891 1102 1933 bellum
1126 1908 1222 1933 euin
1245 1893 1406 1935 minore
1429 1894 1553 1936 fratre

155 1949 258 1999 eius,
276 1949 349 2005 qui
371 1958 460 1990 turn
484 1948 788 1990 Alexandriam
811 1949 994 1999 tenebat,
1041 1964 1175 1999 erens,
1198 1960 1240 1991 et
1262 1949 1315 1991 ad
1337 1950 1554 1992 Pelusium

156 2006 291 2048 navali
312 2006 473 2063 proelio
493 2006 626 2047 victor
645 2005 792 2055 fuerat,
810 2015 865 2055 ct,
888 1965 1162 2048 tumultuario
1184 2022 1309 2063 opere
1331 2017 1459 2063 ponte
1481 2023 1557 2064 per

157 2063 307 2106 Nilum
340 2064 463 2114 facto,
498 2073 776 2120 transgressus
809 2078 906 2104 cum
940 2064 1143 2113 exercitu,
1169 2064 1387 2106 obsidione
1423 2066 1555 2122 ipsam

156 2121 461 2164 Alexandriam
496 2121 703 2163 terrebat:
738 2136 817 2162 nec
850 2121 996 2178 procul
1029 2121 1185 2172 abesse,
1216 2122 1320 2178 quin
1352 2123 1558 2179 potiretur

155 2193 287 2236 regno
336 2178 668 2236 opulentissimo,
720 2178 950 2220 videbatur.
1042 2178 1106 2220 Ea
1154 2179 1280 2235 legati
1331 2190 1557 2236 querentes

155 2237 331 2278 orabant
351 2246 557 2285 senatum,
577 2245 624 2277 ut
645 2251 768 2292 opem
790 2251 922 2292 regno
943 2236 1197 2293 regibusque
1219 2237 1363 2278 amieis
1380 2237 1556 2294 imperio

156 2294 322 2336 ferrent.
387 2300 398 2318 ‘
417 2293 481 2335 Ea
513 2294 662 2335 merita
693 2293 838 2350 populi
873 2293 1056 2335 Romani
1089 2294 1132 2334 in
1156 2293 1434 2344 Antiochum,
1463 2310 1554 2336 earn

156 2351 299 2409 ‘apud
333 2367 481 2394 omnes
521 2366 640 2408 reges
679 2360 913 2407 gentesque
955 2351 1248 2393 auctoritatem
1285 2367 1388 2401 csse,
1427 2361 1486 2401 ut,
1523 2353 1556 2393 si

205 2491 214 2512 ι
242 2482 301 2512 ms
316 2482 506 2513 novendiale
521 2482 667 2518 sacrum]
698 2481 748 2511 Ita
765 2491 830 2511 cor·
921 2492 938 2518 4
963 2482 1184 2521 Dyrrachium
1201 2482 1348 2519 reiectos]
1371 2481 1422 2511 Ita
1440 2481 1555 2512 Manu-

157 2524 239 2555 rexit
257 2525 322 2555 Iac.
336 2523 521 2554 Gronovius
542 2533 598 2563 pro
621 2524 704 2561 vulg.
725 2525 831 2554 Vcicn-
878 2523 941 2553 tius
953 2524 1137 2554 emendavit
1154 2534 1210 2563 pro
1225 2524 1307 2563 vulg.
1320 2525 1444 2561 eiectos,
1456 2534 1554 2563 quum

157 2568 250 2598 libus.
268 2568 478 2598 Nouendiate.
530 2568 683 2597 Ceterum
717 2576 833 2596 nosen·
880 2566 959 2597 haec
995 2577 1054 2596 vox
1091 2567 1261 2606 naufragos
1296 2566 1467 2605 intelligat,
1500 2567 1556 2596 illu

157 2609 242 2640 diale
268 2619 392 2640 sacrum
426 2609 473 2638 bis
502 2609 610 2645 fiebat,
637 2608 763 2648 quoties
790 2609 832 2639 la-
879 2613 1000 2639 autem.
1024 2620 1066 2639 sc.
1086 2610 1229 2645 reiectos,
1245 2609 1372 2645 eodem,
1390 2609 1475 2639 unde
1495 2609 1555 2639 sol-

157 2651 287 2692 pidibus
309 2651 428 2692 pluisse
453 2651 553 2682 visum
578 2656 656 2682 erat.
682 2652 721 2682 cf.
746 2661 833 2691 supr.
880 2656 979 2688 verat,
995 2652 1129 2682 classem
1148 2651 1281 2682 relatam
1303 2651 1391 2682 velit.

157 2694 257 2726 xxvii.
274 2703 325 2733 37.
922 2702 939 2732 5
965 2695 1079 2725 Pridie
1096 2695 1175 2725 Idus
1188 2694 1337 2734 Apriles]
1363 2695 1476 2724 I'riaeln'c
1490 2695 1553 2724 Κα-

194 2747 211 2768 2
228 2737 424 2776 Asricmmx]
443 2747 484 2767 sc.
498 2737 687 2772 Pantheum,
699 2741 733 2766 ut
746 2740 833 2776 patet
878 2738 990 2767 lentius
1006 2746 1044 2767 cx
1063 2746 1133 2776 cap.
1153 2745 1201 2767 υ.
1218 2746 1305 2776 supr.
1321 2741 1353 2766 et
1370 2747 1408 2766 ex
1429 2737 1453 2767 1³
1457 2746 1556 2775 mgni.

157 2789 197 2811 ex
218 2779 301 2810 l’lin.
322 2779 365 2810 11.
385 2779 428 2810 N.
447 2779 508 2810 viii.
533 2788 577 2817 17.
602 2781 709 2810 Cum.
881 2780 989 2810 Actor.
1018 2779 1155 2809 correxit
1182 2779 1316 2819 Pighius
1345 2778 1376 2809 in
1404 2780 1489 2809 Anu.
1513 2779 1554 2808 ud

203 2831 220 2860 3
244 2823 390 2859 Lumine]
420 2822 457 2852 ln
480 2821 564 2852 ludin
578 2821 739 2851 exhibitos
755 2832 833 2852 esse.
884 2821 912 2852 U
929 2821 978 2853 .C.
997 2823 1068 2861 585.

162 2863 378 2903 Intelligenda
401 2864 526 2894 videtur
549 2864 676 2894 venatio
695 2865 780 2894 suem
802 2864 833 2895 iu
921 2863 941 2894 6
964 2865 1014 2893 Al,
1032 2865 1231 2901 Ptolemaeo]
1258 2874 1300 2894 nc.
1324 2863 1554 2897 Philometore,

158 2906 266 2942 Circo,
283 2907 330 2937 vel
358 2916 462 2945 'tumui
488 2906 660 2937 lwstiurum
687 2906 768 2938 inter
791 2918 833 2937 ue.
879 2906 933 2945 qui
965 2917 1102 2936 sororem
1137 2907 1346 2945 Cleopatram
1381 2906 1410 2934 in
1448 2903 1553 2933 mutri-

159 2948 266 2979 Cum.
880 2948 1023 2978 monium
1042 2949 1188 2979 ‹luxi-rut.

1571 303 1613 334 U.
1631 304 1669 336 C.
1691 305 1764 345 583.

1568 346 1606 376 Α.
1631 347 1670 379 C.
1697 347 1765 388 169.

1568 533 1732 566 Liuiorum

1567 576 1755 610 circensium

1566 620 1711 658 magnifl-

1566 662 1683 694 centia.

1635 817 1698 856 19.

1568 871 1612 903 U.
1629 872 1667 903 C.
1691 873 1764 912 584.

1566 914 1606 945 A.
1629 915 1668 946 C.
1695 915 1764 948 168.

1567 957 1604 987 L.
1623 957 1765 988 Aemilio

1567 1000 1615 1030 II.
1630 1000 1667 1031 C.
1683 1000 1767 1031 Lici-

1565 1042 1618 1073 nio
1634 1043 1723 1075 Coss,

1568 1329 1761 1361 Alexandri-

1567 1373 1599 1403 ni
1617 1373 1722 1412 legati.
