1888 3194
357 171 442 208 330
880 165 1236 208 EPILOGUS

358 257 501 298 Thom
541 255 646 313 (sive
689 255 882 310 Thumb)
922 254 1086 305 Probst,
1125 265 1192 297 et:
1244 255 1405 297 Hector
1445 254 1540 296 Von
1583 255 1751 297 Kotzan

358 312 709 355 Dom-Dechant.
761 312 1008 368 Sumptibus
1028 313 1179 354 horum
1197 313 1514 354 duumvirorum
1535 312 1631 354 libri
1651 327 1751 354 con—

358 371 473 421 tecti,
509 385 608 412 cura
642 369 842 411 laudabili
876 371 1028 411 servati
1063 375 1197 412 sunt3.
1261 370 1400 412 Natus
1435 378 1498 411 est
1533 369 1753 411 Johannes

361 427 691 484 Christophorus
723 426 1062 469 Neustaetterius
1090 443 1123 468 a.
1155 428 1344 470 MDLX
1362 427 1431 469 XI
1456 427 1521 469 ob.
1544 442 1579 468 a.
1602 426 1643 468 d.
1667 426 1750 468 IX.

358 485 476 526 Nov.
501 484 913 526 MDCXXXVIII.
975 484 1155 525 Patruus
1176 485 1215 525 ei
1235 485 1316 525 fuit
1336 484 1547 534 Erasmus,
1569 483 1753 524 literario

358 541 609 584 commercio
642 556 738 582 cum
768 541 866 581 viris
898 556 996 582 suae
1029 541 1176 582 aetatis
1208 541 1470 591 doctissimis,
1496 539 1752 589 camerario,

359 599 548 647 Posthio,
583 597 756 638 Modio4
783 597 962 638 iunctus.
1027 597 1147 639 Obiit
1180 597 1377 639 Erasmus
1405 614 1440 640 a.
1464 597 1504 639 d.
1531 597 1613 639 III.
1644 597 1750 639 Dec.

358 655 627 698 MDXCIV.
652 668 810 695 annum
831 662 953 694 natus
973 654 1327 718 septuagesimum
1349 655 1594 697 secundum.

415 712 715 766 Inscriptiones
755 710 956 750 librorum
997 710 1042 750 in
1080 710 1242 751 Codice
1281 710 1583 767 Bambergensi
1621 711 1754 753 literis

357 768 598 810 maiusculis
638 776 843 808 exaratae.
907 766 1025 807 Folia
1058 768 1195 822 prima
1229 776 1524 823 postremaque
1565 783 1590 809 a
1629 768 1754 810 tineis

357 841 515 882 peresa,
537 823 742 873 sordibus,
765 832 812 864 ut
832 838 958 879 supra
977 823 1080 874 dixi,
1103 824 1336 880 inquinata,
1359 832 1507 880 utpote
1535 824 1652 866 libris
1679 840 1755 880 per

357 883 531 938 longum
562 881 783 944 temporis
792 880 1059 921 intervallum
1090 881 1178 922 sine
1210 881 1327 922 cultu
1359 881 1603 923 iacentibus.
1667 881 1756 923 Re-

357 940 486 995 liqua,
509 953 642 993 eaque
674 937 857 978 maxima
888 952 981 993 pars
1012 938 1170 993 optime
1204 947 1460 989 conservata,
1480 938 1624 980 multis
1653 938 1756 980 locis

357 1011 453 1038 vere
476 995 620 1036 nitida.
685 993 962 1036 Membranae
988 995 1140 1051 passim
1166 995 1339 1045 lacerae,
1362 1010 1619 1061 quamquam
1640 1011 1756 1037 nexu

359 1052 558 1096 orationis
578 1067 665 1093 non
687 1051 933 1107 interrupto.
989 1052 1076 1093 Sub
1098 1052 1227 1093 finem
1250 1061 1415 1094 tantum
1435 1052 1531 1094 libri
1553 1052 1756 1109 trigesimi

357 1110 539 1167 septimi,
562 1117 605 1150 et
624 1124 700 1165 per
721 1117 854 1150 totum
885 1109 1038 1150 librum
1068 1109 1329 1165 trigesimum
1358 1118 1552 1152 octavum
1579 1110 1754 1151 lacunae

358 1166 602 1216 nonnullae,
624 1166 781 1207 ibidem
804 1165 959 1207 multae
981 1167 1260 1208 correctiones
1280 1167 1438 1209 obviae.

416 1224 566 1266 Altera
585 1238 681 1279 pars
702 1222 926 1264 voluminis
948 1223 1041 1278 (B.)
1061 1223 1169 1264 foliis
1194 1227 1273 1266 127
1296 1232 1470 1265 constat.
1530 1224 1595 1266 Ea
1613 1223 1753 1280 longe,

357 1290 405 1323 ut
445 1281 535 1322 dixi
577 1295 713 1336 supra,
756 1279 973 1321 deterioris
1015 1289 1140 1322 notae
1185 1289 1257 1322 est.
1324 1280 1454 1329 Quod
1496 1296 1550 1322 ne
1596 1290 1754 1323 temere

359 1339 514 1379 dixisse
547 1338 702 1387 videar,
735 1337 861 1378 huius
893 1336 989 1378 libri
1021 1338 1250 1393 specimina
1281 1353 1335 1379 ex
1365 1338 1481 1380 libris
1512 1339 1688 1382 XXIV.
1711 1346 1755 1380 et

359 1396 511 1438 XXX.
535 1403 717 1444 enotata,
739 1394 822 1437 huc
844 1394 1077 1436 describam
1095 1411 1166 1436 :—

1079 1529 1135 1560 des
1173 1529 1323 1560 Bischofs
1358 1529 1493 1560 berufen
1526 1529 1669 1561 wurde)
1713 1529 1755 1561 In

1078 1572 1193 1602 notula
1220 1570 1272 1610 K)
1297 1572 1359 1603 hoc
1385 1572 1572 1612 adjectum:
1607 1570 1755 1613 “(Eras-

1078 1623 1151 1644 mus
1177 1614 1211 1645 N
1215 1613 1386 1654 eustatter)
1412 1625 1475 1644 war
1501 1613 1687 1646 Canonicus
1715 1625 1756 1646 zu

1081 1656 1266 1696 Wiirzburg
1295 1657 1363 1688 und
1396 1656 1568 1696 Bamberg,
1602 1656 1756 1688 Dechant

403 1539 420 1569 3
445 1529 608 1560 Dixerunt
624 1529 664 1559 de
678 1532 774 1569 gente
792 1528 1035 1568 generosissima

360 1571 584 1602 Neust'atteria
607 1576 755 1602 auctores
778 1571 944 1608 librorum,
967 1571 1034 1610 qui-

356 1615 417 1644 bus
440 1614 474 1644 hi
497 1614 585 1644 tituli
610 1617 706 1644 sunt:
736 1613 964 1644 Geschlechts-
968 1614 1035 1644 und

359 1655 794 1695 Wappenbeschreibungen
817 1666 856 1685 zu
878 1655 951 1685 dem
970 1656 1035 1696 Ty-

357 1698 528 1729 roffischen
566 1698 684 1728 Neuen
721 1697 892 1728 adelichen
931 1698 1035 1738 Wap-

357 1741 520 1780 penwerk.
543 1739 598 1781 (12
612 1740 767 1772 fasciculi.
781 1740 928 1771 Norimb.
945 1740 1034 1779 1805.

358 1781 440 1823 4t0.)
451 1783 526 1814 fasc.
536 1782 634 1822 xii.{p.
647 1783 823 1822 370—380.
842 1783 881 1814 cf.
889 1782 1035 1813 Mainzer

358 1826 514 1863 Miinzen,
534 1825 710 1856 beschrieb.
733 1835 795 1855 von
818 1824 1033 1856 VViirdtwein.

359 1866 568 1909 (Mannhem.
589 1866 679 1908 1769.
696 1866 778 1908 4to.)
800 1877 830 1906 p.
853 1875 904 1908 97.
952 1867 1033 1897 Pro-

358 1911 421 1940 ben
443 1911 499 1940 des
519 1910 698 1941 deutschen
714 1910 927 1940 Reichsadels
944 1907 1034 1950 (auc—

359 1955 428 1983 tore
465 1952 588 1983 Salv.er
627 1951 798 1991 Herbipol.
838 1959 927 1990 1775.
962 1950 1034 1991 fol.)

360 2005 392 2033 p.
424 2004 496 2035 492.
543 1994 596 2024 De
632 1994 776 2023 Hectore
811 1992 973 2023 Kotzavio
1006 2003 1034 2025 v.

360 2037 481 2067 Salver.
498 2036 571 2066 libri
587 2035 710 2065 laudati
727 2045 758 2074 p.
776 2043 848 2074 502.
874 2034 964 2066 Obiit
979 2034 1036 2065 ille

363 2079 435 2109 Cal.
452 2078 588 2108 Januar.
602 2086 748 2108 MDCXIX.

404 2132 424 2158 4
458 2119 625 2150 Joachimi
663 2118 840 2149 Camerarii
878 2119 1038 2149 Pabeber-

359 2162 464 2201 gensis
506 2162 605 2192 vitam
649 2161 824 2191 memoriae
867 2161 1034 2191 mandavit

360 2204 545 2235 Bruckerus
587 2203 620 2233 in
666 2203 759 2240 libro,
797 2202 848 2233 cui
892 2202 1031 2233 titulus:

360 2245 596 2284 Ehrentetnpel
620 2245 677 2275 der
699 2245 875 2275 deutschen
898 2244 1033 2275 Gelehr-

360 2287 509 2319 samkeit.
548 2286 648 2327 (Aug.
682 2287 781 2317 Vind.
824 2294 912 2326 1747.
950 2286 1033 2326 4t0.)

360 2341 391 2370 p.
418 2330 468 2370 89.
493 2339 560 2368 sqq.
605 2328 731 2359 Posthii
761 2328 826 2359 vita
851 2329 891 2358 ab
919 2329 1032 2359 eodem

360 2371 541 2411 conscripta
557 2370 672 2410 legitur
688 2381 718 2410 p.
733 2370 783 2409 65.
800 2370 855 2400 ubi
871 2370 954 2400 inter
968 2371 1033 2401 alia

360 2415 441 2445 haec
456 2416 643 2443 narrantur:
668 2414 690 2429 “
703 2413 798 2443 Scine
815 2411 956 2453 (Posthii
973 2411 1032 2453 sc.)

359 2455 577 2495 “gliickliche
611 2455 873 2485 Gelehrsamkeit
904 2455 1034 2485 machte

360 2498 427 2528 ihm
455 2498 559 2528 01110111
589 2497 808 2528 Fr'ankischen
836 2497 1033 2535 Edelmann,

363 2541 534 2571 Erasmum
560 2539 762 2577 Neust'atter,
780 2543 922 2579 genannt
944 2539 1033 2570 Stur-

361 2592 441 2618 mer,
471 2582 565 2612 einen
601 2592 729 2620 grossen
758 2581 949 2612 Befo’rderer
977 2582 1033 2612 der

362 2623 623 2655 Gelehrsamkeit
648 2634 721 2654 zum
740 2624 916 2660 Patronen,
933 2623 1033 2654 durch

361 2667 473 2696 dessen
506 2665 710 2704 Anpreisung
741 2676 782 2695 an
815 2666 888 2695 dem
918 2666 1032 2695 Wiirz-

361 2708 550 2748 burgischen
568 2707 656 2738 Hofe
677 2718 711 2738 er
730 2718 802 2738 zum
825 2707 1033 2738 Leibmedico

1080 1698 1136 1729 des
1167 1699 1271 1730 Stiffts
1301 1699 1478 1739 001111111Γὲ,
1509 1709 1567 1730 aus
1599 1699 1756 1730 welchem

1080 1741 1187 1771 Adam
1211 1739 1261 1781 (in
1283 1741 1337 1773 vit.
1357 1741 1474 1773 medie.
1497 1751 1528 1781 p.
1546 1740 1634 1781 336.)
1658 1751 1756 1781 unge-

1077 1777 1174 1814 reimt
1218 1784 1348 1824 Coburg
1391 1783 1542 1823 gemacht
1585 1784 1652 1815 hat.
1709 1783 1757 1814 Er

1077 1826 1220 1865 gedenkt
1241 1826 1345 1856 seiner
1365 1826 1439 1856 sehr
1461 1826 1508 1856 oft
1531 1825 1591 1856 mit
1610 1825 1756 1864 Ruhme,

1078 1868 1168 1898 und'
1159 1878 1193 1898 111
1209 1868 1265 1899 (101
1281 1868 1459 1899 Zuschrifft
1474 1867 1577 1899 seiner
1593 1868 1757 1899 Gedichte

1078 1911 1225 1950 gestehet
1241 1921 1287 1948 or,
1304 1921 1339 1941 er
1352 1910 1436 1941 habe
1451 1910 1520 1940 ihm
1535 1910 1627 1947 alles,
1642 1919 1706 1940 was
1721 1919 1756 1940 er

1079 1962 1154 1992 seye
1194 1953 1260 1983 und
1296 1952 1398 1990 wisse,
1434 1963 1474 1982 zu
1511 1952 1652 1982 danken.
1708 1951 1755 1983 Es

1079 1993 1235 2030 scheinet‚
1250 1995 1322 2024 dass
1343 2004 1377 2024 er
1397 1994 1480 2024 noch
1497 1993 1621 2031 vorher,
1637 1993 1698 2024 ehe
1720 2004 1755 2025 er

1079 2046 1137 2066 aus
1152 2036 1298 2066 fremden
1312 2035 1463 2065 L'andern
1478 2036 1685 2074 gekommen,
1696 2036 1754 2067 ihn

1080 2078 1141 2108 mit
1161 2077 1324 2117 Beyhiilfe
1344 2080 1538 2108 unterstiitzt
1557 2077 1653 2117 habe,
1667 2078 1754 2109 denn

1082 2129 1116 2150 er
1131 2119 1272 2150 schreibt
1285 2131 1292 2150 ι

1077 2202 1098 2217 “
1113 2201 1213 2237 Quod
1234 2201 1447 2239 Rhodanum,
1463 2205 1495 2232 et
1511 2201 1655 2234 Tiberim
1675 2201 1754 2242 vidi,

1206 2253 1401 2283 camposque
1416 2245 1550 2281 feraces,

1121 2285 1214 2321 Quos
1223 2286 1330 2333 ‘refluo
1346 2286 1470 2317 Scaldis
1489 2286 1635 2327 turgidus
1653 2297 1752 2319 amne

1078 2332 1467 2410 Quodqffegixlziehaonias
1483 2374 1586 2402 tracto
1601 2371 1690 2402 haud
1703 2370 1752 2402 in-

1204 2412 1324 2452 glorius
1339 2416 1434 2450 artes,

1121 2454 1248 2494 Lingua
1270 2455 1450 2495 peregrinos
1467 2456 1553 2495 quod
1568 2465 1641 2487 mea
1656 2455 1753 2487 docta

1077 2507 1319 2570 Munerifisoxecsge
1345 2538 1404 2576 tui,
1431 2539 1594 2571 Sturmere
1620 2540 1750 2580 amplis-

1207 2580 1298 2618 sime,
1313 2584 1444 2617 norunt,

1122 2622 1191 2659 Qui
1209 2622 1353 2652 Tiberim
1374 2626 1406 2653 et
1427 2623 1570 2660 Scaldin,
1586 2624 1640 2664 qui
1660 2624 1749 2655 Rho-

1206 2665 1393 2704 danumque
1408 2664 1558 2696 bibunt.''
