1888 3194
325 178 408 216 314
839 173 989 216 ΤΙΤΙ
1030 174 1208 217 LIVII

326 271 338 291 ‘
353 265 504 322 panico
525 271 670 306 contra
693 263 934 306 Sertorium.
1001 265 1099 314 Qua
1117 265 1171 307 de
1199 279 1244 306 re
1266 279 1398 321 quum
1427 263 1605 320 amplius
1629 278 1717 305 non

327 330 339 348 ‘
354 322 636 364 dubitandum
671 322 792 364 nobis
831 323 1057 373 videretur,
1092 322 1370 379 processimus
1405 322 1459 363 ad
1492 321 1718 378 fragmenti

327 387 340 406 ‘
356 380 483 422 totius
503 379 768 421 collationem
790 395 887 422 cum
908 379 1138 436 exemplari
1163 380 1273 437 typis
1293 394 1430 436 nuper
1449 379 1578 428 edito,
1600 377 1719 434 quod

327 444 340 462 ‘
356 453 409 479 ex
430 437 749 479 membranaceo
776 437 831 478 ad
858 452 1045 493 unguem
1066 437 1322 493 descriptum
1347 436 1599 478 omnimodis
1619 449 1719 477 cum

329 502 340 520 ‘
356 510 406 536 eo
427 495 651 536 convenire
673 502 886 544 testamur,
904 494 1123 535 laudantes
1144 494 1456 550 integerrimam
1472 493 1615 543 fidem,
1634 507 1719 548 qua

328 553 400 593 ‘in
435 552 573 593 lucem
605 551 751 592 datum
787 559 862 601 est,
896 566 1028 606 quum
1063 566 1117 592 ne
1153 552 1314 607 apicem
1346 551 1518 607 quidem
1553 550 1606 591 de
1642 564 1718 591 suo

328 609 555 651 ‘adiecisse
590 608 829 649 noverimus
864 608 1193 649 accuratissimos
1224 608 1346 658 viros,
1380 616 1471 649 tum
1504 608 1578 664 qui
1612 606 1720 648 illud

330 666 678 722 ‘descripserunt,
711 673 801 705 tum
827 664 900 720 qui
930 664 1090 720 publici
1119 665 1221 705 iuris
1244 665 1357 715 fecit,
1380 665 1453 706 ubi
1482 680 1570 706 non
1598 664 1720 706 licuit

328 724 565 780 ‘fugientes
600 722 867 763 membranae
902 721 1042 762 literas
1077 721 1328 771 discernere,
1362 730 1434 762 aut
1468 722 1540 762 ubi
1575 735 1720 763 revera

327 789 336 806 ‘
353 781 507 821 desunt
540 779 667 819 verba
701 793 749 819 ac
783 793 952 819 sensus:
999 793 1106 834 quae
1143 777 1318 819 lacunae
1355 779 1504 819 iterata
1538 787 1719 834 apteque

327 845 339 863 ⁶
355 837 578 878 distributa
597 844 852 891 punctorum
879 835 983 876 serie
1009 835 1053 875 in
1079 834 1194 876 edito
1216 835 1446 891 exemplari
1466 834 1718 878 indicantur.

327 894 414 935 ‘Et
444 893 542 934 ideo
574 907 720 933 eorum
752 892 991 948 improbum
1025 891 1210 947 quidem,
1245 892 1319 933 sed
1354 891 1502 933 utilem
1534 891 1722 934 laborem

328 960 339 977 ‘
355 959 481 1007 atque
503 949 802 1005 integritatem,
824 949 1040 991 neminem
1060 949 1147 991 fore
1177 949 1441 999 confidimus,
1465 949 1539 1005 qui
1560 948 1720 991 meritis

327 1008 548 1050 ‘laudibus
568 1022 654 1049 non
674 1015 963 1063 prosequatur.
1030 1006 1159 1055 Quod
1186 1007 1317 1048 nostri
1345 1006 1551 1048 examinis
1571 1015 1615 1048 et
1635 1006 1722 1048 col-

327 1065 521 1108 ‘lationis
551 1064 840 1106 testimonium
870 1064 1065 1106 dedimus
1094 1063 1175 1105 III.
1210 1064 1358 1106 Nonas
1389 1063 1559 1121 Apriles
1590 1063 1721 1106 Anno

327 1132 338 1150 ‘
359 1123 463 1166 CIO
475 1122 535 1165 ID
549 1121 851 1164 CCLXXIII.

386 1188 398 1206 ‘
415 1181 469 1223 D.
489 1181 642 1222 Petrus
659 1179 859 1236 Aloysius
883 1178 1060 1220 Galletti
1083 1179 1302 1221 Romanus
1326 1178 1499 1221 Ordinis
1523 1179 1564 1221 S.
1581 1178 1721 1221 Bene-

444 1245 456 1263 ‘
471 1238 575 1279 dicti
598 1236 951 1293 Congregationis
975 1235 1230 1287 Casinensis‚
1250 1236 1394 1278 Abbas
1422 1236 1462 1278 S.
1483 1236 1644 1278 Mariae
1667 1236 1721 1279 de

443 1302 455 1320 ‘
471 1295 605 1336 Fonte
626 1294 734 1344 vivo,
757 1294 801 1334 in
824 1293 1087 1335 Bibliotheca
1104 1294 1312 1337 Vaticana
1333 1294 1525 1350 Linguae
1542 1293 1719 1336 Latinae

443 1359 454 1377 ‘
468 1353 655 1408 scriptor.

388 1409 618 1466 ‘Iosephus
651 1408 850 1465 Aloysius
884 1408 1137 1450 Amadesius
1177 1408 1420 1451 Praefectus
1458 1408 1641 1450 Archivo
1676 1408 1717 1451 S.

445 1474 455 1492 ⁶
473 1466 733 1509 Ravennatis
756 1465 995 1507 Ecclesiae.'
