1888 3194
406 149 489 188 498
691 145 1044 188 VARIETAS
1089 146 1525 189 LECTIONUM

412 234 672 288 Cornelium]
707 235 958 276 Cornelium.
978 234 1158 275 —Ibid.
1185 236 1270 276 sibi
1302 236 1494 276 meritum
1526 232 1800 289 triumphum]

405 292 574 333 sibimet
614 293 882 347 triumphum.
900 317 958 322 —
974 291 1087 333 Ibid.
1127 293 1326 333 honorem
1367 290 1634 344 immeritum]
1675 291 1805 331 liono-

406 363 507 390 r.em
524 373 582 377 —
597 348 710 389 Ibid.
746 355 786 390 et
828 349 904 390 Cn.
933 349 1164 404 Ligurium
1204 349 1390 405 legionis
1424 347 1626 404 quartae]
1669 352 1711 388 et
1752 346 1802 389 C.

406 405 649 447 Labeonem
679 407 772 447 eius
787 406 995 460 sr.atrem
1013 405 1195 460 ——Cap.
1218 408 1287 447 23.
1314 405 1550 462 exemptos]
1583 409 1804 469 exceptos.

406 485 463 492 —
483 462 595 503 Ibid.
619 469 660 503 et
683 463 953 517 quingentos]
979 463 1247 527 quingentos.
1267 485 1320 493 —·
1339 463 1451 503 Ibid.
1477 462 1638 527 dupleoe
1666 460 1804 515 equiti

408 519 744 574 centurionique]
776 520 937 574 dupleoe
964 520 1112 573 equiti,
1143 519 1305 574 triplex
1337 519 1587 560 centurioni.
1612 542 1667 548 —-
1687 517 1801 558 Ibid.

407 575 566 629 idem]
561 577 688 617 'itenu
707 575 887 628 —Cap.
918 575 987 616 24.
1024 575 1080 615 ab
1115 590 1219 629 rege
1256 576 1376 616 Phili
1374 575 1484 630 ppo]
1522 576 1577 616 ab
1611 589 1804 630 rega—-

407 632 520 673 Ibid.
564 632 707 685 datus]
759 632 946 672 habitus.
964 655 1017 661 —
1033 607 1257 672 Ibi<1.⁶Ibz'
1303 633 1422 672 haud
1464 631 1616 685 multa]
1663 631 1808 672 Haud

406 690 552 730 multa.
571 713 630 718 ——
645 688 758 729 Ibid.
784 687 1080 742 quodcunque]
1103 701 1401 742 quaecumque.
1419 713 1476 719 —
1490 688 1596 742 Cap.
1620 689 1690 729 25.
1713 686 1801 728 Μ’.

405 745 594 797 Acilius]
633 743 1017 785 Acilius.·—Ibid.
1055 749 1096 785 et
1137 745 1184 784 C.
1216 744 1416 798 Laelius]
1461 744 1508 786 C.
1535 745 1805 785 Laelius.—

405 802 517 842 Ibid.
542 807 582 841 et
603 802 656 841 de
677 799 877 855 argento]
900 801 978 842 Ea:
1001 807 1196 856 argento.
1212 825 1268 832 -—
1284 800 1396 843 Ibid.
1420 800 1666 854 tendebant]
1683 806 1805 856 pete-

406 859 520 899 bant.
540 883 598 887 —
615 858 725 899 Ibid.
753 858 905 898 multos
934 857 1140 912 illustres]
1173 859 1384 899 inlustres.
1399 857 1581 899 —Ibid.
1603 857 1801 911 relatum]

405 916 549 956 latum.
567 939 624 945 ——-
641 914 752 955 Ibid.
775 913 885 954 duas
913 915 1114 964 urbanas,
1145 916 1268 964 duas,
1298 915 1423 969 quae]
1457 916 1577 965 duas,
1607 929 1729 969 quae.
1746 938 1806 945 —

407 972 513 1026 Cap.
537 973 605 1013 26.
631 978 670 1012 et
690 971 867 1024 socium]
890 972 1064 1012 socium.
1082 995 1137 1001 -
1154 972 1266 1012 Ibid.
1289 972 1425 1027 iique]
1448 972 1586 1026 hique.
1608 995 1668 1001 -—
1687 971 1802 1013 Ibid.

405 1029 496 1070 sine
529 1027 634 1082 ullo]
671 1027 996 1069 nulla—Ibid.
1034 1028 1084 1069 P.
1111 1029 1263 1071 Villius
1298 1044 1428 1084 eques
1463 1027 1702 1083 Romanus]
1745 1029 1801 1069 L.

405 1086 546 1127 Iulius
586 1085 843 1141 Sequestris.
867 1110 916 1116 —
935 1085 1048 1126 Ibid.
1084 1086 1415 1139 decucurrisset]
1454 1086 1724 1127 clecurrisset.
1745 1109 1804 1116 —

407 1142 518 1184 Ibid.
562 1143 660 1183 inde
700 1141 922 1196 Germalo]
966 1142 1203 1184 Intemelio.
1227 1166 1283 1173 —
1305 1142 1412 1197 Cap.
1448 1143 1516 1183 27.
1560 1141 1801 1197 denarium]

405 1201 619 1240 denarios.
640 1199 823 1240 -Ibid.
857 1205 897 1239 et
929 1199 1202 1255 quingentos]
1235 1205 1277 1241 et
1311 1200 1562 1255 quingentos
1595 1200 1804 1254 quinqua-

401 1258 543 1311 ginta.
559 1281 618 1286 ——
633 1256 741 1296 Ibid.
761 1255 921 1309 intulit]
946 1256 1056 1297 tulit.
1072 1281 1129 1286 --
1143 1256 1254 1297 Ibid.
1273 1257 1456 1297 Elatiae
1485 1257 1533 1297 T.
1554 1255 1800 1309 Quinctius]

406 1313 588 1354 Athenis
631 1313 1073 1358 Quinctius—Ibid.
1110 1314 1279 1369 legatos
1315 1314 1491 1368 gratias
1524 1319 1704 1369 agentes
1739 1312 1799 1368 ei]

402 1371 580 1425 gratias
601 1376 791 1425 agentes.
811 1393 865 1399 —
883 1369 994 1410 Ibid.
1017 1371 1203 1425 perinde
1230 1376 1360 1425 atque
1384 1370 1439 1410 ab
1461 1370 1556 1424 ipso
1578 1371 1634 1410 iis
1655 1376 1697 1411 et
1717 1384 1800 1410 non

405 1443 433 1467 a
460 1427 660 1472 Quinctio
683 1433 724 1467 et
745 1426 952 1467 Romanis
974 1427 1019 1466 id
1038 1428 1179 1467 datum
1202 1426 1333 1478 esset]
1352 1427 1539 1481 perinde
1562 1432 1693 1482 atque
1713 1426 1802 1481 ipsi

406 1484 455 1524 id
473 1499 500 1524 a
527 1484 729 1529 Quinctio
751 1491 793 1523 et
814 1483 1025 1523 Romanis
1046 1484 1191 1524 datum
1212 1489 1331 1524 esset.
1348 1506 1403 1512 ——
1418 1482 1524 1535 Cap.
1548 1483 1614 1524 28.
1638 1484 1681 1525 in
1694 1497 1802 1538 pro-

397 1540 583 1595 pinquo]
601 1540 864 1595 propinqua.
884 1563 938 1569 —
957 1539 1066 1580 Ibid.
1088 1541 1198 1581 velut
1219 1555 1274 1580 ex
1296 1546 1394 1581 ante
1414 1540 1586 1590 indicto,
1603 1546 1680 1581 aut
1701 1554 1802 1581 voce

396 1596 653 1651 praeconis]
681 1597 791 1637 velut
812 1602 1011 1637 exstante
1032 1597 1207 1645 indicio,
1230 1598 1291 1637 ad
1317 1612 1458 1638 vocem
1483 1597 1728 1652 praeconis.
1743 1621 1802 1627 ——

405 1654 517 1695 Ibid.
549 1660 591 1695 et
619 1654 832 1694 constanti
863 1653 1021 1708 animo]
1058 1655 1268 1695 consimili
1295 1654 1448 1695 animo.
1465 1677 1516 1684 --
1533 1654 1644 1695 Ibid.
1668 1669 1800 1709 argu-

404 1710 636 1764 mentatur]
660 1717 995 1766 argumentatus
1014 1734 1070 1740 -—
1086 1710 1195 1752 Ibid.
1218 1712 1257 1752 si
1281 1712 1364 1752 sibi
1391 1711 1586 1752 conscius
1606 1710 1734 1765 esset]
1762 1711 1801 1751 si

405 1769 598 1809 conscius
638 1774 762 1808 esset.
782 1791 837 1798 —-
852 1768 962 1808 Ibid.
1005 1769 1302 1809 mentionemve
1342 1768 1434 1809 eius
1474 1767 1638 1822 caedis]
1689 1782 1801 1809 men-

405 1826 612 1866 tionemve
634 1826 790 1866 caedis.
805 1851 857 1856 ———
876 1825 984 1866 Ibid.
1008 1825 1274 1880 impudenter
1295 1826 1461 1866 obviam
1478 1826 1611 1865 eundo
1633 1824 1800 1865 crimini

404 1883 689 1947 suspicionem
727 1881 884 1935 izv-eni]
926 1882 1094 1923 obviam
1134 1883 1269 1923 eundo
1309 1883 1575 1937 impudenter
1609 1881 1800 1922 criminis

405 1940 688 1993 suspicionem
738 1941 891 1980 averti.
915 1963 970 1970 -
992 1939 1105 1980 Ibid.
1158 1954 1283 1994 quum
1331 1940 1420 1980 scir
1422 1945 1491 1979 ent
1538 1939 1626 1993 ipsi
1674 1938 1798 1987 nihil,

405 1997 605 2050 opinione
632 1997 811 2037 omnium
835 2011 921 2051 pro
951 1996 1110 2036 indicio
1143 1996 1225 2049 usi]
1256 2011 1379 2050 quum
1408 1996 1567 2036 scirent
1593 1995 1680 2049 ipsi
1706 1995 1800 2050 opi-

406 2054 567 2093 nionem
590 2054 783 2103 omnium,
805 2068 857 2094 ea
875 2068 963 2108 pro
985 2053 1145 2093 indicio
1167 2053 1246 2093 usi.
1265 2076 1321 2083 -
1338 2052 1447 2093 Ibid.
1471 2051 1628 2105 iussus]
1657 2052 1796 2093 iussit.

405 2132 461 2140 —-
476 2109 586 2150 Ibid.
609 2111 771 2163 statim]
795 2110 890 2151 sibi.
910 2133 965 2139 —
982 2110 1091 2150 Ibid.
1116 2110 1281 2150 tradit:
1312 2115 1354 2149 et
1380 2108 1550 2162 adiicit]
1584 2108 1798 2150 tradidit:

405 2172 445 2206 et
460 2167 631 2208 adiecit.
647 2190 703 2196 —-
717 2167 826 2207 Ibid.
842 2165 1154 2221 perlectisque]
1175 2166 1402 2206 Perlectis.
1416 2188 1471 2194 -—-
1484 2165 1597 2205 Ibid.
1616 2165 1796 2220 refugit,

406 2229 448 2263 et
480 2224 540 2262 ad
570 2224 852 2277 magistratus
882 2223 1085 2263 indicium
1116 2221 1272 2276 desert]
1310 2222 1682 2277 refugit.-—Ibid.
1706 2221 1800 2264 An-

406 2278 642 2331 thedonem]
689 2278 1091 2320 Athenas—Ibid.
1143 2279 1346 2334 aliisque]
1397 2280 1586 2334 aliquae.
1608 2301 1665 2309 —-
1686 2279 1795 2334 Cap.

405 2336 474 2376 29.
498 2336 785 2376 Romanorum
801 2354 816 2383 ,·
848 2337 1080 2384 credentes,
1104 2350 1186 2375 non
1205 2336 1296 2376 sine
1318 2337 1497 2377 consilio
1518 2336 1797 2391 imperatoris

405 2391 610 2445 Romani]
646 2392 948 2432 Romanorum.
967 2416 1023 2423 —
1038 2392 1148 2432 Ibid.
1187 2393 1299 2433 alios
1338 2393 1381 2433 in
1421 2393 1641 2448 hospitiis]
1684 2393 1797 2434 alios

404 2449 610 2503 hospites.
628 2473 683 2478 ——
701 2448 812 2490 Ibid.
847 2449 901 2489 ab
933 2448 1254 2503 insidiantibus]
1287 2449 1597 2490 insidiantibus.
1613 2449 1794 2491 —Ibid.

406 2506 597 2558 deducti]
641 2506 804 2546 devecti
845 2507 1112 2559 deductique.
1128 2532 1184 2537 —
1200 2506 1310 2547 Ibid.
1353 2507 1409 2546 ab
1449 2505 1566 2559 odio]
1613 2506 1723 2547 odio.
1739 2532 1795 2538 —

409 2562 517 2603 Ibid.
547 2562 760 2617 facinora
782 2562 971 2616 fiebant]
1023 2578 1074 2603 ea
1104 2563 1321 2617 facinora
1345 2563 1595 2617 faciebant.
1610 2562 1792 2604 *Ibid.

405 2620 625 2660 Plurimae
647 2620 800 2659 caedes
820 2620 938 2660 circa
967 2619 1200 2673 Copaidem
1223 2620 1424 2674 paludem
1449 2618 1661 2672 inventae]
1692 2620 1796 2661 Plu-

404 2676 502 2716 rimi
540 2676 712 2730 pedites
751 2676 866 2716 circa
913 2677 1144 2731 Copiadem
1184 2677 1385 2730 paludem
1423 2676 1595 2717 inventi.
1610 2676 1791 2718 —Ibid.

403 2732 562 2785 socios]
591 2732 930 2773 sociis—Ibid.
963 2733 1047 2788 Ap.
1078 2732 1278 2785 Claudio]
1314 2732 1367 2773 P.
1390 2732 1588 2775 Claudio.
1606 2732 1792 2775 -Ibid.

405 2791 499 2845 ipse
528 2804 618 2829 cum
642 2788 792 2844 parte]
826 2804 916 2829 cum
940 2789 1281 2843 parte.—Ibid.
1305 2789 1586 2844 circumsidit]
1618 2791 1796 2831 circum-

404 2845 722 2889 sedit—Ibid.
753 2845 855 2901 qua]
889 2846 1222 2901 qucmz.—lbid.
1255 2846 1464 2902 completa
1494 2847 1650 2902 essent]
1684 2861 1794 2889 com-
